2678 5016
249 243 395 341 rm*
610 277 869 349 mmmm

289 464 513 560 Nnm'queron
536 478 690 542 exstructa
711 477 790 559 quod
818 477 932 543 vexerit
952 476 1020 560 ipse
1044 481 1147 547 cerina

289 583 404 659 vellere
426 598 514 645 sacra
536 579 614 645 meis
636 586 809 664 sperantem
833 585 970 647 avertere
991 583 1078 663 locis,

292 688 431 771 qnodque
452 685 554 768 pelam
567 686 679 750 tutata
701 688 803 751 viros?
851 687 901 752 Sic
922 690 1024 763 cetere
1045 695 1163 776 perget,

290 794 317 860 si
338 794 430 858 velet.
721 857 725 862 .

308 899 376 964 Non
393 958 395 963 .
410 899 513 983 potest
533 898 618 963 Mers
652 916 764 981 negare
797 916 830 963 se
851 899 883 963 id
907 901 1003 982 queri,
1025 899 1105 983 quod
1127 901 1178 965 vei
1201 921 1268 967 ma-

204 1005 285 1069 xime
315 1005 458 1087 queritur.
493 1004 711 1069 ‚Scribendnm
743 1005 807 1081 est,
839 1004 961 1069 sublata
992 1006 1247 1090 interrogationes

406 1109 498 1171 Nunc
520 1127 637 1192 queror,

207 1215 256 1279 cui
277 1214 441 1296 respondet
462 1214 539 1280 iliud
560 1215 604 1276 sic
625 1223 721 1276 cetera
737 1224 862 1298 pocynu
896 1215 983 1296 plura
1014 1234 1085 1281 mor
1107 1215 1268 1282 Palladem

207 1319 394 1386 moliturum·
408 1339 475 1386 esse
497 1320 616 1403 sibique
638 1319 792 1402 querende
813 1319 877 1384 iore
899 1320 1060 1404 significet.

305 1425 371 1491 lbd.
396 1425 454 1487 671
480 1426 544 1502 (nbi
568 1424 704 1491 Palladis
725 1443 902 1508 responsum
924 1425 1056 1502 finitum:

158 1552 159 1555 ¹
286 1531 347 1595 Fes
373 1529 482 1613 eliqnae
504 1534 646 1615 nequent.
688 1529 740 1595 Sic
760 1530 882 1594 femina.
926 1529 1068 1614 Ceperat
1089 1532 1201 1618 ardens

284 1636 334 1701 hic
356 1635 471 1701 iterum
491 1636 618 1704 alternis
640 1635 762 1701 Mavors
784 1635 943 1718 insurgere
964 1636 1062 1702 dictis.

286 1741 406 1823 Excipit
429 1741 501 1806 hinc
524 1745 629 1809 contro
649 1744 746 1825 peter,
768 1743 840 1807 cett.

307 1846 455 1911 AEstuent
489 1847 622 1913 editores
656 1849 688 1913 in
720 1848 827 1930 primis
860 1847 971 1924 verbis,
1005 1866 1072 1930 quae
1104 1866 1179 1912 sune
1212 1849 1267 1914 ab·

204 1952 328 2019 surdum
351 1952 463 2021 hubent
485 1955 686 2030 sententiam
719 1948 797 2017 iliud
827 1969 885 2016 non
908 1952 1165 2030 animadvertunt,
1194 1973 1265 2037 pcr-

203 2057 381 2123 rersissime
412 2059 533 2141 pectem
566 2059 667 2149 ipsum
699 2059 744 2124 sic
785 2057 889 2131 induci
920 2058 957 2122 de
989 2057 1048 2122 dee
1067 2058 1265 2141 loquentem:

206 2161 262 2226 Sic
276 2162 408 2248 femina.
453 2163 517 2243 Quo
540 2165 752 2231 animadverso
790 2183 859 2230 cum
892 2163 1078 2248 apparuerit,
1099 2164 1174 2229 haec
1189 2184 1266 2249 qno·

203 2289 262 2352 quc
296 2269 355 2334 duo
388 2269 481 2333 verbe
512 2270 649 2335 Palladis
686 2287 763 2346 esse,
800 2270 932 2334 exoritur
966 2269 1084 2333 clarum
1119 2270 1178 2336 toti
1201 2271 1265 2336 loco

205 2375 319 2441 lumen.
364 2374 536 2456 Scripserat
558 2376 640 2441 euim
666 2377 770 2457 poete:
922 2460 925 2467 Ι

421 2480 493 2541 Mus
518 2479 628 2562 uliquae
650 2481 793 2563 nequeat,
815 2479 843 2541 si
862 2478 991 2553 femina!

306 2585 441 2668 AEquum
464 2583 604 2649 Minerva
626 2586 747 2661 censet,
779 2585 806 2649 ei
837 2584 902 2649 dcae
935 2603 994 2649 non
1016 2585 1120 2650 omniu
1142 2585 1266 2650 efficere

201 2691 331 2772 possint,
354 2710 420 2756 esse
443 2691 548 2767 etium,
585 2709 651 2773 quae
674 2690 705 2754 di
728 2690 848 2755 efficere
870 2693 1033 2772 nequeunt,
1055 2691 1214 2774 utiturque
1234 2692 1266 2755 in

201 2795 258 2861 hec
293 2798 449 2862 sententia
485 2795 615 2880 propriis
649 2816 775 2862 seruum
807 2796 986 2861 nominibus.
1043 2794 1125 2860 Nom
1153 2796 1267 2882 utiquc

206 2905 315 2966 neutro
348 2920 461 2986 genere
492 2919 600 2966 ausum
635 2921 703 2968 esse
725 2902 881 2967 Valerium
914 2901 1012 2966 dicere
1034 2903 1109 2984 puto
1131 2920 1187 2966 nec
1208 2900 1267 2963 cii-

204 3006 279 3092 quid
300 3006 462 3072 substituo.
508 3007 544 3070 V.
568 3005 629 3069 673
651 3006 730 3069 icccc
752 3026 806 3091 pro
830 3005 899 3069 hinc
920 3005 1094 3091 ponendum
1117 3008 1200 3090 puto.

261 3103 264 3109 ’
305 3111 372 3176 Lib.
397 3112 450 3191 Vl,
474 3111 533 3175 285
558 3103 714 3179 Gesander
737 3132 790 3177 rer
811 3113 938 3196 lazyges
960 3112 1116 3177 hortetur:

160 3264 170 3275 .
292 3218 358 3283 Ant
374 3237 495 3284 mecum
517 3218 664 3299 medium,
686 3219 823 3293 iuvenes,
845 3217 936 3300 agite,
958 3216 1001 3280 ite
1022 3236 1077 3300 per
1098 3217 1207 3283 urbem

291 3316 528 3407 Argolicamque
550 3341 678 3387 menum
699 3322 754 3386 unt
775 3323 854 3387 curis
875 3321 1047 3387 occumbite
1069 3324 1161 3388 nutis.

301 3428 463 3493 Postrema
484 3429 577 3493 verbe
605 3429 689 3492 recte
720 3427 895 3492 emendavit
916 3427 1057 3492 Carrion:
1101 3439 1155 3490 aut
1175 3428 1268 3491 claris

201 3535 366 3599 occumbite
395 3522 482 3618 sard.
535 3533 571 3598 In
595 3532 746 3616 prioribus
779 3532 852 3614 qnid
869 3599 871 3602 ,
888 3536 969 3598 esset
1004 3533 1087 3609 vitii,
1120 3533 1268 3599 Heinsius

201 3641 311 3723 sensit,
355 3639 410 3705 sed
445 3639 592 3704 violenter
630 3637 779 3702 mutando
818 3637 982 3703 aberravit.
1039 3638 1147 3722 Neque
1184 3639 1267 3703 enim

202 3747 302 3830 agitur
324 3745 361 3809 de
384 3745 459 3809 urbe
470 3744 555 3809 AEaeu
577 3743 728 3820 intranda,
750 3743 829 3826 quod
851 3761 913 3808 nen
935 3745 1020 3808 recte
1042 3743 1269 3826 significaretur

201 3852 302 3916 verbis
331 3852 370 3911 ire
392 3860 457 3932 'per
479 3850 595 3924 urbem,
619 3866 717 3930 neque
739 3850 810 3931 epte
832 3848 1025 3932 coniungitur
1046 3849 1120 3914 urbs
1142 3850 1269 3934 Argoli-

201 3975 296 4038 caque
319 3973 439 4026 manus,
462 3955 549 4037 quusi
571 3954 636 4018 haec
658 3972 719 4017 nna
742 3953 849 4017 urbem
874 3953 1033 4029 defendut;
1055 3954 1215 4037 perrumpi
1237 3960 1270 4021 et
