2678 5018
273 281 314 344 m
628 276 888 347 mmmm

276 482 369 547 PAR.
404 480 473 553 Ere,
496 478 607 543 licetne
628 478 705 543 seire
726 496 762 543 ex
783 478 814 541 te
836 474 935 550 hodie,
968 475 1040 559 qnid
1061 475 1112 551 sit,
1128 477 1207 560 quod
1228 477 1288 553 feei

1092 584 1186 649 boni?

276 696 340 758 Aut
361 692 434 775 quid
454 692 534 756 istue
557 692 614 767 est,
638 687 716 771 quod
737 704 790 754 nos
812 687 924 771 agitis?
967 687 1064 751 PAM.
1110 689 1181 755 Non
1202 691 1287 757 lieet.

821 793 915 858 PAR.
961 793 1078 859 Tamen
1100 799 1244 879 suspioor.

276 906 342 989 Ego
364 905 444 968 hune
464 903 502 966 ab
523 920 593 966 oreo
613 902 787 965 mortuom?
808 918 865 982 qno
887 903 1001 981 paeto?

336 1011 443 1093 Neque
477 1007 592 1090 ellipsis
628 1007 658 1071 in
690 1026 717 1069 v.
740 1005 800 1068 875
822 1006 933 1088 placet,
957 1009 988 1070 et
1007 1007 1084 1072 illud
1104 1008 1206 1090 ipsum
1228 1031 1288 1092 pao

228 1125 322 1202 paeto
357 1113 500 1187 ostendit,
534 1112 669 1177 nondum
701 1111 862 1195 quiequam
884 1112 1107 1191 Parmenonem
1129 1115 1286 1196 suspicari.

236 1223 348 1288 Postea
369 1221 492 1285 demum
527 1223 567 1296 (v.
590 1219 664 1296 877)
685 1218 877 1301 impudenter
898 1236 931 1282 se
963 1219 1038 1283 seire
1069 1220 1121 1284 ait
1164 1219 1288 1297 Nee,si

235 1326 449 1408 suspicaretur,
485 1323 696 1406 interrogaret,
728 1344 802 1389 num
829 1323 901 1407 quid
932 1324 1037 1408 magni
1058 1325 1180 1390 fecisset
1201 1325 1288 1409 (Epo

235 1430 313 1494 tune
336 1480 342 1496 .
366 1480 373 1496 .
398 1480 405 1494 .
426 1423 622 1510 mortuomi).
651 1429 747 1495 Valde
768 1431 913 1514 suspicor,
926 1417 1101 1496 Terentium
1113 1431 1287 1513 reliquisse:

866 1536 983 1600 Tamen
1004 1537 1112 1599 saraim

431 1642 496 1726 Ego
519 1642 599 1706 hone
621 1642 659 1706 ab
681 1660 750 1706 oreo
772 1644 932 1707 mortuom.

332 1749 425 1813 Videt
445 1748 594 1812 Parmeno
615 1765 650 1811 er
673 1750 841 1812 ceterorum
864 1765 985 1843 summa
1005 1749 1124 1826 laetitia,
1146 1769 1179 1815 se
1194 1751 1288 1818 Pam-

233 1856 316 1940 philo
336 1856 525 1938 insperatum
547 1854 659 1918 bonum
682 1855 714 1918 et
735 1854 866 1918 salutem
888 1855 1043 1932 attulisse;
1066 1874 1124 1937 qno
1146 1859 1236 1938 paeto
1256 1857 1289 1922 id

233 1961 348 2039 feeerit,
370 1959 487 2044 quaerit.

334 2065 468 2153 Adelph.
491 2066 560 2140 278,
584 2064 720 2143 279111,
751 2068 781 2142 4,
806 2066 854 2140 14,
884 2066 943 2136 15).
967 2066 1154 2148 ,Postquam
1184 2067 1287 2150 Syrus,

236 2173 397 2240 Sannionis
419 2172 537 2237 lenonis
559 2175 590 2236 et
612 2171 769 2236 creditoris
793 2172 957 2237 amoliendi
978 2172 1115 2255 cupidus,
1138 2172 1229 2238 dixit:

301 2280 430 2354 Eamns3
453 2295 582 2361 namque
604 2277 653 2342 hie
675 2276 810 2353 (Sannio)
832 2279 973 2361 properat
992 2278 1024 2342 in
1046 2277 1197 2363 Cyprom3

237 2385 359 2459 Sannio,
405 2385 488 2449 abire
530 2384 645 2457 nolens,
683 2386 846 2467 antequam
881 2403 931 2449 res
971 2384 1007 2448 de
1044 2387 1170 2467 argento
1216 2403 1288 2449 eon·

234 2491 315 2557 fecta
338 2491 389 2569 sit,
412 2493 444 2555 et
454 2489 522 2574 Syri
538 2489 741 2554 festinationis
763 2508 886 2555 eausam
902 2486 1087 2574 intelligens,
1108 2491 1287 2573 respondet:

854 2595 901 2659 Ne
924 2596 989 2660 tem
1011 2596 1154 2678 quidem:

368 2701 515 2779 Quamuis
537 2701 630 2765 etiam
652 2719 760 2766 maneo
781 2703 896 2768 otiosus
917 2702 977 2766 hie.
1117 2735 1129 2762 e

335 2808 370 2870 ln
409 2806 457 2871 his
500 2807 599 2873 verbis
632 2826 728 2890 neque
771 2808 970 2892 rae-qnidam
1001 2809 1150 2874 rationem
1186 2809 1289 2887 habet,

236 2930 333 2995 neque
357 2913 496 2997 quomod
518 2913 667 2996 quomodo
689 2914 818 2993 dicatur,
840 2913 972 2997 expediri
993 2915 1101 2997 potest.
1148 2913 1290 2980 Scriben-

237 3020 310 3084 dum
332 3022 379 3085 est
401 3020 562 3103 aptissima
582 3018 748 3085 sententia:

832 3125 905 3188 Non
927 3129 992 3191 tam
1015 3127 1147 3209 quidem,

436 3253 528 3316 mam
549 3232 610 3308 aim
635 3231 727 3296 etiam
750 3250 858 3297 maneo
881 3234 993 3299 otiosos
1018 3233 1074 3297 hio.

338 3337 439 3401 Facile
473 3335 671 3419 intelligitur,
708 3339 858 3420 quomodo
893 3359 930 3400 oe
969 3341 1040 3403 ante
1076 3338 1197 3422 paidom
1235 3356 1291 3402 na-

236 3445 301 3507 tum
324 3442 374 3507 sit.

334 3546 400 3613 Ibd.
423 3546 574 3626 313(111,
597 3549 626 3624 2,
651 3549 718 3630 lilz
1336 3636 1337 3639 Ἴ

284 3651 366 3716 Satis
386 3652 463 3716 mihi
484 3652 516 3717 id
539 3654 670 3718 habeam
692 3657 832 3739 supplici,
855 3657 928 3721 dum
949 3656 1019 3721 illos
1040 3655 1170 3720 uleisear
1190 3655 1292 3736 modo.¹
1336 3667 1338 3674 “

337 3756 381 3821 Ut
402 3776 506 3824 versus
550 3761 686 3833 (iambici
722 3763 879 3842 octonarii)
922 3782 1096 3827 mensuram
1139 3762 1290 3846 expleant,

238 3863 354 3928 addunt
374 3886 439 3928 meo
463 3872 541 3945 (meo
562 3868 683 3946 modo);
713 3870 871 3933 sententie
892 3869 1075 3952 pravitatem
1097 3888 1158 3933 non
1180 3867 1293 3933 tollunt

237 3973 291 4034 aut
311 3972 530 4056 tautologiam
556 3973 631 4056 quid
653 3976 701 4039 est
722 3975 805 4040 enim
835 3976 928 4054 aliud,
951 3977 1026 4042 satis
1049 3996 1146 4059 poenee
1168 3975 1291 4054 habere,

236 4078 263 4143 si
285 4097 416 4162 poenam,
439 4097 531 4161 qnam
553 4079 640 4155 velis,
663 4081 825 4164 imponas?
846 4081 879 4147 Si
899 4085 1002 4150 temen
1024 4084 1089 4149 hae
1110 4082 1204 4151 verba
1218 4081 1293 4144 rata

278 4405 298 4451 1.
