2662 5062
240 282 303 347 442
598 278 892 351 ιιιιιιιοιμιιι.

200 481 227 546 Β
257 479 286 546 G
314 476 557 560 editionibusque
588 478 661 542 ante
682 475 873 553 Fickertum)
906 480 961 541 aui
994 476 1099 560 potius
1127 476 1159 540 in
1179 473 1247 538 nobis

201 585 395 653 mutandum.
439 581 600 661 Quidem
623 584 816 665 inIlprauo
836 581 903 646 loco
924 583 1063 665 ponitur;
1083 582 1253 648 iuBceie·
1315 655 1316 671 χ

201 693 304 775 risque
335 693 498 755 cair-uec
526 688 798 772 cogitantibus
830 686 1000 771 quidem
1042 692 1163 754 rectum
1193 687 1277 753 eritz'
1315 677 1316 680 ’

201 817 246 860 ae
289 794 558 881 cogitantibus
595 795 756 877 quidem.
816 794 876 860 Sed
917 812 954 859 eo
985 796 1089 879 magis
1121 793 1259 877 quietis

203 921 269 969 nec
297 900 507 985 agentibus
546 900 756 983 coniungenda
775 904 863 966 sunt:
897 900 963 964 ubi
990 900 1100 963 nobie
1123 899 1261 984 quietis

202 1006 516 1091 peragentibus,
538 1025 581 1068 na
603 1005 1262 1089 cogitantibusquidemquicquau

202 1117 346 1181 fulmen
367 1110 598 1177 intervenit
655 1111 685 1194 (ᾗ
718 1113 740 1172 4
766 1130 820 1194 pro
851 1111 1198 1189 (deliberantibus)
1219 1113 1262 1175 ab

204 1221 285 1305 quod
312 1218 385 1284 ferri
416 1215 532 1298 nequit,
554 1216 728 1299 superiores
750 1219 803 1291 at,
825 1235 881 1302 ego
903 1227 956 1280 oet
975 1223 1165 1300 posueruut)

303 1323 369 1389 lbd.
391 1320 442 1393 42,
466 1320 502 1384 32
547 1320 644 1400 Quid
678 1323 917 1405 ergosecuti
948 1325 1056 1397 sunt,
1090 1342 1173 1389 cum
1194 1323 1265 1386 baec

205 1429 403 1496 dicerent?
445 1426 501 1491 Ad
537 1427 773 1493 coercendos
806 1427 1085 1511 imperitorum
1122 1429 1266 1493 animos

204 1531 497 1618 sapientissimi
546 1533 625 1597 uiri
667 1531 952 1599 iudicauerunt
992 1532 1265 1599 inevitabilem

204 1644 358 1715 metum,
395 1641 436 1703 ut
463 1637 611 1721 aliquid
643 1657 758 1720 supra
786 1657 852 1704 nos
881 1640 1118 1704 timeremus.
1165 1637 1266 1721 Inepte

203 1748 269 1812 hac
301 1745 502 1810 concurrunt:
546 1746 706 1815 metum,
748 1745 790 1808 ut
826 1743 1067 1811 timeremus.
1115 1741 1266 1810 Codexll

205 1853 344 1917 matum
377 1850 489 1914 babere
522 1848 642 1914 dicitur.
696 1849 814 1916 Debuit
845 1850 986 1916 librarius
1019 1850 1156 1916 scribere
1189 1852 1267 1915 ine·

204 1954 374 2021 vitabile
395 1953 554 2031 modom,
575 1958 617 2019 ni
637 1957 696 2021 cet.
743 1956 825 2021 Nam
847 1975 902 2038 per
922 1975 957 2022 ae
977 1957 1096 2022 malum
1118 1957 1188 2022 erat
1209 1957 1268 2020 haec

204 2060 395 2144 superstitio,
417 2059 473 2124 sed
494 2060 700 2126 necessarium
724 2062 853 2128 maioris
875 2061 919 2126 roi
940 2064 1079 2142 causa¹l

304 2163 526 2242 susurro,
562 2165 596 2230 a:
630 2185 702 2232 non
736 2166 881 2233 corioro
902 2151 1086 2249 spiritua
1119 2168 1186 2232 seu
1210 2184 1267 2249 per

204 2271 291 2337 dies
321 2273 528 2354 noctesque
560 2273 762 2355 aqualiter
790 2271 904 2348 fluit,
937 2290 1005 2337 nec
1037 2273 1079 2337 nt
1108 2272 1268 2338 flumina

204 2380 309 2442 certo
346 2376 455 2441 alueo
487 2375 682 2451 seruntur,
719 2378 788 2443 sed
810 2398 875 2461 per
897 2381 1048 2444 vastum
1077 2378 1164 2443 cali
1185 2396 1267 2460 spu·

204 2483 297 2548 tium
341 2481 422 2547 lato
464 2483 612 2564 impetu
655 2482 775 2547 uadit.
818 2485 884 2548 Aut
914 2483 1041 2548 fertur
1074 2483 1268 2549 scribendum

205 2607 276 2653 cum
308 2586 513 2671 superioribus
547 2586 731 2654 editionibus
755 2594 851 2667 (uec,
883 2593 923 2654 ut
950 2589 1002 2665 fl,
1034 2607 1062 2654 c.
1083 2607 1112 2653 a
1135 2590 1268 2665 lertnrl

223 2871 244 2940 ¹)
272 2872 309 3017 {ct
325 2886 348 2926 c.
362 2871 415 3017 tid,
441 2874 456 2927 l
476 2871 699 3020 (impsstrsstutr
716 2874 752 3019 4og
774 2874 1083 3033 zropfogaftturtw
1102 2872 1270 2976 impetre-

292 2979 361 3018 ure
392 2979 621 3032 prorogeunr
661 2980 674 3017 e
752 3003 758 3027 ‚
836 2980 914 3019 insu
956 2979 1270 3032 anrumprcrnvr-

273 3054 436 3121 tontiuml
458 3055 606 3110 ‘manifesti
642 3055 741 3110 codicis
771 3055 794 3108 ll
822 3072 923 3111 errores
954 3056 1078 3111 Fickerto
1112 3057 1140 3110 et
1170 3051 1269 3109 Hassio

272 3146 361 3203 bandi
374 3146 491 3202 luerunt
511 3147 576 3219 Osp.
588 3150 620 3205 51
635 3150 706 3203 recte
720 3147 862 3204 llicbaelis
878 3146 961 3204 scribi
979 3147 1080 3203 voluit:
1099 3148 1269 3216 tauquam,

272 3244 382 3293 iterum
412 3237 523 3293 eodem
552 3254 636 3294 nnnc
667 3239 757 3294 idem
783 3239 914 3295 bomini
943 3241 1100 3295 luturuun
1129 3239 1270 3302 dulmen,

271 3330 359 3402 quod
384 3331 510 3386 iscium
531 3331 596 3395 sit,
624 3329 682 3386 cod.
701 3330 830 3386 Vossiani
849 3333 1005 3388 testimonio
1032 3333 1145 3402 (prater
1168 3329 1271 3398 (duell.)

272 3425 453 3481 initorum
479 3439 552 3482 usus.
588 3423 619 3480 C.
645 3427 688 3490 59.
712 3425 730 3480 4
754 3425 927 3494 scripseram:
969 3425 1050 3485 dlis
1078 3424 1139 3494 (pro
1165 3423 1269 3487 talia)

270 3516 365 3572 varia
394 3515 558 3587 [fortuna]
591 3515 781 3573 formidine
811 3514 991 3586 disponit;
1027 3531 1115 3570 mors
1152 3530 1269 3569 omncs

273 3624 362 3679 aque
379 3611 489 3674 uocat,
516 3607 624 3663 oculum
643 3609 750 3665 librarii
768 3609 798 3663 iu
822 3608 926 3680 syllabs
952 3607 1005 3663 ior
1022 3606 1065 3662 bis
1082 3606 1173 3677 posits
1192 3605 1269 3661 aber·

270 3717 342 3757 rasse
362 3703 473 3770 putaus;
501 3700 637 3771 Hauptiua
655 3700 694 3767 (ΙΙ
713 3717 739 3771 p.
759 3704 802 3768 18)
821 3702 944 3771 scripsit:
982 3700 1064 3755 ulia
1081 3700 1178 3754 varic
1196 3698 1269 3754 fors

270 3793 393 3848 ordine
420 3790 592 3861 disponit3
623 3793 727 3848 ordinis
756 3794 832 3849 notio
858 3793 928 3848 mibi
951 3792 1041 3848 minus
1064 3795 1130 3862 apta
1152 3788 1268 3856 videtur,

270 3885 374 3941 Deinde
400 3900 432 3939 ex
458 3885 636 3940 corruitur
659 3889 750 3940 utrum
774 3884 993 3955 confligitur
1015 3885 1107 3956 (Hpt.)
1132 3901 1168 3939 un
1186 3900 1268 3939 oon·

269 3978 423 4033 curritur
449 3976 602 4032 iaciendum
623 3978 675 4041 sit,
703 3977 814 4034 difficile
844 3981 886 4034 cst
909 3977 1051 4034 decorum
1074 3994 1123 4033 nec
1149 3977 1268 4033 multum

268 4068 359 4122 refert.
