2662 5046
253 180 314 244 264
422 174 429 187 ’
604 174 665 232 bib.
676 176 739 233 vn.
758 175 824 246 Cap.
831 176 883 232 111.

211 398 305 462 quum
327 395 363 442 ex
384 376 527 441 ulteriore
541 375 703 458 Hispania,
727 394 823 458 quarn
843 374 939 440 Varro
963 374 1132 452 obtinebat,
1157 398 1294 461 prorsus

211 483 296 549 nulla
318 483 429 547 auxilia
449 480 613 546 Afranium
645 485 686 550 et.
699 480 860 546 Petreium
881 480 1026 562 babuisse
1048 483 1191 564 putaret,
1223 487 1287 552 im-

212 587 379 671 prudenter
400 587 431 652 et
451 586 599 652 uiolenter
620 586 750 661 delendo
771 587 931 670 grassatus
944 587 1002 664 eat,
1024 587 1150 663 oblitus,
1188 591 1215 656 si
1240 592 1291 658 sie

210 693 312 759 Oaesar
344 691 528 775 arripuisset,
561 693 597 756 ιιι
624 693 691 775 ipse
723 693 791 758 vult
814 694 1016 773 (praetereu
1048 695 1211 760 soutatra
1244 704 1285 764 et

210 802 367 865 cetrutae
390 798 569 863 eohortes
591 797 752 863 oiroiter
774 797 905 861 LXXX
926 798 1179 882 equitumque
1202 802 1281 867 oir-

209 906 307 971 oiter
339 904 503 989 quinque
540 903 689 979 millia),
719 903 837 967 nemini
863 903 895 967 in
925 905 1063 971 mentem
1090 907 1196 972 venire
1223 927 1281 991 po-

79 1077 83 1085 ,
208 1013 306 1084 tuisse
328 1009 494 1093 quiequam
515 1007 554 1073 de
575 1007 739 1105 prouinciis
769 1007 891 1074 addere.
950 1007 1025 1088 Quia
1046 1011 1088 1075 sit
1117 1031 1212 1088 error,
1248 1019 1282 1080 et

206 1117 274 1200 ipso
308 1117 469 1182 uerborum
509 1113 609 1178 forme
640 1113 774 1179 ostendit
807 1112 1023 1192 (ulterioris
1064 1115 1299 1200 Hispaniae,-

208 1223 260 1288 nbi
291 1221 393 1288 caesor
425 1221 547 1285 tantum
579 1218 784 1284 ulterioris
818 1219 982 1302 posuisset)
1012 1220 1044 1284 et
1074 1239 1135 1288 res.
1194 1224 1282 1290 Nam

211 1346 282 1393 eum
304 1325 406 1392 Caesar
418 1324 591 1389 'Afranium
615 1327 647 1390 et
668 1325 825 1391 Petreium
847 1327 1003 1390 narrasset
1022 1326 1181 1407 peditatus
1203 1348 1281 1396 anr-

212 1434 266 1501 ilia
287 1452 324 1497 er
344 1450 401 1497 suu
421 1433 543 1496 tuntum
568 1429 724 1512 prouincia
750 1430 915 1509 (citeriora)
936 1431 1091 1507 habuisse,
1120 1434 1284 1516 equitatus.

208 1542 302 1605 etiam
341 1557 377 1603 er
416 1536 578 1612 ulteriore,
621 1535 792 1621 peditatum
831 1537 936 1601 autem
973 1555 1127 1602 armorum
1165 1557 1284 1622 genere·

209 1645 401 1711 distinxisset
421 1640 739 1725 itaque-scripsisset:¹
766 1644 952 1723 praterea
981 1646 1146 1708 scutatae
1173 1647 1281 1712 uite*

209 1747 571 1831 riorisprovinoise
615 1743 652 1811 et
695 1748 854 1811 eetrutae
892 1747 1069 1814 eohortes
1095 1751 1283 1821 uincitur·

208 1853 339 1920 LXXX
361 1853 612 1936 equitumque
643 1852 846 1936 utriusque
875 1855 1085 1944 provincie
1114 1857 1281 1925 eiroiter·

208 1962 236 2026 V
257 1961 382 2036 milia,
403 1958 546 2024 librarius
566 1957 686 2041 aliquis,
717 1958 875 2052 utriusqus
895 1960 1058 2041 provincia
1080 1963 1112 2026 in
1134 1966 1274 2047 equitatu

209 2065 366 2132 mantione
380 2065 561 2141 commotus,
575 2063 748 2146 peditatum
759 2081 877 2147 quoqne
888 2067 924 2130 ιιι
934 2067 1038 2142 armis,
1052 2067 1097 2131 ita
1108 2071 1273 2150 provinciis

209 2171 376 2237 discretum
387 2169 517 2251 putauit,
539 2169 747 2252 deceptusque
758 2170 851 2234 etium
863 2169 969 2235 ordine
982 2171 1143 2238 uerborum
1154 2175 1275 2240 addidit

208 2277 285 2345 illud
297 2274 721 2357 ulterioriaHispaniae.
738 2275 957 2357 Panlopostin
973 2277 1062 2343 bino
1076 2277 1279 2346 tatetnume·

207 2402 259 2448 rua
308 2381 446 2464 optimi
489 2379 662 2464 generis⁴
697 2379 900 2445 hominum.
955 2384 1038 2449 Ante
1092 2385 1274 2452 audierat

62 2526 78 2558 ι
208 2487 297 2571 ptura
330 2485 479 2552 excidisse
504 2489 536 2551 et
560 2505 607 2563 ea,
640 2505 707 2568 quar
743 2489 917 2568 supersunt,
947 2488 988 2552 ad
1008 2488 1179 2556 Varronem
1203 2510 1282 2574 per·-

208 2591 306 2656 tiuere
333 2590 399 2672 ipse
422 2609 541 2674 quoqne
561 2593 790 2657 annotaveram.

306 2695 374 2761 lbd.
397 2695 454 2759 45:
498 2696 716 2781 Praeruptna
751 2697 862 2762 loeus
898 2701 998 2779 erat,
1023 2703 1198 2786 utraque
1232 2723 1273 2770 er

207 2803 318 2885 parte
333 2801 524 2876 derectus,
541 2805 749 2868 astantum
770 2802 807 2866 in
824 2801 1077 2870 latitudinem
1100 2810 1273 2890 patebat

205 2909 249 2972 ιιι
270 2908 328 2972 oet.
371 2905 517 2988 Suspicor
538 2906 690 2974 Caesarem
713 2907 887 2990 scripsisse:
921 2907 1044 2975 Locus
1065 2915 1151 2977 erat
1171 2916 1283 2980 utram

206 3031 275 3096 que
299 3032 340 3078 er
360 3014 469 3094 parte
492 3012 670 3096 derectus
692 3015 752 3079 oet.
789 3012 839 3076 Ad
861 3011 1042 3080 dereotus
1057 3017 1282 3100 explicandum-

205 3117 394 3199 adscriptum
426 3121 645 3200 praeruptus
686 3117 878 3184 inoommodo
914 3120 998 3186 loeo,
1026 3120 1059 3184 in
1102 3125 1274 3191 orationem

204 3223 372 3306 irrepsit.¹)

206 3494 228 3561 ¹)
259 3477 365 3549 Certius
383 3495 426 3546 est
445 3511 467 3546 e.
486 3498 519 3550 dt
534 3495 704 3550 scribendum
723 3512 787 3562 esse,
807 3500 840 3550 nt
853 3497 1026 3553 Hotomanus
1047 3499 1176 3556 volebat:
1196 3518 1283 3557 oum.

273 3586 382 3641 serris
409 3588 615 3657 libertisque,
649 3605 701 3643 non
729 3587 936 3660 liberisque.
982 3590 1052 3646 Nam
1089 3592 1161 3661 qnod
1189 3596 1275 3650 τέκνα

228 3737 230 3739 ,
272 3681 493 3750 interpretantur,
522 3682 639 3760 primurn
659 3681 746 3738 Cesar
772 3699 858 3753 naqne
890 3685 947 3737 tam
974 3682 1101 3754 ambigue
1119 3687 1276 3756 scripsisset

271 3776 299 3826 et
316 3776 387 3827 certa
404 3772 504 3828 liberos
521 3775 604 3829 serris
623 3775 820 3846 proposuisset.
869 3775 922 3831 Sed
954 3778 1061 3831 omnino
1081 3778 1110 3831 in
1128 3780 1181 3834 boe
1200 3797 1286 3835 eom-¹¹

270 3866 359 3918 meatu
378 3865 590 3935 sagittariorum,
617 3868 748 3936 equitum,
779 3868 1037 3938 impedimentorum
1065 3872 1100 3926 ad
1125 3875 1280 3932 uomitum

270 3957 392 4010 euntium
410 3956 480 4011 nibil
501 3961 543 4013 est
560 3958 614 4013 looi
632 3957 741 4014 feminis
761 3961 895 4029 puerisve.
