2626 5070
266 286 327 350 338
629 281 892 353 naevnnomrn

220 495 321 567 'penca
345 481 421 546 scite
444 480 476 543 et
498 477 659 563 ingeniose
682 482 854 564 corrigeret,
879 482 910 544 in
932 481 1039 545 multis
1064 483 1217 545 aberravit
1234 499 1278 543 an·

225 590 331 654 dacter
353 588 384 649 et
397 587 514 649 temere
530 585 697 661 mutando;
720 604 791 650 nam
814 588 896 669 quod
918 587 1017 652 multa
1038 605 1098 651 non
1111 587 1272 650 succedente
1308 654 1310 671 ἰ

224 693 424 766 correctione,
459 690 602 772 quaedam
640 691 715 757 vitio
748 711 805 756 non
839 693 1053 757 animadverso
1087 693 1209 774 reliquit
1233 692 1268 754 in·
1306 676 1310 712 Ξ

224 800 319 875 tacta,
343 816 379 862 oa
400 814 461 861 uon
482 796 678 879 reprehensio
699 801 757 874 est,
779 799 832 863 sed
855 800 1027 862 communis
1050 798 1174 868 edendi,
1204 814 1264 877 pne

223 905 328 970 sertim
354 902 442 987 plura
463 901 612 975 celeriter,
636 903 768 969 tortum.
827 903 975 986 Idemque
1007 904 1094 968 rideo
1123 901 1259 967 16661611-

223 1011 303 1075 cium
341 1028 409 1074 esso
446 1007 505 1073 riri
540 1010 799 1089 praestantissimi,
833 1010 874 1072 M.
904 1010 1041 1091 Hauptii,
1083 1011 1133 1092 qui
1164 1009 1260 1074 Seneca

222 1116 338 1181 multos
360 1115 444 1180 locos
464 1114 613 1180 tractavit
644 1118 677 1178 et
705 1116 866 1197 plerosque
895 1115 1008 1198 ingenii
1030 1116 1060 1180 vi
1083 1116 1259 1195 doctrinaeque

223 1221 318 1304 copiis
359 1238 432 1284 usus
474 1236 543 1283 rere
590 1219 766 1285 emendavit
800 1222 917 1285 «luobus
956 1220 1068 1285 libellis
1105 1219 1259 1287 academicis

223 1326 475 1392 Beroliuensibus
509 1328 550 1404 (a.
576 1323 657 1387 1864
689 1325 847 1402 611866),
881 1345 955 1408 quos
988 1327 1080 1400 mibi,
1111 1347 1178 1391 oum
1198 1326 1259 1408 prins

222 1433 330 1497 horum
369 1414 614 1496 adversariorum
660 1430 800 1495 volumen
846 1432 984 1504 ederem,
1028 1433 1147 1515 ignotos
1188 1432 1258 1495 luisse

221 1536 358 1612 doleo.¹)
407 1535 477 1599 Non
500 1553 615 1619 panea,
648 1535 818 1626 dequibus
841 1537 976 1602 dicturus
999 1556 1094 1612 emm,
1127 1534 1260 1620 occupavit

221 1642 377 1725 Hauptius
409 1641 576 1723 eodemque
609 1641 699 1706 modo
727 1642 870 1715 currerim
904 1662 940 1706 ea
970 1643 1099 1707 subinde
1125 1646 1155 1708 in
1181 1648 1259 1707 trans·

220 1769 309 1834 cursu
338 1748 489 1813 annotabo
519 1748 552 1812 et
580 1765 731 1812 consensu
763 1749 828 1830 ipso
861 1749 950 1812 laetus
983 1751 1030 1819 et,
1067 1751 1092 1821 si
1121 1768 1197 1832 opus
1218 1749 1259 1810 est

107 1859 113 1864 ’
220 1853 459 1918 confirmationis
482 1871 585 1918 causa.
640 1844 762 1932 (1166611
785 1857 996 1919 annotationes
1021 1856 1141 1920 criticas
1164 1857 1192 1919 in
1211 1852 1259 1916 libr.

219 1958 258 2023 ad
280 1958 427 2023 Marciam
453 1957 534 2021 1853
557 1958 656 2024 editas
677 1958 789 2029 habui;
823 1979 899 2042 quae
924 1962 995 2024 ante
1023 1960 1060 2024 de
1089 1980 1140 2025 ser
1168 1955 1260 2023 libellis

219 2063 325 2134 edidit,
347 2082 406 2128 non
430 2063 517 2141 vidi.)

318 2170 472 2235 Minorum
497 2168 620 2234 Seneoae
648 2169 794 2235 librorum
822 2169 896 2247 Xll,
930 2191 1005 2254 quos
1035 2191 1117 2237 nnuc
1144 2171 1265 2236 codicum

218 2276 395 2342 auctoritati
416 2277 521 2341 eontra
543 2275 693 2341 rationem
726 2279 869 2357 parentes
899 2278 1035 2360 dialogos
1056 2270 1267 2343 *inscribuntd

216 2382 309 2447 ooder
339 2382 428 2465 longe
461 2383 598 2448 omnium
632 2382 772 2466 princeps
800 2382 1022 2448 Ambrosianus
1055 2386 1104 2448 est
1133 2378 1270 2446 Mediola-

218 2488 322 2551 nensis
345 2483 438 2571 (apud
461 2482 638 2549 Fickertum
660 2487 699 2560 A,
734 2505 793 2568 que
816 2493 888 2554 nota
911 2491 976 2572 ipsa
998 2468 1094 2566 stul]
1120 2488 1221 2554 seculi.
1241 2489 1272 2550 ut

217 2594 338 2675 putant,
361 2591 406 2656 IX
428 2589 566 2656 exeuntis
589 2594 644 2656 eut
664 2591 694 2655 X
716 2592 865 2668 ineuntis,
899 2614 917 2658 a
943 2614 1000 2676 quo
1023 2596 1269 2677 quemadmodum

215 2699 312 2763 ceteri
334 2697 490 2781 pendeant
511 2696 688 2779 sensimque
710 2697 884 2774 deflectant,
907 2700 966 2764 etsi
986 2700 1018 2762 in
1041 2703 1149 2782 quavis
1171 2702 1273 2785 pagina

215 2803 345 2887 perspici
372 2806 486 2885 potest,
519 2807 624 2868 temen
643 2804 761 2885 paucis
789 2805 971 2887 quibusdam
998 2807 1147 2888 exemplis
1169 2827 1186 2871 6
1207 2808 1274 2871 duo

216 2911 274 2976 bus
295 2908 408 2973 libellis
431 2908 620 2984 monstrabo,
645 2927 680 2973 eo
701 2910 953 2977 luculentioribus
969 2912 1275 2988 etmaniiestioribus,

216 3116 413 3125 ffl

236 3257 257 3325 ¹)
288 3256 388 3312 Statim
406 3256 450 3312 lnic
468 3272 575 3326 ponem,
594 3273 653 3326 qnae
672 3258 742 3327 pilli
758 3258 837 3328 inep.
857 3263 900 3322 21,
919 3263 949 3322 9,
969 3276 994 3329 p.
1013 3263 1048 3317 33
1067 3263 1095 3316 in
1115 3279 1156 3331 ep.
1176 3267 1219 3328 91,
1238 3267 1277 3324 11,

288 3364 315 3417 p.
335 3347 416 3404 3916
436 3351 529 3418 quaest
549 3350 640 3404 natur.
659 3348 720 3412 VII,
747 3353 795 3411 80,
815 3353 999 3414 demandavi,
1019 3370 1063 3408 ees
1082 3357 1279 3410 emendationes

286 3443 349 3495 ente
368 3440 401 3494 ab
420 3439 541 3510 Hauptio
560 3440 648 3496 editas
666 3440 756 3497 fuisse

232 3533 256 3599 ¹)
285 3533 360 3599 Quod
371 3537 432 3601 post
440 3533 597 3590 Fickertum
609 3531 724 3588 Hemina
735 3535 822 3606 (praei.
834 3536 888 3591 vol.
908 3538 923 3592 1
941 3553 966 3606 p.
983 3537 1032 3601 111)
1049 3539 1177 3593 Senecam
1187 3537 1281 3593 scribit

283 3627 373 3695 ipsum
382 3624 511 3682 debenei.
522 3626 553 3687 V,
570 3629 609 3685 19,
628 3626 742 3682 8111666
760 3628 793 3683 (16
807 3629 944 3683 beneficiis
956 3632 1015 3699 (qui
1033 3631 1062 3685 in
1075 3631 1213 3686 codicibus
1222 3631 1281 3686 dirs-

191 3789 199 3804 ·
285 3716 408 3790 logornm
419 3734 515 3773 nomen
533 3734 586 3773 non
611 3719 721 3787 hebent)
741 3720 861 3788 dialogos
880 3723 1037 3791 appellasse,
1056 3725 1124 3778 mire
1139 3723 1282 3779 falluntur.

286 3810 460 3882 Dialogorum
479 3811 691 3874 altercationem,
720 3830 799 3882 qnam
822 3814 922 3869 Seneca
945 3832 973 3870 se
999 3817 1053 3871 iam
1081 3830 1211 3885 66666666
1234 3817 1283 3880 ait,

288 3904 426 3972 perspicue
454 3920 511 3958 eam
540 3905 614 3964 dicit.
644 3921 702 3974 quae
729 3907 849 3976 proxime
875 3908 951 3970 (inde
979 3925 1072 3978 ecep.
1091 3911 1136 3974 18)
1154 3907 1286 3977 praedit

288 3995 362 4048 inter
380 3997 468 4064 ipsum
489 3999 517 4050 et
535 3997 754 4053 interlocutorem
782 3999 853 4066 ficta,
871 3999 942 4055 nibil
960 3999 994 4055 ad
1012 4000 1143 4055 librorum
1161 4000 1286 4071 appella·

173 4152 175 4157 ,
284 4086 386 4141 tionem
405 4089 549 4155 pertinens.
