2580 5054
234 284 275 345 M
606 277 848 346 mewa

193 495 264 554 τοῖς
297 473 415 555 αότοῑς
448 473 612 568 σῖχχέλοις,
645 478 768 544 additur
800 497 818 541 a
849 476 1010 561 plerisque
1044 470 1217 562 loyooorantt

194 603 291 663 σοῖσι,
321 588 442 667 deinde,
473 587 555 671 quod
585 586 733 652 orationis
763 588 794 650 et
821 586 980 650 minarum
1009 585 1106 649 forma
1124 603 1161 654 ea,
1178 600 1235 664 qu·
1276 604 1284 645 r

194 694 368 770 subiicitur,
397 693 622 762 Themistocles
644 691 727 756 nullo
748 691 840 757 modo
855 691 938 772 apud
953 709 1062 775 regem
1075 691 1117 755 nti
1130 692 1185 771 pote
1206 690 1238 776 t

194 820 249 883 pro
281 804 425 884 βασιλέα
456 799 657 866 substituitur
688 792 879 883 Ἀνδρίους,
922 800 1089 879 utrumqne
1121 797 1220 861 lioenter.
1278 800 1283 858 l

195 908 469 999 Rectiusqopinor,
493 907 621 972 tolletur
642 902 995 990 ppeoipeooaadditum
1019 905 1057 969 ut
1070 903 1222 986 responderet

196 1016 233 1084 ei.
263 1014 345 1097 quod
374 1013 522 1096 sequitur,
551 1004 721 1098 ἐχρήσατο.
766 1013 834 1078 Νοα
868 1011 937 1077 sine
973 1030 1069 1077 eausa
1089 1010 1222 1076 Herodotus

196 1121 437 1186 Themistoclem
471 1121 578 1184 narrat
610 1118 643 1184 in
679 1118 811 1204 negotiis
847 1116 979 1182 divensis
1013 1117 1124 1182 iisdem
1155 1120 1242 1182 nno

196 1227 313 1306 nuntiis
334 1245 424 1292 usum
445 1244 521 1290 esse.

173 1448 178 1457 ,
295 1384 349 1459 IX,
372 1385 408 1448 7:
441 1380 514 1468 ἅμα
549 1383 583 1447 δὲ
616 1376 653 1446 τό
687 1377 795 1468 τεῖχός
822 1406 893 1466 σφι,
922 1375 962 1446 τό
994 1386 1034 1446 ἐν
1065 1383 1108 1468 τῷ
1130 1374 1247 1461 Ἰοδμρ

196 1493 353 1578 ἐτείχεον,
388 1493 442 1557 καὶ
476 1487 543 1576 ἤδη
577 1483 712 1565 ἐπάλξις
747 1482 933 1573 ἐλόμβανε.
992 1489 1093 1552 Prava
1122 1485 1229 1551 haee&

197 1600 358 1665 verborum
385 1596 573 1662 coniunctio:
605 1590 676 1679 ἅμα
690 1597 723 1662 δὲ
746 1592 784 1662 ori
808 1589 916 1682 τεῖχός
939 1619 997 1679 σφι
1121 1595 1169 1658 καὶ
1187 1587 1249 1673 rle

198 1698 334 1782 ἐπάλξις
357 1699 542 1789 ἐλάμβανε,
576 1722 611 1767 ao
643 1723 681 1767 ne
713 1703 778 1785 ipse
806 1705 928 1786 quidem
960 1705 1048 1768 loeus
1079 1696 1251 1789 pronomini

197 1813 256 1896 σφί
287 1812 320 1876 id
352 1812 391 1877 ad
425 1803 598 1896 ἐλάμβανε
631 1808 738 1874 referri
770 1810 852 1873 sinit
905 1808 1075 1874 Particulae
1112 1810 1162 1874 καὶ
1190 1802 1230 1887 il,

195 1918 361 1984 manifesto
384 1920 553 1984 ostendunt
574 1917 650 1981 duos
672 1916 805 1998 separari
826 1916 871 1980 rei
894 1917 926 2010 et
951 1916 1119 1981 sententia
1139 1913 1233 1998 grains

197 2030 232 2090 ut
252 2026 387 2115 primum
403 2023 534 2090 munitio
550 2022 728 2089 continuata
739 2023 869 2100 dicatur,
888 2020 1013 2096 deinde,
1029 2039 1182 2105 quousque
1193 2019 1235 2082 im

196 2132 390 2213 pronesserit.
435 2130 635 2197 Scribonium
657 2130 721 2194 sine
744 2129 848 2194 dnbio:
872 2126 947 2212 ἅμα
971 2128 1007 2193 δὲ
1020 2126 1062 2195 τό
1086 2121 1187 2215 τεῖχός
1197 2149 1235 2206 αα

197 2236 235 2302 τό
252 2242 289 2302 ἐν
304 2240 349 2324 τῷ
372 2232 506 2323 Ἰσθμῷ
530 2237 743 2321 ἐτειχέετο
767 2237 820 2301 καὶ
840 2232 904 2320 ἤδη
926 2229 1067 2311 ἐπάλξις
1083 2232 1238 2320 ἐλάμβανε·

197 2343 357 2409 Artieulus
380 2339 421 2410 ‘cn'
442 2364 498 2427 pro
521 2343 652 2409 relativo
666 2346 810 2427 aceeptus
825 2361 956 2408 emonem
971 2344 1121 2428 genuisse
1135 2341 1238 2407 ridetur.

297 2501 377 2569 lbid.
410 2505 468 2567 57:
505 2497 759 2588 προτερεόντων
792 2502 825 2568 δὲ
857 2503 926 2568 τόν
963 2497 1029 2569 σόν
1068 2502 1239 2583 Παοοανὶχ,
1262 2488 1265 2578 1

196 2603 382 2686 καταδόξας
411 2603 540 2684 αότοδς
563 2615 641 2697 ἰθέῃ
663 2615 762 2698 τέχνῃ
783 2604 969 2676 deniensis!
991 2604 1117 2687 αὐτόν,
1139 2604 1241 2674 naaio-

194 2708 304 2801 βόντα
338 2711 400 2781 τόν
433 2710 534 2803 λόχον
564 2712 607 2783 τό
640 2712 731 2783 ὅπλα
765 2708 825 2803 ἦγε
856 2711 971 2802 βάδην
1001 2714 1092 2802 τορός
1122 2716 1159 2784 τό
1178 2713 1239 2782 ἄλλο

193 2837 322 2910 στῖφος.
379 2809 651 2906 Ατσόσψοατοϊατ,
683 2822 736 2906 qni
770 2824 877 2889 cedere
908 2823 977 2889 loco
1001 2825 1159 2904 noluerat,
1189 2842 1239 2888 eun

193 2931 378 2996 Pausaniam
413 2933 590 3015 ceterosque
622 2949 691 2996 eum
725 2949 760 2994 eo
793 2929 949 2995 discedere
979 2929 1116 3007 videret,
1147 2928 1242 3016 putarit

192 3037 252 3102 boo
281 3038 364 3103 orto
399 3038 431 3101 et
464 3037 617 3102 destinato
647 3036 773 3101 oonsilio
804 3055 855 3102 eos
884 3037 994 3109 faeere,
1017 3037 1049 3100 in
1073 3057 1137 3120 qno
1159 3033 1245 3102 leiellit

193 3162 264 3207 enm
297 3143 482 3226 coniectura,
516 3163 589 3208 nam
620 3143 787 3209 Pausanias
819 3143 888 3207 ideo
921 3143 1046 3207 tantum
1072 3143 1245 3209 discesserat

192 3249 274 3331 quod
296 3250 436 3332 putabat,
459 3250 486 3313 si
508 3248 685 3315 discedendi
713 3250 874 3315 eonsilium
895 3248 1046 3313 audacter
1067 3249 1246 3315 ostendisset

192 3356 468 3437 Amompharetum
491 3359 665 3420 secuturum
689 3375 765 3436 esse,
788 3356 867 3440 qnod
889 3355 1013 3421 aooidit.
1062 3356 1177 3441 Itaque
1196 3355 1248 3420 arie

190 3460 351 3526 Pausania
384 3463 417 3525 et
448 3461 596 3527 simulata
628 3461 751 3527 consilii
783 3462 930 3527 firmitate
958 3466 1124 3543 permotus
1153 3470 1205 3536 est,
1223 3461 1250 3523 nt

190 3585 246 3632 suo
265 3569 331 3649 ipse
353 3567 479 3632 oonsilio
500 3567 607 3634 relicto
627 3569 814 3634 Pausaniam
843 3570 1033 3651 sequeretur.
1092 3570 1207 3636 Vernrn
1226 3567 1251 3630 et

192 3675 231 3739 ab
252 3673 311 3738 bae
333 3691 434 3738 rerum
457 3678 588 3742 veritate
610 3675 754 3741 abhorret
784 3679 865 3762 ἰθέῃ
886 3685 994 3762 τέχνῃ,
1024 3679 1058 3741 et
1085 3678 1189 3760 ipsum
1208 3692 1252 3757 per

189 3797 222 3844 se
243 3797 336 3860 prave
357 3778 481 3856 dieitur,
504 3781 648 3863 quoniam
671 3784 824 3847 contraria
844 3784 925 3854 sunt,
956 3799 1026 3863 quae
1049 3802 1123 3849 vere
1147 3786 1179 3850 et
1197 3784 1252 3847 sine

187 3884 253 3947 nlla
275 3884 471 3951 simulatione
493 3887 572 3953 fiunt
594 3893 709 3975 (ἰθέῃ),
743 3893 775 3954 et
807 3907 875 3972 quae
907 3889 974 3953 arte
1007 3895 1147 3981 (τέχνῃ).
1200 3893 1253 3954 Ant

187 3989 285 4074 igitur
305 3994 404 4078 τέχνῃ
425 4011 548 4076 prorsus
560 3994 765 4061 omittendum
788 3995 851 4068 aut,
868 3993 950 4078 quod
964 3994 1058 4080 longe
1074 3997 1253 4082 probabilius

187 4098 244 4170 est,
267 4096 479 4165 scribendum:
502 4096 689 4178 καταδόξας
713 4092 842 4175 αὐτούς
863 4104 956 4191 ἰθέῃ,
979 4099 1143 4190 (paq)
1165 4109 1253 4192 αέχνχ·
