2654 5010
230 284 291 349 Μ
587 276 858 346 mmmm

188 480 378 546 bibetur?
400 477 537 554 Frustra,
558 476 595 540 111
615 492 698 539 nuuc
718 472 866 539 scribitur
881 473 986 553 locus,
1004 474 1104 540 huius
1118 469 1262 538 sententia

189 585 313 651 initium
345 582 541 661 (Ceterum
575 579 841 664 nequicquam
876 579 1069 663 perierit
1102 579 1262 656 illelom
1313 641 1314 650 ,

192 692 274 759 exitu
306 689 431 767 (nulla
464 707 559 754 cura
592 685 827 762 adhibetur)
860 687 1065 772 coniungere
1104 703 1208 751 conare
1238 688 1263 747 at

193 797 381 863 structuram
413 794 549 878 aliquam
581 793 741 858 verborum
777 791 910 858 officere.
958 792 1067 859 Recta
1090 795 1188 858 oratio
1207 792 1262 863 erit

194 902 264 976 etsi,
284 901 371 985 quod
387 902 418 966 in
442 900 538 965 Bruto
560 897 719 963 ferendum
742 902 799 974 est,
816 898 911 982 paulo
927 899 1048 965 durius
1064 897 1264 981 implicataai

195 1009 240 1075 sic
260 1007 489 1090 scripserimus:
511 1004 697 1070 Ceterum
718 1007 842 1087 <ue>
863 1005 1151 1089 nequicquam
1174 1003 1264 1086 peri·

196 1114 276 1180 erit
303 1113 392 1191 ille,
422 1111 538 1179 cuius
565 1111 741 1177 interitu
770 1112 865 1195 quid
897 1113 1042 1195 gavisi
1066 1110 1264 1185 sumos,si

196 1219 352 1285 mortuo
384 1217 519 1283 nihilo
549 1216 680 1283 minus
712 1217 912 1283 servituri
945 1236 1136 1295 eramus,
1168 1215 1266 1281 nulls

197 1342 292 1389 cura
325 1322 555 1390 adhibetur.
615 1323 718 1408 Negat
749 1324 865 1388 Brutus
898 1342 1010 1389 curam
1047 1322 1203 1398 adhiberi,
1234 1338 1265 1384 111

197 1430 311 1496 trustra
332 1431 382 1506 (ut
402 1434 486 1495 recto
508 1430 541 1494 et
560 1429 691 1505 utiliter)
712 1429 837 1511 perierit
851 1428 967 1494 Cesar.
1016 1429 1163 1495 Durities
1183 1427 1266 1493 oritur

198 1554 234 1602 ex
249 1555 296 1614 eo,
312 1535 391 1618 qood
405 1537 544 1603 relativa
558 1535 716 1602 sententis
732 1536 846 1600 Bmtus
860 1535 1136 1620 interrogativum
1151 1537 1266 1600 formam

199 1640 297 1719 dedit,
329 1661 397 1726 quac
428 1643 550 1726 poterat
581 1642 753 1725 simplicius
785 1640 831 1706 sic
863 1640 990 1706 efferri:
1027 1645 1122 1708 cuius
1156 1640 1265 1707 iutuitu

199 1746 266 1813 sine
287 1766 380 1814 causa
400 1748 499 1832 gavisi
520 1769 636 1825 somus,
659 1748 686 1813 si
707 1753 763 1814 cot.
813 1746 908 1813 Paulo
937 1754 1014 1830 post
1035 1749 1137 1816 scribi
1159 1749 1263 1822 debera

199 1857 236 1919 ut
257 1855 288 1917 iu
310 1855 450 1938 margine
472 1854 616 1922 editionis
638 1853 845 1920 Cratandrina
872 1854 1039 1920 scribitur:
1063 1855 1189 1936 Quam
1215 1853 1263 1932 (ri-

199 1964 289 2040 tum),
311 1960 373 2028 uisi
395 1961 441 2039 (Μ
465 1962 496 2026 et
518 1960 669 2027 editiones
691 1959 738 2039 si)
764 1963 876 2042 prius
898 1960 1166 2028 dimittimus
1187 1960 1261 2044 dig·

200 2068 372 2133 nitatem
394 2068 435 2133 et
454 2067 708 2145 libertatem,
732 2067 798 2150 qui
820 2084 1040 2148 possumus
1063 2066 1260 2150 accipere?

200 2174 277 2239 adeo
299 2175 348 2240 est
367 2173 565 2239 manifestum
588 2180 636 2249 (-
664 2193 736 2239 nom
759 2173 920 2256 dignitatis
943 2181 976 2237 et
1000 2174 1162 2240 libertatis
1183 2173 1259 2238 amis·

202 2279 287 2346 sione
310 2280 405 2345 vitem
428 2280 589 2344 emendam
613 2298 680 2346 esse
703 2280 817 2344 Brutus
836 2278 912 2344 dicit
927 2286 996 2355 -),
1012 2283 1052 2345 ut
1065 2280 1140 2346 ideo
1155 2283 1257 2345 unum

200 2384 409 2476 annotandum
426 2390 540 2468 putem,
552 2389 588 2450 ut
602 2387 739 2469 exemplo
755 2387 935 2463 monstrem,
952 2398 1052 2468 quarn
1068 2386 1257 2471 indiligenter

200 2494 248 2558 bae
269 2492 409 2574 epistole
423 2493 461 2559 ab
477 2492 647 2559 editoribus
665 2493 805 2558 tractatae
818 2491 890 2554 siut.
943 2492 976 2555 lu
1002 2492 1120 2559 eadem
1142 2489 1257 2576 epistola

189 2601 221 2681 g
238 2599 277 2662 10
298 2597 410 2665 vitium
432 2597 589 2674 orationis,
612 2598 694 2682 quod
716 2597 808 2664 ostio
830 2597 889 2663 bac
909 2596 1151 2666 coniunctione:
1172 2599 1255 2663 Te..

199 2724 294 2790 rogo
316 2706 436 2789 atque
457 2704 994 2786 hortor-,lut)...putaris,
1012 2705 1255 2788 tolleturpunclo

198 2817 269 2895 post
288 2812 502 2878 insinuent
522 2811 639 2893 posito;
670 2829 725 2893 per
755 2829 788 2876 se
810 2809 892 2874 euim
915 2811 1055 2876 uomodo
1078 2813 1254 2895 adiungitur:

199 2919 359 2985 Fortem
382 2922 421 2983 et
448 2918 620 2984 liberum
655 2920 823 2983 animum
856 2963 959 2979 ....
990 2918 1153 2984 nullum
1184 2931 1254 2981 esse

199 3027 368 3107 putaris.
448 3099 450 3104 ,

300 3131 380 3195 ibid.
405 3131 493 3211 17,1
518 3131 630 3197 excidit
656 3132 788 3195 alterum
815 3130 1163 3215 interrogationisque
1184 3130 1255 3196 Cice·
1313 3119 1314 3166 ¹

198 3236 281 3301 ronis
317 3236 512 3303 consiliorum
550 3237 755 3303 inconstantia
786 3236 961 3312 notabatur,
995 3238 1193 3313 membrum3
1222 3234 1256 3299 ric

198 3342 279 3408 euim
303 3344 458 3409 sententia
474 3347 620 3428 concepta
635 3348 716 3409 crat:
738 3340 812 3421 Qui
833 3340 1171 3407 valentissimum
1194 3346 1255 3407 111·

198 3450 350 3514 torrium
382 3434 592 3532 suscipere
614 3468 681 3532 pro
703 3469 741 3514 re
768 3445 931 3530 publiea
962 3466 1040 3513 oon
1063 3446 1257 3515 dubitarit

197 3555 422 3635 inimicum,
476 3558 630 3638 <pueri
682 3552 897 3620 Octaviani
948 3553 1257 3621 dominationem

196 3661 405 3743 subeat>?

295 3780 374 3846 ibid.
397 3781 417 3866 ξ
440 3781 476 3845 21
510 3779 604 3864 quid
634 3779 707 3844 boc
729 3777 825 3843 mibi
847 3778 1032 3861 prodest,
1057 3780 1090 3844 si
1118 3794 1256 3846 merces

195 3889 363 3953 Antonii
407 3885 593 3970 oppressi
628 3884 813 3968 poscitur
847 3886 885 3951 in
922 3886 1097 3952 Antonii
1141 3886 1257 3951 loouu

194 3995 420 4068 successio.
455 3996 494 4059 ct
525 3993 559 4058 si
592 3993 737 4058 vindex
763 3991 885 4057 illius
914 3993 1012 4057 mali
1035 3994 1257 4058 auctoren-

192 4099 309 4166 stitit
335 4100 530 4178 alterius,
559 4100 864 4165 tundamentum
898 4099 937 4162 et
965 4097 1132 4165 radices
1154 4096 1258 4164 babi-
