2648 5084
619 313 861 385 ffiffimst

318 518 466 585 lltstcrla
495 516 649 599 Arguta
680 514 868 600 scriptores,
890 517 945 598 qni
976 517 1184 601 appellantur.
1213 537 1260 583 cm
1314 530 1321 591 t

216 627 292 690 olim
319 624 527 708 particulatim
560 623 716 705 legissem,
750 622 820 686 ante
852 621 976 704 aliquot
1010 643 1120 702 annos,
1153 626 1261 691 codimu
1315 636 1321 678 ¹

218 732 411 815 entiquomm
444 726 705 813 (Bambergensis,
742 725 779 799 B,
812 732 843 791 et
873 729 1031 804 Palatini,
1066 733 1105 807 P)
1133 732 1264 817 scriptule

217 837 338 921 plenius
360 836 588 918 accuratiusque
615 833 655 899 ab
677 832 807 897 Iordsno
832 836 864 898 st
887 834 1140 919 Eyssenhardtio
1161 839 1266 922 vulgati
1316 850 1321 890 1

218 949 303 1019 (nam
326 943 430 1009 Peteri
461 941 627 1006 editionem
660 943 726 1004 turn
754 957 814 1005 non
848 940 1006 1017 adhibuit,
1046 944 1081 1008 in
1115 963 1219 1010 manns
1235 963 1266 1008 re
1317 941 1321 994 1

218 1050 336 1134 sumpsi
358 1054 390 1114 et
410 1047 513 1113 nescio
535 1044 686 1129 quomodo
709 1048 820 1128 partin
843 1047 984 1111 tristium
1008 1053 1191 1134 temporum
1211 1053 1266 1115 ins·
1317 1062 1322 1102 «ἰ

218 1156 297 1240 ginis
320 1153 575 1236 contemplatione
595 1151 733 1217 animun
756 1153 838 1217 varie
855 1153 1027 1226 adiciente,
1052 1157 1171 1238 partim
1187 1175 1267 1223 enen
1319 1163 1322 1209 1

218 1261 311 1326 dandi
343 1259 474 1344 quodam
508 1257 608 1324 studio
632 1258 761 1323 allectus
790 1264 890 1334 totos,
912 1259 970 1324 sed
1003 1261 1205 1335 festinanter,
1222 1261 1269 1346 legi
1321 1273 1322 1279 ’

219 1364 350 1433 Miratus
387 1367 418 1430 in
461 1365 510 1429 bis
553 1383 672 1448 quoque
707 1364 871 1430 editoribus
918 1384 989 1430 sum
1040 1371 1269 1453 superstitiones
1321 1382 1322 1387 ’

218 1472 372 1557 quandam
409 1476 441 1537 et
477 1470 582 1536 iudicii
615 1471 849 1536 inconstantiam
881 1471 1188 1558 infirmitatemque,
1218 1476 1270 1539 dun

219 1580 279 1644 alia
301 1581 393 1645 etiam
430 1578 528 1643 multo
561 1578 722 1642 incertiore
743 1577 861 1643 ratione
890 1578 1097 1663 corrigerent,
1137 1583 1197 1648 alia
1216 1601 1270 1665 pra

218 1685 409 1750 tersuntibus
431 1689 485 1751 aut
506 1684 742 1759 retrahentibus,
764 1685 884 1767 quaet
906 1687 1095 1754 maniiestas
1112 1689 1270 1754 mendomn

219 1794 306 1856 notas
339 1796 370 1855 et
404 1791 581 1875 perspicuas
623 1809 759 1856 errorum
794 1808 901 1855 musas
936 1793 1126 1873 praeferrent
1160 1802 1194 1862 et
1221 1814 1271 1860 cer·

219 1897 339 1962 tissime
372 1897 568 1980 abantiquis
591 1897 758 1963 editoribus
780 1899 834 1961 sut
863 1901 972 1980 postea
994 1903 1170 1967 emendate
1191 1906 1272 1968 cased

219 2007 252 2067 et
283 2004 313 2068 in
346 2001 479 2087 vulgatis
511 2003 694 2069 editionibus
733 2006 817 2069 recte
857 2004 1077 2072 scriberentur.
1092 2010 1117 2082 ι)
1174 2009 1273 2074 Postea

219 2112 397 2191 comparata
421 2111 523 2176 Peteri
544 2128 647 2192 opera,
676 2112 787 2191 prater
808 2107 896 2191 plura
916 2110 947 2174 in
970 2112 1135 2196 scriptura
1155 2115 1273 2180 ωάἰωω

221 2216 394 2281 accuratius
415 2215 551 2281 indicata
572 2223 640 2293 (nec
661 2218 765 2280 enen
794 2216 857 2290 ita,
885 2215 921 2279 ut
940 2219 1044 2283 omnis
1068 2221 1185 2304 ubique
1205 2219 1274 2284 dub

183 2343 185 2347 ·
221 2320 298 2386 tatio
321 2320 460 2398 tollatur)
493 2341 554 2388 non
576 2322 668 2405 paulo
690 2321 729 2386 ab
752 2339 787 2386 so
808 2319 918 2386 melius
948 2341 1015 2388 rem
1038 2326 1274 2392 administratam

222 2445 290 2492 esse
312 2427 447 2492 intellexi
479 2446 536 2494 nec
557 2428 655 2494 solum
683 2430 783 2493 rectas
812 2428 1003 2510 superiorum
1025 2434 1204 2514 scripturas
1224 2450 1275 2516 per·

222 2533 347 2608 multas,
369 2553 444 2618 quas
466 2534 511 2600 illi
533 2535 631 2599 iacere
653 2534 799 2600 sivissent
819 2537 873 2599 aut
896 2534 1099 2616 expulissent,
1122 2541 1274 2605 mutans

221 2639 276 2705 sed
292 2641 386 2706 etiam
400 2657 458 2706 non
479 2640 523 2705 ita
534 2657 639 2723 panca
661 2655 729 2723 qua
750 2641 816 2724 ipse
838 2630 1034 2716 invenissem,
1061 2644 1104 2708 ab
1125 2665 1163 2711 eo
1185 2647 1274 2711 aliisue

222 2765 318 2829 nuper
353 2746 550 2829 praecepta.²l
612 2745 670 2812 llis
711 2745 841 2811 sublatis
873 2764 940 2828 oua
972 2757 1210 2827 remanserunt,
1239 2750 1275 2814 bic

220 2974 361 2982 ——ffl-s

243 3106 262 3172 ¹)
289 3071 417 3175 liremplo
436 3120 489 3160 uuo
507 3105 650 3159 conuntus
667 3118 719 3158 ero.
770 3100 822 3157 Cui
841 3117 892 3156 non
911 3100 1086 3157 mirabilem
1107 3121 1190 3175 prope
1208 3107 1278 3178 incre

291 3197 376 3252 dibile
395 3197 525 3253 rideatur.
545 3196 573 3251 in
592 3196 658 3266 trip.
684 3198 737 3265 tyr.
757 3198 791 3250 26
809 3192 1009 3260 (lbebellisno),
1028 3210 1093 3251 cam
1113 3198 1217 3267 pridem
1233 3196 1276 3251 edi

291 3293 349 3346 turo
368 3294 439 3345 esset
458 3292 530 3345 reeta
547 3291 575 3343 et
592 3287 707 3358 simplici
726 3288 860 3343 oratione:
895 3285 1007 3340 Pudet
1036 3286 1104 3364 ism
1124 3289 1277 3360 persequi
1305 3295 1306 3298 ’

292 3381 364 3452 quod
383 3380 411 3437 ln
429 3381 518 3437 codice
536 3380 559 3436 B
576 3378 699 3435 conflatis
728 3379 831 3435 litteris
856 3378 1056 3449 (pudetism)
1076 3387 1107 3436 et
1125 3382 1162 3438 ad
1179 3383 1277 3455 specio

291 3475 394 3532 Iustina
413 3474 485 3530 vocis
503 3471 671 3529 efficiendam
691 3472 783 3528 addito
815 3495 828 3524 n
847 3471 974 3527 scribitur
1000 3472 1204 3542 pudentism
1222 3490 1278 3545 per

291 3569 397 3641 sequi,
415 3567 512 3623 deinde
529 3570 619 3622 antem
636 3567 666 3620 in
685 3566 707 3620 P
726 3569 820 3620 natum
839 3570 880 3621 sst
900 3565 1070 3636 pudentis
1094 3574 1152 3625 est
1175 3583 1277 3641 perse·

291 3664 359 3734 qui,
388 3662 438 3717 loo
465 3658 523 3726 edi,
554 3659 630 3715 illius
647 3658 842 3715 emendationis
861 3674 895 3714 ne
911 3658 1045 3714 mentione
1069 3663 1184 3733 quidem
1202 3657 1277 3717 iscla?

178 3757 179 3761 ’
291 3755 371 3809 Recte
389 3770 447 3826 sam
468 3753 558 3808 tenuit
576 3754 662 3808 Peter.

250 3856 272 3922 'l
291 3858 328 3913 Er
357 3858 400 3913 bis
429 3858 482 3915 duo
512 3857 626 3927 exempli
653 3861 681 3912 et
708 3856 919 3913 confirmationis
945 3871 1023 3911 causa
1052 3875 1161 3927 ponam
1215 3858 1276 3925 Sept

292 3949 350 4004 Ser.
379 3952 397 4005 a
423 3952 579 4021 scripseram
614 3951 738 4005 omisso
769 3948 954 4004 tribunatu
993 3949 1166 4021 militari,
1209 3946 1278 4004 Prot

291 4041 472 4099 sistitiss
490 4043 546 4111 ire,
584 4042 656 4098 lllud
686 4040 884 4097 llirsebieldius
901 4043 1040 4113 occuparit
1060 4044 1168 4112 (llerna
1186 4039 1228 4097 m
1257 4055 1279 4107 p

291 4138 365 4195 aab).
387 4135 436 4190 hoc
455 4136 540 4191 Peter.
669 4138 672 4145 '
