2678 5016
525 614 645 690 onasus.
1036 616 1077 684 83

203 817 318 881 Itucci.
343 836 357 881 s
379 833 509 898 propere
532 814 625 881 sacris
647 833 816 898 aurumque
839 814 958 897 capillis
1068 854 1069 858 =

205 926 321 1009 ponite3
418 964 422 971 ·

157 1031 382 1097 Laurentianus
417 1027 511 1095 babet
548 1027 658 1088 ilceatie
702 1029 734 1091 et
775 1027 886 1108 (recte)
930 1027 1118 1112 laurumque.

55 1137 137 1202 Hinc
159 1136 239 1201 effici
262 1135 400 1199 videtur:

207 1243 255 1306 lte
279 1244 342 1321 (cat
364 1245 422 1321 cst)
444 1257 571 1322 propere
593 1260 614 1299 c
635 1239 730 1324 saona
755 1239 933 1322 laurumque
955 1241 1073 1322 capillis

208 1348 321 1430 ponite.
408 1399 409 1403 .
892 1350 893 1355 ’

157 1453 265 1536 Neque
288 1454 368 1517 enim
391 1455 497 1534 aptum
520 1450 673 1533 participii
695 1451 863 1516 ablativum
891 1452 1029 1530 (abiectio
1047 1475 1121 1535 pro·

52 1561 262 1646 peremeris)
284 1558 324 1623 ad
345 1559 465 1623 litteras
488 1559 519 1619 et
540 1575 663 1621 versum
685 1558 909 1623 accommodari
931 1577 1019 1640 posse
1038 1562 1121 1641 puto.
1165 1555 1169 1566 '

159 1667 214 1742 Vl,
237 1664 299 1728 233
319 1684 338 1747 e
361 1663 515 1729 codicibus
537 1662 731 1726 scribendum
754 1664 815 1726 est:

212 1772 339 1837 carbasa
360 1770 476 1832 diducit
507 1773 577 1851 (pro
600 1767 744 1847 deducit),
779 1787 818 1833 ne
840 1788 899 1851 qua
922 1769 997 1834 levia
1018 1771 1123 1835 effluat

891 1894 973 1941 aura.

161 1986 230 2050 Non
252 1982 353 2064 agitur
375 1980 412 2045 de
434 1982 510 2046 velis
532 1980 758 2055 contrahendis,
782 1980 837 2044 sed
859 1980 896 2045 de
918 1982 966 2059 iis,
992 2001 1028 2046 ue
1051 1982 1123 2065 quid

62 2108 142 2154 aura
165 2091 281 2171 pereat,
303 2087 487 2169 explicandis
509 2091 542 2152 et
562 2089 593 2156 iu
615 2089 712 2155 latera
734 2087 937 2153 extrahendis.

47 2264 49 2266 ,
160 2193 215 2266 VI,
238 2192 311 2266 488,
333 2191 412 2256 489:

213 2298 345 2382 Regulos
368 2298 465 2380 epulae
487 2297 602 2362 mensis
623 2305 656 2362 et
677 2298 817 2367 Bacchus
838 2300 870 2363 in
893 2318 964 2364 auro

211 2407 350 2488 ponitur;
374 2405 443 2469 hinc
464 2402 582 2486 placido
605 2404 716 2469 dautur
738 2427 794 2472 sua
815 2425 940 2490 corpora
962 2425 1079 2471 somno.

161 2512 341 2581 Barbarum.
374 2514 409 2575 ut
438 2509 521 2594 quod
553 2511 697 2586 maxime,
729 2535 785 2574 cuc
819 2531 871 2596 pro
901 2535 1012 2587 corum,
1046 2513 1124 2596 quod

61 2622 209 2701 preterea
231 2621 331 2681 totum
354 2617 498 2681 abundat.
542 2616 640 2681 Credo
666 2619 812 2702 scriptum
836 2620 910 2691 olim
932 2619 1041 2686 fuisse:

212 2725 284 2787 binc
306 2722 427 2805 placido
451 2722 526 2786 daut
548 2723 672 2807 turpido
695 2743 820 2806 corpora
840 2744 955 2799 somno,

61 2832 114 2897 boc
137 2834 196 2906 est,
221 2830 289 2895 cibo
311 2828 444 2911 vinoque
466 2828 603 2911 impleta.

161 2936 234 3007 vll,
258 2934 316 2998 186
339 2935 418 3017 quod
439 2937 470 2999 in
493 2934 627 3018 antiquis
650 2935 805 3008 codicibus
828 2936 986 3008 scribitur:

465 3041 613 3106 Homines
635 3040 833 3123 uolucresque
856 3040 994 3123 ferasque

213 3146 348 3211 solverat
370 3147 432 3211 alta
454 3149 539 3229 quies
561 3146 645 3211 nullo
670 3165 740 3211 cum
764 3166 918 3212 murmure
941 3166 1028 3229 sepes

214 3253 410 3335 immotaeque
432 3253 524 3318 silent
548 3253 680 3325 frondes,

64 3359 92 3423 id
111 3361 176 3424 iam
200 3359 232 3423 in
258 3358 461 3424 deterioribus
482 3359 634 3423 codicibus
659 3358 830 3423 rectissime
853 3360 1048 3424 emendatum
1071 3365 1128 3437 est,
1261 3425 1263 3431 ,

65 3466 115 3529 sed
137 3467 259 3529 adiecto
283 3465 406 3530 aliunde
427 3485 516 3530 uersu
539 3465 657 3547 spurio:

467 3572 617 3636 Homines
639 3571 835 3652 volucresque
857 3570 997 3653 ferusque

216 3678 353 3743 solverat
374 3679 438 3744 alta
460 3680 544 3762 quies
566 3677 650 3742 nullo
676 3696 743 3741 cum
767 3695 923 3742 murmure
944 3699 1073 3763 sapeco,
1149 3670 1151 3673 ’

215 3785 413 3866 immotusque
436 3785 527 3849 edent
550 3783 679 3848 frondes.

6 3957 7 3975 χ
69 3889 172 3955 Tacite
194 3890 290 3972 serpit
312 3889 406 3972 quies.

165 3996 234 4071 vll,
260 3995 320 4057 194
342 4015 424 4078 sqq:

149 4103 258 4185 Tuque
280 4102 394 4183 triceps
416 4101 542 4177 Hecate,
565 4122 631 4184 quae
653 4101 760 4185 creptis
783 4101 903 4165 conscia
925 4103 1037 4166 nostris

16 4199 18 4213 '
151 4209 343 4290 adiutrixque
366 4207 462 4285 uenis,
485 4210 651 4291 cantusque
673 4209 815 4289 artesque
836 4226 1006 4289 magorum,

152 4332 278 4398 quaeque
302 4331 420 4396 magos,
444 4313 558 4391 Tellus,
583 4315 768 4397 pollentibus
790 4313 915 4377 instruis
936 4313 1047 4378 herbis.

169 4420 366 4504 Ineptissime
392 4418 472 4484 inter
500 4419 571 4484 deas
600 4420 649 4484 bis
676 4420 792 4484 artibus
811 4419 998 4500 ,praepositas
1026 4420 1131 4502 appel·

905 4524 932 4575 6.
