2678 5018
517 609 664 664 Lucretina
709 636 710 639 ¹
771 660 774 668 ,
1038 614 1079 676 23
1111 545 1131 644 ἶ

91 830 93 832 ·
181 824 243 890 per
264 807 424 872 terrarum
447 806 548 872 omnia
569 825 636 873 orae
658 808 813 875 fluitantia
832 811 969 894 aplustra

186 916 225 978 ιιι
246 912 416 978 uideantur
437 915 470 978 et
491 913 638 978 indicium
659 916 838 983 mortalibus
861 917 963 994 edant,
986 920 1045 983 cet

101 1066 108 1076 .
153 1015 336 1102 Mire-post
358 1020 621 1084 coacervationem
642 1022 671 1083 et
695 1024 961 1099 enumerationem,
982 1024 1120 1107 interpo-

52 1124 268 1209 aitisillisper
279 1135 349 1188 icor.
363 1146 444 1190 omo.
456 1147 498 1189 or.
515 1124 609 1210 fluit,
630 1125 790 1193 subiicitur
800 1127 946 1212 apoteca,
969 1130 1120 1213 quasihoc

55 1231 179 1314 generis
203 1250 319 1297 nomen
341 1231 393 1305 ait,
428 1250 484 1314 quo
508 1231 610 1303 omnia
630 1231 685 1305 illa
705 1233 914 1302 contineantur
939 1230 1119 1321 (ναυάγια),

55 1336 133 1418 quod
168 1341 221 1403 eat
250 1338 340 1421 longe
373 1337 472 1402 aliter.
523 1337 631 1420 Itaque
667 1357 727 1403 uua
747 1339 852 1405 littera
872 1345 1000 1420 mutata
1030 1341 1118 1407 uniue
1224 1324 1225 1330 ἵ

60 1442 184 1507 sublata
204 1442 427 1526 geminatione,
449 1443 641 1508 scribendum
664 1444 799 1509 ridetur:
885 1527 886 1531 Ἰ

231 1567 287 1630 per
307 1551 459 1614 terrarum
481 1550 587 1614 omnio·
600 1568 669 1615 oras
690 1549 844 1615 fluitantia
856 1550 988 1633 feretra,

60 1651 115 1718 hoc
136 1655 197 1733 eat,
221 1654 289 1719 uiue
310 1674 369 1738 neu
392 1673 428 1719 ao
448 1658 574 1720 temere.
628 1654 695 1720 lam
716 1656 912 1738 participium
933 1655 1061 1722 refertur
1081 1659 1120 1724 ad

58 1758 170 1834 omnia,
196 1779 264 1842 quae
285 1779 378 1844 supra
396 1764 575 1827 enumerata
598 1763 679 1827 eunt.

160 1866 221 1940 ΙΙΙ,
255 1867 315 1929 788
352 1885 417 1950 sqq.
440 1868 491 1949 (V,
526 1868 584 1930 134
607 1873 694 1951 eqo)-
738 1866 829 1931 Hunc
849 1867 950 1932 locum
973 1867 1025 1931 alii
1045 1867 1120 1932 aetia

61 1971 172 2037 leviter
186 1977 481 2049 transcucurrerunt,
503 1976 539 2040 ut
548 1974 773 2060 Lachmannue,
788 1972 841 2037 alii
856 1971 1017 2037 infeliciter
1038 1975 1120 2038 trac·

60 2080 175 2151 larunt,
213 2082 268 2142 aut
303 2082 335 2144 et
366 2081 398 2144 in
420 2080 572 2146 sententia
607 2081 638 2143 et
674 2080 706 2144 in
736 2079 837 2144 verbio
868 2080 1056 2160 aberrantes,
1086 2082 1120 2146 ut

60 2182 223 2249 Bentleiue
245 2187 392 2269 grauiter,
425 2189 479 2251 aut
500 2188 591 2251 verba
613 2185 653 2250 ad
674 2185 860 2252 sententiam
881 2203 939 2249 non
962 2189 1046 2252 recte
1068 2205 1120 2251 ao·

61 2290 304 2357 commodantes.
340 2291 510 2366 Lucretius,
543 2296 578 2356 ut
612 2290 746 2356 breviter
780 2310 846 2356 rom
878 2309 938 2355 non
960 2290 1120 2356 obscuram

60 2396 336 2480 comprehendam,
376 2398 513 2463 animum
545 2397 741 2479 animamque
777 2398 862 2461 extra
893 2415 1001 2479 corpus
1035 2395 1121 2480 gigni

60 2501 232 2586 durareque
254 2521 314 2568 non
335 2521 435 2585 posse,
467 2524 504 2568 er
525 2523 560 2570 eo
583 2502 726 2581 ostendit,
762 2502 852 2585 quod,
875 2503 903 2568 ai
922 2500 989 2566 fieri
1009 2504 1121 2585 poaaet,

63 2610 98 2672 ut
117 2609 242 2674 animus
266 2631 287 2670 u
307 2609 405 2671 mota
427 2619 454 2672 et
475 2610 622 2693 sanquine
649 2608 776 2692 iuppiter
798 2617 886 2684 occet,
924 2607 1022 2673 multo
1045 2606 1122 2673 faci·

62 2711 123 2778 lina
168 2714 202 2777 in
247 2714 315 2797 ipso
359 2733 481 2798 corpore
524 2718 614 2798 atque
658 2715 688 2779 in
733 2712 840 2780 eodem
882 2731 954 2778 vaae
996 2732 1121 2781 mauena

62 2819 170 2884 aedem
193 2819 361 2885 transferre
384 2822 417 2886 et
436 2820 520 2886 uerbi
541 2840 633 2886 cauea
650 2821 682 2885 in
705 2818 804 2902 capite
825 2821 878 2883 aut
899 2819 1033 2885 humeris
1055 2838 1122 2886 ease

62 2928 183 3008 pooaet;
220 2924 301 3010 quod
334 2927 361 2991 si
393 2946 431 2992 ue
462 2927 494 2991 in
525 2927 608 3009 ipeoo
621 2927 744 3010 quidem
779 2943 902 3007 corpore
934 2926 1033 3009 possit
1062 2928 1124 2993 nisi

63 3033 147 3096 certo
170 3031 239 3096 loco
261 3050 328 3096 oeae
349 3036 381 3097 et
401 3050 544 3107 crescere,
573 3033 670 3098 multo
696 3033 798 3098 minuo
820 3035 905 3097 extra
926 3050 1034 3116 corpus
1056 3051 1121 3098 eoae
1264 3055 1278 3082 ²
1325 3031 1330 3040 '

62 3157 161 3220 poeee.
222 3136 267 3201 Ut
306 3138 372 3203 haec
404 3139 557 3205 sententia
601 3138 763 3214 efficiatur,
808 3139 918 3204 Munro
950 3139 1043 3204 rerba
1077 3139 1121 3205 eic
1201 3124 1251 3212 ’,ι

61 3244 268 3327 interpungit:

107 3350 191 3434 quod
213 3351 240 3415 ei
261 3353 378 3432 (poeaet
398 3351 479 3415 enim
501 3350 600 3415 multo
622 3351 716 3433 priua)
737 3352 805 3435 ipsa
825 3351 920 3416 animi
940 3351 987 3416 uia

104 3458 138 3521 in
161 3456 260 3540 capite
282 3458 335 3521 aut
356 3457 468 3527 umeris
490 3461 543 3520 aut
563 3456 634 3521 imis
656 3456 789 3523 calcibus
810 3475 877 3523 eoae

105 3565 215 3648 posset
237 3565 269 3627 et
290 3563 404 3635 innasci
426 3563 532 3646 quavis
553 3562 585 3626 in
605 3563 703 3644 purte,
726 3564 840 3629 aoleret

106 3670 235 3735 tandem
258 3669 288 3734 in
313 3668 419 3733 eodem
442 3668 564 3733 homine
586 3671 677 3751 atque
699 3669 731 3733 iu
753 3668 860 3734 eodem
882 3689 953 3735 vaae
975 3685 1107 3733 manere.

167 3776 305 3839 Primum
317 3777 371 3853 (ne
393 3773 431 3837 de
454 3773 532 3835 mim
556 3774 667 3850 dicam,
692 3775 773 3859 quod
787 3777 887 3840 totum
909 3773 1122 3859 argumentum

64 3880 274 3965 superioribus
296 3879 444 3956 annectit)
461 3889 563 3962 poscet
583 3899 601 3944 a
623 3880 704 3964 quod
723 3880 752 3941 ei
771 3879 879 3945 avellit
906 3883 937 3945 et
958 3878 1123 3944 condicioni

66 3987 235 4070 interponit
255 3984 449 4068 parenthesin
478 3985 516 4049 ad
538 3986 682 4068 epodosin
702 3985 920 4068 pertinentem3
959 3983 1123 4064 (sententia

66 4095 146 4159 onim
167 4093 233 4158 naec
256 4109 323 4155 esse
346 4091 451 4156 debet:
476 4094 599 4174 „posset
620 4091 702 4156 euim
714 4090 940 4156 multoiaciliue
961 4091 993 4154 iu
1015 4089 1123 4155 eodem

65 4200 189 4266 homino
211 4203 387 4276 manore“);
418 4198 526 4263 deinde
549 4196 722 4283 argumenti
743 4196 968 4262 conclusionem
990 4197 1035 4261 ita
1055 4215 1124 4280 per·

68 4307 164 4381 uertit,
186 4309 223 4372 ut
244 4304 291 4378 id,
326 4303 406 4386 quod
426 4304 465 4369 ad
498 4323 562 4369 rem
585 4305 682 4369 multo
717 4302 886 4368 faciliorem
908 4302 1124 4368 declarandam

69 4413 204 4492 pertinet,
228 4409 440 4477 concludendo
460 4410 625 4492 efficiatum
648 4409 993 4553 postremopartioulom
1005 4408 1125 4470 tuom
