2654 5010
456 621 600 679 Cornelius
617 622 718 693 Nepos.
1019 623 1079 686 207

49 820 248 885 scribendum
272 823 355 886 eret:
385 821 559 903 patriam
588 819 760 886 haberet
788 820 898 887 orbis
920 822 1120 887 terrarum

50 926 260 993 dominam.
316 927 431 992 Verum
464 926 509 991 sie
537 924 659 991 tollitur
686 928 786 990 totum
808 944 936 991 acernen
958 925 1120 994 sententie

50 1033 85 1097 et
106 1032 275 1119 tautologia
296 1032 498 1099 intolerabilis
528 1032 635 1109 oritur,
657 1032 811 1115 quoniam,
834 1032 886 1114 qni
908 1031 939 1097 ie
964 1032 1119 1099 domicilio

48 1139 172 1221 imperii
184 1144 275 1206 nates
291 1142 347 1216 eet,
362 1137 533 1205 necessarie
549 1137 679 1219 patriam
695 1137 789 1203 habat
802 1137 924 1222 imperii
940 1138 1121 1216 dominam.)

51 1244 150 1310 Panlo
173 1247 246 1310 ante
267 1245 450 1310 inanissime
472 1243 646 1325 suspicione
669 1243 853 1310 damnantur
882 1245 989 1309 rerba:
1018 1247 1120 1328 quod

48 1351 242 1418 nonnulli
264 1353 322 1417 ita
343 1350 675 1432 interpretantur
697 1353 755 1416 cet.
798 1350 879 1416 leris
907 1350 1118 1417 consultorem

49 1457 89 1523 de
122 1455 236 1541 duplici
268 1457 394 1524 civitate
428 1456 583 1521 sententia
617 1475 675 1521 nee
710 1456 754 1521 ite
787 1463 953 1540 pervagata
981 1462 1056 1533 eret.
1086 1464 1120 1524 et

49 1563 144 1648 uulgo
166 1562 342 1628 hominibus
364 1566 436 1627 eote
457 1560 613 1627 communi
635 1561 779 1644 opinione
801 1565 1060 1646 comprobaretur.

152 1669 230 1734 Ibid.
247 1669 284 1734 9:
306 1666 406 1748 Quin
430 1668 568 1745 etiam,
593 1687 677 1732 curn
703 1667 778 1733 illa
800 1668 933 1747 (Fulvia)
955 1668 1120 1735 fundum

48 1776 228 1842 secunda
264 1773 430 1840 fortuna
462 1774 631 1840 emisset
661 1774 699 1840 ie
734 1775 836 1840 diem
870 1794 995 1859 neque
1029 1783 1120 1858 post

49 1878 336 1947 calamitatem
357 1899 562 1946 versuram
586 1881 720 1946 facero
743 1881 965 1963 potuisset,
982 1882 1057 1946 ille
1078 1899 1118 1947 se

47 1987 305 2069 interposuit
336 1986 628 2070 pecuniamque
660 1986 747 2054 sies
776 1986 914 2053 tenere
950 1988 1118 2071 sineque

48 2091 1118 2176 ellestipelatieneeredidit,marimemcristimans

48 2204 244 2283 qeaestum
266 2219 476 2266 memorem
498 2200 739 2283 gratumque
761 2201 953 2286 cognosci
975 2201 1118 2266 simel-

48 2324 123 2390 qee
145 2306 321 2390 aperire,
344 2324 384 2371 se
406 2325 478 2372 eon
503 2306 690 2385 fortene,
712 2304 781 2372 sed
801 2305 1032 2373 hominibus
1054 2326 1117 2374 so-

46 2411 133 2477 lare
162 2431 250 2478 essa
281 2410 460 2478 amioum.
512 2411 562 2478 Sic
584 2414 730 2479 mendose
752 2411 892 2490 codices;
914 2431 1012 2497 neque
1035 2414 1117 2480 enim

48 2517 150 2584 solem
181 2538 329 2604 perquam
360 2519 434 2584 dere
463 2518 558 2601 atque
588 2519 779 2603 ineleganter
800 2519 1028 2603 coniunguntur
1049 2538 1119 2585 see·

47 2625 150 2690 tentia
182 2624 303 2690 infinite
335 2625 466 2708 passivos
499 2627 605 2691 l'ormae
638 2628 670 2690 et
700 2624 873 2690 infinitivus
901 2626 1031 2704 octiens,
1054 2627 1117 2703 sed,

47 2731 172 2798 etiamsi
204 2731 270 2798 hec
303 2731 475 2797 coniunctio
508 2733 677 2807 excusetur,
706 2749 828 2813 prorsee
856 2749 1119 2814 prorumperes

47 2841 96 2905 est
117 2837 294 2921 aperire,
317 2837 461 2921 queniam
488 2854 547 2902 noe
571 2837 609 2900 de
631 2837 749 2902 occulto
769 2836 1011 2920 quodcmanimi
1027 2857 1118 2903 sensu

47 2945 102 3010 eet
135 2944 173 3009 de
206 2946 324 3010 secreto
358 2941 486 3010 consilio
518 2942 683 3025 aperiendo
715 2941 827 3025 egitur,
857 2942 912 3008 sed
933 2943 971 3007 de
993 2942 1117 3027 ingenio

47 3051 244 3134 moribusque
278 3068 385 3132 reapse
419 3051 451 3114 et
481 3048 600 3133 agendo
634 3047 826 3115 declarandis
848 3048 1116 3133 ostendendisque.

46 3156 157 3241 Itaque
190 3156 266 3223 nihil
298 3156 465 3241 preficiunt
486 3156 628 3234 editores,
658 3174 694 3221 ex
727 3156 890 3221 temeraria
914 3154 1118 3237 Peerlkampii

47 3265 224 3329 coniectura
256 3263 415 3347 aperire
448 3265 479 3328 ie
512 3262 699 3345 aperiens
732 3264 898 3327 mutantes.
945 3261 1042 3341 (Quid
1069 3264 1118 3328 est

47 3370 131 3435 enim
164 3370 340 3435 heiesmedi
370 3369 620 3435 terminationem
650 3367 930 3434 dissimillimarum
959 3370 1117 3451 permuta·

47 3478 132 3541 tiene
153 3476 362 3542 incredibilius
371 3479 400 3553 Ρ)
455 3474 658 3540 scribendum
681 3477 762 3540 eret:
792 3473 995 3557 simulque
1016 3491 1116 3561 appa·

45 3600 130 3659 rere,
159 3601 200 3648 se
229 3585 288 3648 cet.
336 3582 431 3647 Recte
459 3582 521 3646 iam
551 3583 664 3647 meunt
697 3580 764 3646 deae
796 3581 958 3646 sententie
980 3581 1115 3647 infinite.

46 3687 115 3768 [Sic
136 3689 198 3753 iam
220 3686 347 3772 quidem
369 3686 451 3771 apud
474 3686 661 3766 Schottnm]
1036 3668 1042 3680 ⁶

398 3888 519 3955 Seneca
541 3886 764 3975 Philosophus.

149 4016 272 4084 Senecae
304 4016 487 4100 Philosophi
519 4035 619 4099 opera,
653 4016 694 4083 ad
726 4035 794 4100 quse
826 4014 1020 4082 emendenda
1056 4034 1115 4082 eon

45 4124 187 4207 exiguam
212 4113 373 4190 materiem
397 4125 426 4188 ie
448 4121 634 4189 Adversaris
656 4123 763 4189 critica
783 4122 983 4200 contuleram,
1007 4123 1116 4205 postca

44 4248 104 4295 een
128 4229 191 4295 scre
213 4230 317 4314 attigi,
340 4229 399 4295 nisi
421 4229 513 4313 quod,
535 4249 605 4296 cem
627 4231 658 4295 ie
681 4228 768 4295 libris
789 4229 828 4295 de
850 4227 1007 4295 beneficiis
1030 4228 1115 4293 etde

44 4336 212 4401 clementia
233 4335 347 4402 codicis
363 4335 528 4402 Nazariani
551 4336 710 4418 scripturae
732 4334 852 4418 plenius
867 4337 998 4401 enotata
1013 4335 1053 4401 ab
1072 4333 1116 4400 M.

41 4442 179 4526 Heeptio
212 4461 263 4508 me
293 4441 505 4508 intercedente
532 4460 602 4506 cene
623 4440 746 4507 Gertzie
772 4439 922 4525 discipulo
945 4443 977 4508 et
998 4440 1117 4526 collega
