2656 5056
249 312 289 376 98
625 308 683 361 Lib.
703 309 738 363 11.
759 310 827 378 Cap.
848 310 875 362 1.

206 507 477 577 commemoratam
493 524 570 578 esse,
593 503 647 568 sed
663 504 708 569 sic
723 504 846 588 potius:
873 508 1104 592 illumque
1125 510 1188 594 ipsc
1206 508 1270 572 dirit

207 634 299 682 voce
323 614 430 679 dulci
453 614 492 677 et
513 612 623 676 clara
645 608 781 674 fuisse.
829 612 1059 697 significatur
1081 616 1174 692 locus,
1193 614 1272 698 quim
1314 675 1315 681 ,

208 723 246 788 de
268 721 335 787 Cor.
358 719 430 795 313,
464 716 516 782 nbi
536 715 700 781 AEsnhiues
727 717 915 798 appellatur
950 718 1269 808 λαμπροφωνότατος·
1313 732 1316 787 s

310 882 461 949 ibium:
483 898 568 944 narn
592 881 630 943 et
653 877 880 959 iudicabit,
909 885 1021 965 quid
1047 889 1192 971 cuique
1210 904 1271 967 opus
1313 934 1314 937 ,

209 989 279 1066 sit,
296 986 516 1070 etpoterit‚
533 987 915 1069 quocumquemodo
936 994 1271 1071 postulabitcuuuu

210 1093 354 1157 dicero.
399 1090 496 1156 Valde
513 1111 626 1171 vereor,
650 1111 688 1157 ne
712 1095 783 1174 post
806 1093 967 1176 cuique
994 1100 1154 1163 exciderit
1174 1114 1261 1163 cauea.

312 1258 456 1324 Inidia.
488 1260 524 1322 Iu
546 1258 612 1323 loco
634 1258 778 1342 longiore,
801 1278 899 1342 quam
927 1266 966 1327 ut
992 1265 1088 1330 totns
1113 1264 1273 1330 transscriia·
1315 1279 1316 1283 ’

209 1368 268 1444 tur,
291 1364 487 1447 perspicuum
511 1368 559 1430 est
580 1383 650 1431 cnm
672 1362 788 1428 causali
803 1367 982 1445 sententia,
1005 1390 1084 1453 quae
1102 1373 1147 1436 sic
1163 1369 1273 1435 decurrit:

209 1470 543 1536 dnmnnodeoere
567 1515 699 1531 .....
720 1471 918 1551 quantum
944 1477 1024 1551 sit,
1051 1474 1272 1559 appareaiin

209 1577 372 1660 alioque
395 1577 569 1658 ponatur
590 1574 782 1657 aliudque
804 1577 943 1644 totum
969 1584 1050 1660 sit,
1082 1586 1210 1649 utrum
1228 1582 1271 1645 de·

210 1702 297 1749 cere
320 1702 365 1748 au
388 1685 576 1764 oportere
599 1682 709 1747 dicas
731 1685 798 1755 oet,
825 1683 913 1748 nullo
940 1689 1044 1754 modo
1071 1690 1213 1773 coniungi
1232 1689 1272 1751 her

210 1808 315 1873 posse:
349 1808 433 1854 cnm
465 1788 552 1863 hoo,
586 1786 762 1870 iuquam,
794 1787 942 1854 decere
969 1793 1174 1875 dicimus,
1196 1792 1272 1858 iilud

210 1914 282 1960 non
317 1895 475 1972 decere,
510 1898 549 1958 et
583 1893 622 1958 id
645 1912 936 1977 usquequaque
961 1917 1026 1964 non
1054 1904 1159 1966 solnm
1182 1904 1273 1983 proptu

211 2001 413 2066 indicativum
439 2001 522 2066 uerbi
544 2000 680 2074 modum,
712 2000 764 2065 sed
788 2001 868 2083 quod
891 2001 966 2083 ipsa
991 2009 1095 2073 verba
1118 2030 1156 2072 ne
1177 2006 1274 2072 minim

211 2108 336 2190 quidem
371 2127 407 2172 ex
438 2109 526 2188 parto
560 2126 659 2172 causae
691 2106 954 2190 significationem
978 2113 1086 2178 ullam
1113 2115 1272 2180 habeutuut

210 2215 249 2280 ad
282 2215 411 2281 oratoris
445 2213 520 2290 eins,
544 2212 625 2296 quod
648 2212 764 2292 deceat,
787 2214 930 2278 servandi
956 2217 1107 2284 officium
1132 2220 1272 2303 pertinent:

212 2319 293 2402 quod
329 2322 432 2384 tamen
469 2318 597 2384 delendo
631 2318 763 2384 editores
785 2318 857 2383 inde
880 2340 898 2384 a
922 2321 1088 2391 Lambino
1112 2331 1272 2412 grassentur

210 2444 269 2490 uon
291 2425 390 2489 soinm
413 2426 481 2490 ideo
506 2427 619 2489 temere
641 2424 685 2498 fir,
715 2424 793 2509 quod
823 2425 906 2489 uuila
938 2429 1160 2499 additamenti
1189 2433 1272 2517 prone·

210 2532 281 2597 bilis
304 2532 387 2614 origo
410 2532 649 2606 demonstratur,
677 2532 730 2596 sed
759 2533 851 2597 etiam
875 2533 959 2613 quod
983 2536 1060 2617 ipsa
1085 2542 1178 2607 rerba
1198 2538 1272 2621 apia

210 2640 287 2704 sima
309 2641 380 2702 sunt
404 2636 443 2701 ad
466 2636 648 2703 declaranda
662 2656 708 2717 ea,
725 2657 792 2720 quae
807 2636 945 2719 proxime
968 2646 1177 2721 praeeedunt:
1198 2642 1269 2728 qnod

208 2763 366 2826 semper
387 2761 627 2825 usurpamus
655 2743 693 2807 in
723 2743 906 2809 omuibus
928 2746 1067 2816 dictis
1092 2756 1133 2817 et
1154 2753 1268 2817 iactis,

208 2852 387 2917 minimis
411 2853 449 2915 et
473 2851 664 2915 maximia.
698 2850 800 2916 Unum
816 2868 999 2931 perversum
1019 2861 1083 2936 est,
1102 2873 1266 2942 quocumque

208 2957 298 3025 modo
314 2957 405 3021 verba
424 2955 624 3037 accipinutur,
648 2955 823 3039 iuquam,
847 2958 1008 3040 quoniam,
1036 2983 1143 3047 neque
1166 2968 1190 3029 si
1210 2979 1265 3045 pra

207 3064 386 3130 cedentibus
418 3062 638 3146 adiunguntur,
671 3081 770 3146 neque
802 3063 826 3127 si
849 3063 889 3127 ad
910 3067 1078 3134 causalem
1103 3070 1263 3136 sententian

207 3169 379 3246 trahuntur,
413 3169 477 3233 nlla
508 3169 558 3234 hic
590 3172 639 3235 est
667 3169 814 3234 orationis
841 3171 1028 3255 interruptae
1053 3173 1261 3260 redintegratio.

206 3275 322 3357 Opinon
338 3275 517 3340 Ciceronem
533 3275 578 3341 sic
600 3276 775 3357 scripsisse:
800 3276 888 3339 Cum
912 3276 987 3342 hon
1011 3276 1262 3365 dederetquod

205 3401 359 3466 semper
385 3400 623 3463 usurpamus
645 3383 683 3446 in
706 3382 887 3447 omuibus
918 3383 1050 3451 dictis
1085 3396 1126 3453 et
1150 3385 1261 3455 santia,

204 3489 383 3556 minimis
406 3490 444 3554 et
466 3487 666 3561 maximis,
695 3507 778 3553 cum
809 3487 881 3553 hoe
902 3490 1034 3573 uspiam
1061 3495 1201 3561 decere
1219 3491 1260 3554 di·
1300 3493 1301 3496 ’

204 3599 347 3673 nimus,
384 3592 489 3659 illud
520 3614 592 3660 uon
629 3596 786 3672 decere,
823 3596 861 3658 et
896 3593 937 3659 id
976 3603 1263 3685 usquequaquei

204 3705 393 3785 quantum
427 3701 499 3775 sit,
534 3702 821 3785 appareatoet..
867 3701 1008 3767 Primum
1032 3705 1154 3784 Cicero,
1176 3723 1258 3791 quen·

203 3807 369 3874 admodum
391 3808 521 3889 sparsim
544 3809 628 3873 etin
651 3807 783 3891 siugulis
806 3806 896 3871 rebus
920 3807 1034 3875 decere
1051 3816 1085 3877 et
1101 3834 1162 3880 non
1178 3815 1261 3877 decnro

200 3913 317 3994 aliquid
342 3913 472 3990 dicatur,
496 3913 661 3997 siguificat,
693 3913 802 3978 deinde
832 3913 924 3978 huius
948 3917 1035 3982 uerbi
1059 3938 1153 3986 usum
1176 3922 1204 3985 et
1221 3916 1259 3978 de·

200 4018 279 4083 coris
301 4018 449 4084 iudicium
474 4019 514 4083 ad
537 4022 639 4085 omnia
666 4018 841 4103 pervulgari
870 4019 949 4085 dicit
965 4012 1024 4099 (et
1059 4028 1100 4093 id
1134 4040 1258 4109 usquu-

199 4132 379 4209 qnaque).
432 4127 479 4190 Ao
507 4125 546 4190 de
575 4129 640 4191 tota
670 4124 793 4209 quidem
824 4124 883 4191 loci
915 4128 1016 4195 formu
1040 4134 1073 4197 et
1097 4128 1262 4200 coherentia
