2626 5070
229 171 292 236 344
473 221 476 231 ,
587 169 862 240 Lib.V111.Cap.ll.

291 369 456 433 Declaratn
466 367 663 432 instrumenti
672 367 768 430 critici
779 366 1004 459 inlraoSeneoae
1012 366 1237 445 librorumpnrte

189 477 299 538 natura
312 477 455 556 rectaque
477 475 541 538 eius
556 472 662 537 utendi
675 473 724 536 ria
738 471 919 555 significata,
942 469 980 534 ad
1002 471 1085 554 ipsus
1105 467 1227 534 emenda·
1270 468 1272 496 ³
1305 499 1313 503 ··

190 580 291 644 tiones
314 579 497 662 promendas
520 580 616 653 venio,
639 581 672 643 et
693 579 833 660 quoniam
857 578 1002 643 librorum
1028 576 1146 642 Seuoooe
1164 591 1222 657 pra»
1267 580 1268 583 ’

192 686 240 747 ter
262 701 374 766 paucos
405 688 546 768 tempora
568 686 684 749 incerta
705 686 778 748 suut
810 702 908 766 neque
940 684 1101 765 ouicquam
1133 681 1164 746 ad
1182 696 1218 742 no

191 792 289 855 stram
315 810 379 854 rem
412 792 561 855 momenti
582 792 709 860 laniunt,
742 789 887 871 incipiam
909 788 1049 853 utribus
1070 787 1138 863 iltis,
1166 800 1218 866 quoe
1264 799 1266 802 ⁴

192 896 369 977 supradixi
392 896 626 978 diligentissimo
649 915 667 960 a
688 914 738 960 me
760 898 971 978 pertractatus,
994 893 1103 958 deiude
1122 893 1217 956 inmte
1262 951 1263 955 ,

191 1000 235 1065 ris
258 1002 394 1066 ordinem
429 1020 537 1084 sequar
560 1002 678 1076 Haasii,
699 1002 756 1066 boc
780 1003 838 1075 est,
859 999 972 1063 codicis
997 1000 1034 1061 il.
1089 999 1121 1062 ln
1141 1010 1219 1061 consu
1269 1034 1270 1039 κ

190 1105 307 1170 latione
340 1106 464 1188 quidem
499 1107 593 1170 etiam
626 1111 737 1188 praetor
771 1124 842 1170 mea
875 1109 908 1169 et
939 1124 1018 1169 nova
1050 1104 1080 1168 in
1114 1101 1222 1185 margine
1268 1111 1308 1192 fai

191 1229 313 1292 ponam.
347 1230 413 1294 quae
446 1230 467 1279 a
497 1213 703 1293 superioribus
725 1216 779 1276 aut
802 1213 902 1294 aliquo
923 1222 1028 1274 eorum
1050 1210 1171 1290 probata
1188 1205 1224 1271 aut
1294 1215 1311 1259 ι’

192 1317 364 1389 emendata,
400 1336 460 1380 non
493 1317 591 1381 solum
625 1338 643 1381 a
676 1317 826 1391 Fickert),
860 1315 913 1382 sed
946 1316 1041 1379 etiam
1069 1317 1108 1380 ab
1137 1312 1227 1380 Hnaa'u
1275 1328 1309 1361 1

189 1424 306 1504 spreta,
328 1423 393 1487 sine
426 1423 489 1487 ulla
522 1422 713 1489 dubitatione
745 1424 776 1487 in
804 1423 872 1504 ipsa
893 1419 1016 1485 Senecae
1039 1421 1172 1486 oratioue
1190 1436 1230 1500 pc
1284 1430 1313 1464 >³

190 1528 291 1592 nenda
312 1529 406 1594 fuisse
428 1529 504 1594 mibi
526 1529 677 1606 videntur,
699 1534 734 1593 ut
754 1529 910 1612 appareat,
934 1525 1007 1612 qnid
1020 1526 1121 1592 futuro
1143 1517 1235 1590 editori
1290 1552 1296 1557 ·

191 1633 332 1700 relictum
367 1636 408 1700 sit
440 1637 505 1700 siue
539 1653 683 1699 novorum
704 1634 880 1700 inventione
902 1636 984 1697 recto
1015 1634 1048 1696 et
1068 1632 1164 1697 libero
1185 1631 1239 1694 ian

190 1739 380 1803 inventorum
404 1759 460 1804 usu
483 1740 686 1812 efficiendum
738 1739 824 1804 Nulli
845 1743 949 1804 autem
972 1757 1007 1803 er
1030 1738 1090 1809 bis,
1111 1738 1163 1822 qui
1183 1737 1240 1800 dia·

192 1843 253 1926 logi
276 1845 493 1918 inscribuntur,
527 1846 640 1909 libellis
675 1845 761 1929 plura
788 1845 966 1928 graviorave
994 1844 1107 1908 menda
1137 1843 1248 1908 inflicta

191 1951 310 2031 sunt.¹)

293 2054 416 2128 Consu.
445 2055 487 2123 ad
517 2055 668 2122 llarciaur
708 2055 792 2131 (sive,
825 2057 860 2118 ut
891 2053 922 2118 in
951 2052 1037 2118 codd.
1067 2053 1247 2120 inscribitur.

193 2159 230 2223 de
265 2178 345 2226 cona.
381 2143 426 2227 ad*
454 2163 512 2227 M.)
545 2181 570 2226 c.
605 2162 641 2237 1,
673 2160 692 2222 2
726 2160 818 2224 verbe
844 2160 890 2224 sic
918 2158 1094 2242 interpungi
1127 2159 1248 2224 debent:

143 2267 148 2279 '
189 2266 254 2330 sed
285 2266 435 2332 dedisti
458 2285 588 2332 manus
619 2268 721 2354 victa
742 2266 957 2348 fudistique
978 2263 1168 2330 lacrimas
1189 2283 1249 2346 pa·

188 2370 282 2447 lam,
316 2375 353 2435 et
387 2375 563 2455 gemitus
601 2373 798 2438 devorasti
819 2371 989 2455 quidem,
1022 2388 1094 2435 uon
1131 2372 1250 2436 tamen

189 2476 307 2541 hilari
329 2478 458 2542 fronte
481 2479 628 2543 texisti.
661 2477 940 2559 Averbispalam
963 2480 1004 2541 et
1027 2477 1185 2542 sententia
1208 2476 1252 2540 in·

188 2581 288 2664 cipere
310 2583 423 2666 nequit.
472 2583 510 2648 llt
531 2585 575 2648 sic
595 2587 671 2649 ante¹
690 2582 896 2666 Ruhlropfium
916 2581 1204 2666 interpungebatur.
1216 2581 1240 2652 ’l

259 2950 366 2992 annor
395 2943 476 3002 (recte
504 2939 638 3002 Hessius),
669 2942 708 3004 19,
739 2943 756 2995 3
784 2938 885 2993 scisti
915 2937 998 2991 mori
1022 2937 1255 3000 (moriturum

261 3028 375 3084 Hauius
392 3030 425 3084 ad
457 3047 548 3086 rerum
566 3031 648 3087 rediit
665 3024 757 3085 annot.
786 3032 846 3086 crit.
875 3047 899 3100 p.
920 3032 961 3085 13.
999 3028 1092 3098 Longe
1117 3027 1195 3083 alind
1213 3029 1254 3081 est

260 3122 335 3175 scio
366 3124 468 3190 mori,
504 3124 532 3178 id
567 3129 615 3181 est.
648 3128 718 3180 recte
748 3123 879 3178 moriendi
914 3125 999 3178 artam
1037 3125 1066 3174 et
1095 3119 1256 3175 multatum

258 3213 358 3280 habeo;
374 3214 480 3278 vidue,
499 3219 524 3276 4„
543 3215 576 3270 de
587 3216 660 3270 brer.
679 3217 729 3270 rit.
748 3220 773 3278 2,
794 3220 807 3273 l
826 3220 855 3270 et
873 3218 897 3279 7,
917 3218 942 3276 4,
961 3214 1039 3283 epist.
1058 3216 1104 3271 45.
1123 3217 1142 3269 5
1161 3216 1189 3267 et
1212 3214 1253 3267 55.

260 3309 286 3370 3,
306 3309 380 3375 cet).
411 3360 414 3365 ,
959 3293 960 3296 “

216 3410 237 3478 ¹)
257 3410 397 3465 Michaelis
416 3410 532 3466 Batavus
551 3411 677 3481 exiguum
691 3412 797 3481 ‚proprii
816 3411 880 3466 boni
898 3411 988 3475 habet,
1007 3409 1100 3465 inania
1119 3410 1220 3464 multa.

215 3512 239 3578 ¹)
258 3512 322 3583 Cap.
343 3517 451 3578 1‚4er
469 3531 508 3581 eo,
527 3513 598 3585 qnod
616 3515 644 3568 in
663 3517 686 3570 Δ
704 3521 732 3570 et
750 3516 812 3570 aliis
828 3514 967 3570 scribitur:
996 3513 1037 3569 ob
1065 3514 1149 3569 dnus
1181 3530 1258 3584 par·

260 3608 311 3660 tes
330 3647 337 3660 .
357 3647 364 3660 .
384 3648 399 3672 .,
419 3607 656 3676 eloquentiam
676 3612 712 3662 et
730 3606 954 3671 libertatem,
969 3608 1044 3661 recte
1065 3607 1191 3662 Muretus
1212 3605 1257 3660 de·

261 3701 345 3753 tracto
364 3715 380 3767 p
398 3698 534 3753 effecerat:
563 3698 602 3754 ob
621 3699 704 3757 duas
723 3716 810 3758 areos
829 3701 902 3768 (nam
920 3698 1027 3754 Latinis
1045 3700 1131 3754 etiarn
1149 3701 1260 3756 liberta

260 3790 365 3860 ingenii
391 3792 463 3845 inter
490 3791 573 3846 bouus
600 3798 672 3851 artes
698 3801 766 3860 eutr.
795 3811 848 3850 nou
871 3793 943 3845 recte
963 3791 1078 3860 prolata
1096 3795 1139 3846 est
1157 3794 1258 3847 conice

261 3886 322 3936 tura
340 3883 368 3936 iu
387 3884 507 3952 margine
533 3883 632 3939 codicis
651 3886 674 3939 Δ
693 3886 780 3954 posita
805 3884 845 3939 ob
864 3883 948 3938 duas
967 3899 1034 3938 rea.
1079 3883 1142 3939 Ibd.
1163 3890 1180 3941 3
1199 3883 1261 3939 iude

259 3972 293 4027 ab
313 3973 422 4028 Eraame
441 3978 512 4030 recte
530 3975 670 4031 edebatur:
689 3976 868 4045 ingenium
887 3977 1000 4044 patris
1018 4017 1025 4029 .
1046 4015 1054 4030 .
1074 4016 1081 4030 .
1102 3976 1140 4030 iu
1160 3992 1259 4030 usum
