2580 5054
230 265 249 328 2

188 462 275 528 Livio
298 468 329 528 et
350 462 421 527 aliie
442 477 565 542 operam
586 478 673 535 navo,
696 460 796 525 iacere
816 459 962 539 siveram,
987 460 1092 545 iisqne
1117 460 1245 545 paulatin
1273 479 1275 491 ⁵

189 569 340 636 rhetorica
372 567 589 638 adiunxiseem.
613 569 776 632 renovatus
798 566 945 632 iuvenilis
970 586 1072 645 amor,
1099 571 1137 632 ut
1156 570 1244 640 multa
1275 592 1276 595 ¹

183 693 255 758 qua
287 678 378 741 antea
411 693 472 740 non
504 672 852 758 expediveram„altius
882 675 915 739 et
947 674 1108 739 intentius
1141 675 1250 739 rimarer

186 784 429 865 creatoremque,
442 770 577 863 impulit
597 778 823 865 adiuvanteque
847 780 942 844 etiam
966 781 1151 864 multiplici,
1171 800 1244 864 qmn

187 885 219 951 in
242 886 323 952 Livii
345 887 536 970 aliorumque
558 886 739 972 scriptorum
769 887 912 970 operibus
940 903 1106 971 suxeram,
1129 905 1244 954 errorum

187 1011 294 1058 causas
309 992 420 1058 etuias
435 993 637 1077 perspiciendi
649 993 867 1059 exercitatione
880 1011 942 1058 non
954 993 1102 1076 exiguam
1118 1012 1242 1059 novumn

186 1117 222 1164 ao
244 1101 395 1164 cenarum
419 1098 665 1166 emendationum
689 1100 806 1183 copiam
821 1100 951 1181 peperit.
987 1101 1082 1165 Hanc
1099 1101 1243 1166 materian

185 1206 374 1288 aliquamdiu
407 1206 567 1272 collectam
602 1207 865 1291 constipatamque
892 1208 924 1271 in
955 1207 1084 1272 scriniis
1108 1205 1243 1276 conbmb
1276 1193 1277 1197 ¹

187 1313 271 1396 (nam
293 1311 342 1377 bis
365 1311 510 1395 proximis
538 1315 625 1378 annis
645 1317 677 1378 et
698 1331 716 1377 a
737 1316 885 1395 perpetua
908 1315 1052 1379 veterum
1075 1317 1243 1398 scriptorum

183 1417 316 1485 lectione
348 1421 469 1483 animus
490 1418 530 1483 ad
556 1420 618 1484 alia
646 1419 803 1485 traductus
826 1438 876 1485 mo
898 1419 1016 1485 sensim
1041 1423 1191 1497 avocavit,
1212 1430 1243 1492 et,

185 1542 253 1608 qua
276 1544 312 1590 ex
333 1526 470 1609 antiquis
489 1525 602 1591 litteris
621 1526 811 1592 etiamnunc
832 1528 961 1610 attingo,
983 1527 1019 1591 in
1043 1528 1091 1598 iis.
1116 1529 1242 1611 quonian

184 1629 302 1705 alienis,
336 1650 395 1697 non
430 1631 515 1710 meis,
550 1633 648 1698 oculis
677 1633 721 1698 uti
750 1651 852 1717 cogor,
886 1631 1051 1714 scripturis
1074 1635 1240 1700 varietatem

183 1737 383 1821 codicumque
407 1739 539 1823 vestigia
560 1740 700 1822 persequi
722 1757 777 1804 nec
797 1758 921 1824 possum
938 1759 995 1805 nec
1009 1740 1145 1823 placet;)
1168 1757 1241 1812 nnnc,

183 1843 326 1925 quoniam
348 1843 395 1917 iis,
418 1847 470 1929 qui
493 1847 523 1909 in
546 1845 746 1930 scriptoribus
774 1846 911 1929 antiquis
943 1846 1087 1929 legendis
1112 1851 1146 1913 et
1168 1865 1243 1912 euar-

181 1946 285 2013 randis
300 1956 497 2033 occupantur,
520 1953 641 2035 aliquid
656 1971 692 2018 ea
706 1953 851 2019 utilitatis
874 1952 981 2017 afferre
1004 1971 1098 2035 posse
1123 1952 1242 2025 videtur,

182 2052 222 2119 ad
244 2055 371 2122 eandem
394 2058 535 2137 formam,
558 2078 651 2141 quam
673 2061 704 2124 iu
729 2059 935 2142 superioribus
956 2058 1022 2124 illis
1046 2059 1244 2125 voluminibus

181 2164 307 2227 secutus
339 2182 416 2237 sum,
451 2165 540 2230 edero
575 2166 697 2232 delectu
729 2166 794 2250 ipse
827 2168 907 2233 facto
941 2166 1076 2240 decrevi,
1110 2166 1240 2231 brevitati

182 2266 277 2334 etiam
308 2270 397 2352 paulo
435 2272 534 2355 magis
572 2272 720 2338 haetenus
758 2273 899 2350 studens,
941 2272 1024 2354 quod
1065 2273 1241 2355 quaestiones

112 2453 114 2457 Ι
180 2377 397 2458 grammaticas
414 2378 543 2461 longius,
556 2397 647 2461 qnam
664 2379 730 2461 ipsa
748 2379 894 2452 locorum,
910 2379 947 2444 de
962 2379 1077 2461 quibus
1092 2380 1241 2463 agebam,

178 2481 322 2553 tractatio
354 2484 539 2567 requirebat,
572 2484 728 2550 rarissime
763 2489 937 2570 persecutus
970 2504 1052 2550 sum.
1108 2487 1185 2551 Cum
1214 2482 1239 2545 io

178 2589 378 2673 scriptoribus
400 2591 538 2674 legendis
564 2597 674 2674 prater
688 2593 825 2660 codicum
842 2592 1006 2675 scripturas
1022 2593 1063 2658 ab
1079 2593 1238 2658 editoribus

178 2699 339 2762 annotatas
371 2698 610 2763 instrumentum
636 2699 774 2781 amplum
807 2719 862 2766 nec
891 2699 928 2763 ad
951 2717 1080 2764 manum
1103 2698 1236 2765 haberem

178 2821 235 2869 nec
259 2802 397 2869 studiose
427 2806 661 2885 pervolutarem,
690 2807 830 2890 quadam
859 2807 952 2871 etiam
981 2806 1125 2889 exempla
1153 2822 1237 2886 nuper

176 2909 215 2975 ab
237 2909 424 2986 hominibus,
445 2912 483 2976 de
506 2931 633 2994 quorum
656 2914 779 2997 ingenio
801 2932 836 2979 ac
858 2911 1003 2977 facultate
1022 2930 1085 2977 non
1101 2929 1236 2996 maguam

175 3013 325 3081 habebam
360 3016 546 3100 opinionem,
580 3019 664 3086 edita
698 3019 894 3105 negligerem,
923 3017 990 3082 fieri
1020 3017 1113 3083 facile
1135 3017 1240 3101 potuit

175 3121 211 3185 ut
231 3124 264 3187 et
284 3124 430 3190 nonnulla
451 3145 547 3208 nuper
579 3128 655 3194 bene
685 3128 806 3192 inventa
833 3144 881 3191 me
914 3125 1057 3208 lugerent
1079 3128 1113 3189 et
1135 3125 1236 3208 sapius
1284 3144 1285 3150 ¹

173 3226 205 3291 in
230 3230 461 3307 emendationes
483 3252 502 3298 a
523 3233 729 3317 superioribus
751 3231 915 3317 philologis
944 3231 1113 3313 occupatas
1142 3231 1236 3295 incur·
1286 3227 1287 3296 ἒ

174 3354 290 3410 rerem3
322 3337 353 3401 in
383 3338 440 3404 hoo
467 3358 578 3422 genere
610 3359 648 3406 ne
680 3339 773 3405 nimis
805 3358 884 3423 saepe
913 3338 1013 3404 aliena
1036 3338 1118 3404 meis
1140 3334 1236 3403 immi·

172 3459 300 3527 acerem,
334 3445 417 3510 cavit
449 3446 480 3510 in
513 3446 670 3513 Herodoto
707 3448 836 3512 maxime
869 3451 901 3511 et
933 3444 1081 3511 Cicerone
1105 3440 1235 3527 Siesbpei

172 3547 232 3614 mei
269 3551 499 3629 benevolentia3
543 3557 578 3618 ut
620 3553 721 3620 omnis
763 3573 844 3619 error
886 3554 1036 3634 culpaque
1081 3552 1237 3625 vitaretur,

172 3672 210 3719 ne
231 3656 320 3721 illum
343 3658 468 3739 quidem
489 3660 610 3728 efficere
641 3662 777 3744 potuisse
805 3679 925 3744 sperare
946 3658 1055 3731 audeo.
1093 3658 1235 3725 celeriter.

171 3777 239 3840 qua
271 3765 463 3846 scripseram,
499 3786 569 3833 cum
602 3768 732 3834 aliorum
768 3766 865 3841 libris,
903 3766 956 3850 qui
992 3769 1108 3848 praesto
1145 3766 1234 3833 erant.

170 3871 415 3947 comparantem
459 3875 612 3940 nonnullis
656 3875 686 3940 in
731 3876 822 3949 locis,
865 3874 998 3939 maxims
1043 3875 1170 3956 quidem
1206 3872 1233 3934 iu

169 3966 323 4039 Ciceronis
367 3976 466 4055 libris,
511 3981 576 4063 ipso
620 3983 712 4049 stiam
758 3982 902 4065 Siesbyeo
946 3984 1078 4064 rogante
1123 3996 1233 4046 correc-

167 4073 269 4142 tiones
311 4098 328 4145 a
365 4083 515 4166 Manutio,
559 4089 708 4156 Lambino
750 4089 858 4156 aliisve
899 4088 960 4153 iam
1005 4088 1121 4162 lactas,
1164 4100 1237 4168 quas
