2648 5084
460 675 735 799 senuero.
1022 721 1085 786 see

60 920 299 986 ritiemesse
319 919 621 985 ecerbissimum
646 920 800 986 melum
848 919 1054 997 Pertinacem,
1074 921 1128 1005 qni

58 1026 222 1109 eliquento
254 1027 324 1108 post
345 1025 494 1091 Antonini
515 1027 646 1092 mortem
667 1027 835 1110 imperetur
855 1026 924 1103 fnit,
955 1026 1006 1090 hic
1027 1026 1129 1092 nomi·

58 1131 133 1197 neri
148 1150 213 1197 ¹nou
244 1131 382 1215 potuisse
416 1133 551 1215 epperet
615 1133 677 1198 Sed
702 1132 885 1214 simpliciter
906 1130 1008 1198 delere
1040 1133 1127 1198 Per·

56 1239 196 1303 tinece
227 1242 264 1303 et
285 1257 346 1302 non
367 1238 450 1305 licet.
494 1237 712 1304 Scribendum:
741 1240 870 1304 Etiem
894 1238 938 1302 de
954 1239 1130 1322 pernicie

56 1346 120 1423 (dc
151 1344 331 1428 pernicie
366 1366 408 1407 cc
441 1347 572 1426 coedci)
612 1341 747 1409 Gelbes
782 1345 889 1429 peris
920 1345 1124 1411 sentiebat.

56 1451 231 1535 Superiora·
258 1469 335 1516 sene
376 1450 528 1526 videntur,
556 1452 702 1518 semicolo
729 1454 800 1535 pust
820 1450 994 1534 Oelignlem
1017 1451 1125 1533 positu.

55 1558 215 1622 Neronem
248 1557 409 1636 meruisse,
446 1556 618 1641 deliquium
648 1557 790 1624 debuisse
824 1556 920 1622 occidi
953 1558 1127 1623 Antoninus

57 1664 202 1739 dicehet;
224 1662 377 1729 Othonem
400 1665 432 1728 et
459 1662 620 1729 Vitellium
648 1664 731 1747 ipsos
752 1664 914 1746 imperium
936 1664 1068 1731 retinere
1090 1682 1128 1730 ec

55 1770 226 1836 defendere
248 1764 392 1835 noluisse.

164 1875 229 1940 Ihd.
274 1875 309 1940 9:
352 1877 650 1952 Antiochensis,
693 1878 755 1961 qui
804 1875 947 1941 Avidio
991 1877 1127 1941 (lessio

55 1986 348 2052 consenserent
368 1985 436 2049 sed
459 1983 580 2050 ethis
602 1985 640 2049 et
661 1983 753 2049 eliis
774 1982 1023 2058 civitatibus,
1046 2000 1127 2064 que

56 2087 181 2152 illum
217 2089 421 2167 iuverunt,
453 2091 618 2175 ignovit.
689 2089 838 2155 Iordeuus
871 2088 988 2153 lecuuae
1021 2089 1125 2153 notem

55 2194 164 2277 posuit
195 2197 264 2278 poet
291 2180 606 2273 ‘consenserenm
650 2197 742 2262 Peter
783 2192 1128 2260 Antiochensibus

56 2301 185 2382 scripsit
206 2305 238 2366 et
259 2321 349 2369 voces
382 2305 448 2370 sed
482 2308 523 2370 et
554 2303 614 2369 his
647 2302 768 2368 delevit
827 2300 1027 2367 Smibendum
1060 2302 1126 2365 est:

56 2406 342 2472 Antiochenses
384 2432 534 2495 quoque
574 2410 716 2474 Avidio
755 2408 788 2474 C.
827 2409 1125 2482 consenserent;

55 2511 129 2576 sed
161 2516 199 2578 et
231 2514 291 2579 his
314 2518 352 2579 et
385 2516 480 2581 eliis
514 2516 583 2581 civ.
612 2514 860 2599 ...ignovit
917 2504 1026 2591 (Peulc
1058 2517 1129 2596 quet

57 2618 140 2684 mire
161 2619 382 2686 Mommsenius
411 2624 443 2686 et
465 2620 615 2688 Iordenus
647 2622 697 2687 hic
729 2620 879 2687 damnent
906 2620 1054 2695 emite,
1091 2620 1124 2685 in

57 2726 175 2790 Autem
210 2726 289 2792 Phil.
320 2728 359 2790 26
392 2728 468 2795 nihil
503 2727 622 2794 cilensi
681 2726 836 2792 Nimirum
873 2744 948 2792 sun
987 2725 1127 2801 (emitur

54 2851 137 2896 sue
161 2833 312 2911 meritc)
339 2833 469 2899 refertur
490 2852 549 2898 non
571 2834 610 2899 ed
633 2821 805 2899 subiectum
828 2832 883 2898 sed
904 2831 943 2897 ud
962 2832 1126 2907 obiectum,

56 2938 310 3023 significaturque
332 2939 462 3005 mantus
485 2939 589 3006 emite
612 2940 781 3004 Dmncieni
803 2941 835 3003 et
857 2938 1071 3014 Alexandris.)

162 3043 319 3111 Oommnd.
360 3047 398 3110 5:
454 3047 727 3129 trecentisque
770 3046 865 3111 eliis
907 3044 1126 3127 puberibus

58 3150 240 3227 exoletis,
265 3172 357 3235 quos
379 3171 485 3237 eque
508 3171 549 3218 er
571 3153 688 3236 plebe
709 3170 751 3216 ec
776 3151 991 3217 nohil'itete
1013 3152 1123 3234 niep·

56 3261 207 3340 tusque
232 3259 289 3334 (sic
314 3259 355 3335 B;
378 3259 403 3323 P
425 3260 666 3342 nuptiisque)
689 3258 816 3324 forme
837 3257 1126 3342 disceptatrice

58 3362 292 3446 collegerat.
352 3364 459 3448 Neque
495 3366 563 3430 elice
596 3366 826 3431 emendationes
859 3365 1021 3450 quicquum
1057 3382 1126 3448 pru·

56 3471 199 3535 feceruut
219 3489 327 3553 neque,
350 3462 556 3554 quem'Peter
577 3473 725 3555 sequitur,
746 3471 881 3537 annebi
902 3470 1126 3552 vultusque;

57 3594 133 3640 nem
146 3579 178 3641 et
199 3592 269 3659 que
290 3577 438 3654 abundet,
460 3580 492 3643 et
512 3578 636 3644 forme
657 3578 755 3643 multu
782 3577 895 3643 rectius
916 3596 972 3660 per
993 3595 1027 3641 se
1049 3576 1126 3641 dici·

57 3690 228 3765 torquem
259 3682 393 3749 vultus
415 3684 541 3749 icrme
569 3684 640 3761 (hoc
662 3687 719 3758 est,
741 3683 824 3759 uris).
868 3683 975 3765 Neque
998 3681 1125 3747 Ouerdi·

57 3789 129 3854 ckio
162 3789 320 3865 (Zeitschr.
344 3790 365 3854 f.
389 3790 420 3855 d.
442 3790 628 3856 (osterreich.
657 3788 859 3872 Gymnesien,
874 3789 974 3859 lddh,
997 3807 1026 3871 p.
1050 3787 1128 3869 740)

57 3913 110 3960 res
132 3896 290 3960 successit.
332 3896 504 3961 lenissime
525 3895 690 3961 ediurendi
713 3895 887 3960 litterarum
908 3895 939 3960 in
964 3895 990 3958 B
1016 3893 1128 3958 ductus

58 4003 148 4067 sunt:
171 4002 210 4064 ei
234 4002 462 4086 pretiisque,
485 4002 609 4067 forme
634 4001 933 4085 disceptatrice,
955 4000 1126 4083 college·

58 4111 132 4172 ret
177 4107 250 4183 (Cir.
288 4108 400 4174 Pertiu.
434 4109 470 4173 7:
516 4108 697 4191 exceptis
731 4108 808 4185 his,
845 4109 911 4191 qui
948 4125 1016 4189 per
1050 4105 1126 4169 uim

59 4214 221 4279 Pelstio
242 4215 477 4280 videbantur
499 4215 666 4293 inserti.)

163 4321 229 4387 lbd.
254 4322 289 4383 ll
315 4323 423 4398 oretis,
456 4340 517 4387 une
538 4321 642 4387 littere
665 4322 698 4385 in
720 4319 858 4385 codicum
884 4319 1036 4402 scripture
1057 4336 1126 4382 mu·
1166 4371 1173 4387 .

59 4431 146 4504 tete,
188 4427 233 4492 sic
268 4413 510 4510 interpungende
550 4429 613 4492 est:
656 4445 765 4510 quem
800 4426 991 4508 <prefectum
1024 4427 1126 4507 pret.)

59 4534 217 4613 saltere
240 4533 356 4598 etiem
373 4532 999 4607 nudum,..iussit,...deformeto
1015 4529 1128 4594 vultu
