2648 5084
463 735 575 793 Geliius.
765 720 768 728 ¹
955 733 1016 798 589

97 936 318 1009 13333]οι
355 935 425 1002 ser
446 937 670 1006 invenimus
774 937 813 1001 ra
835 937 903 1002 hoo
926 955 1058 1001 vorsu:
1102 947 1105 954 ·
1145 914 1257 1018 su·

37 1045 94 1109 ide
124 1045 199 1109 sibi
221 1028 541 1108 memoraturum
565 1062 775 1125 superesse
797 1043 986 1115 laborem,
1020 1036 1060 1119 11
1164 1038 1175 1056 ’

42 1154 74 1224 1,
120 1151 310 1232 reliquum
349 1169 432 1216 esse
465 1152 503 1214 et
538 1151 707 1221 restare,
752 1150 863 1234 quod,
898 1151 989 1232 quia
1020 1148 1060 1212 id
1110 1174 1154 1231 ,30

43 1261 74 1335 1,
123 1258 251 1322 divise
293 1256 621 1337 pronuntiandum
665 1259 741 1331 est,
786 1260 827 1321 ut
872 1276 943 1322 non
986 1265 1068 1333 333·

37 1384 90 1429 urs
122 1363 319 1430 orationis
351 1381 438 1426 esse
471 1362 672 1448 videatur,
711 1363 780 1428 sed
814 1362 904 1429 1330.
962 1362 1060 1426 Sensu

37 1491 101 1536 rere
114 1471 189 1536 illud
206 1470 292 1553 quia
306 1469 343 1533 id
358 1471 426 1541 est,
436 1469 629 1534 confitentur.
643 1467 858 1534 Scribendum:
871 1468 966 1554 quod
978 1469 1060 1551 qui-

37 1600 81 1638 em
102 1576 232 1641 divise
248 1574 573 1658 pronuntiandum
591 1578 661 1641 est.
676 1575 740 1661 [Sic
751 1576 901 1642 ediante
915 1573 1060 1658 tironos]

97 1683 165 1748 Lib.
198 1681 245 1771 11,
277 1681 307 1755 2,
341 1681 378 1743 7:
443 1683 599 1766 Absque
642 1683 885 1764 praeiudicio,
930 1681 1061 1765 inquit

37 1809 166 1866 eurus,
201 1792 241 1852 tu
276 1788 434 1852 interea
466 1788 652 1854 sededum
684 1808 768 1854 eum
796 1790 1059 1874 conspicimus

37 1897 305 1978 serimusque,
350 1899 479 1959 utrum
517 1895 742 1973 conveniat,
788 1898 877 1962 tene
922 1895 1060 1978 potius

43 2001 134 2064 dere
240 2019 286 2064 an
309 1998 451 2066 filium.
484 1999 617 2065 Pravum
640 2002 823 2067 sededum
845 2011 955 2086 (neque
978 2001 1059 2065 enim

37 2145 38 2154 1
61 2106 202 2189 0901333,
235 2105 386 2169 iteradum
419 2106 483 2170 baec
506 2107 603 2171 forma
624 2109 782 2174 transferri
804 2109 843 2174 ad
865 2111 981 2174 cetoros
1003 2106 1060 2170 im·

37 2213 154 2278 rativos
176 2215 286 2296 potest,
319 2210 424 2276 311113
448 2213 618 2299 prasertim
641 2214 762 2291 interca,
798 2233 930 2299 quocum
954 2231 1061 2279 neces·

37 2321 81 2384 rio
106 2318 302 2404 coniungitur
333 2318 429 2393 dum),
462 2337 590 2401 pravum
613 2323 893 2404 commodum,
932 2340 1060 2404 pravum

46 2427 227 2509 nspieere
248 2425 280 2489 in
302 2425 360 2489 hac
381 2443 425 2489 re.
469 2424 646 2507 Superiores
669 2428 816 2497 edebant:
845 2428 950 2504 3010,
973 2427 1061 2497 dum

41 2533 254 2616 spicimus;
286 2549 302 2596 e
332 2530 803 2615 00110333333111113011101133
837 2535 940 2609 sede,
975 2534 1061 2598 dum

41 2639 346 2722 reumapicimue
387 2637 682 2721 quaerimusque.
747 2639 783 2704 Id
827 2640 981 2723 proprium
1019 2639 1062 2704 rei

36 2744 127 2808 rbum
164 2745 220 2809 est.
280 2743 398 2826 Saepius
433 2743 637 2810 animadverti
668 2746 734 2812 baec
773 2747 866 2812 verba
896 2765 916 2815 a
947 2745 1063 2807 circam

37 2850 170 2933 mposita
201 2849 441 2934 (circumspicio,
474 2850 673 2926 circumcisio,
710 2852 935 2927 circumscribo)
971 2849 1063 2915 errori

37 2956 262 3032 3031313133ος
300 2955 353 3021 cfr.
377 2955 429 3028 VI,
452 2957 488 3033 3,
520 2956 561 3020 32
583 2959 777 3043 (commptc)
799 2960 831 3024 01
852 2958 925 3037 XII,
951 2956 999 3032 13,
1023 2955 1064 3019 20

37 3061 404 3140 montemaureum.
430 3064 518 3147 epist.
546 3065 614 3143 119,
639 3065 688 3131 10.

100 3168 168 3234 Ibd.
201 3169 220 3232 5
256 3172 288 3235 iu
327 3171 473 3253 lemmate
505 3190 559 3254 pro
601 3171 731 3255 lepide
774 3172 1074 3266 designateque¹

38 3278 140 3341 tracta
186 3295 280 3360 prava
328 3277 454 3360 syllaba
496 3279 704 3362 geminatione
752 3277 947 3344 scribendum
996 3293 1063 3340 esse

38 3380 130 3464 pide
162 3385 390 3468 atqueaeque
426 3384 466 3462 (id
499 3386 547 3450 est
581 3387 701 3468 proprie
728 3385 1007 3470 significanterque,
1029 3383 1064 3445 ut

37 3487 119 3552 allius
141 3489 278 3571 proximo
301 3507 366 3572 cap.
400 3490 449 3567 6,v
476 3491 495 3553 6
518 3491 624 3557 scribit
645 3496 679 3557 et
698 3491 886 3567 Macrobius)
907 3490 970 3554 iam
992 3486 1064 3552 ru·

37 3613 116 3660 erum
140 3597 302 3660 annotasse
323 3596 420 3662 video.
733 3661 734 3664 ,
920 3670 921 3673 ,

98 3699 166 3766 Ibd.
190 3700 209 3762 6
231 3702 262 3765 in
284 3703 444 3776 lemmate,
478 3704 530 3769 ubi
557 3704 674 3769 editur:
713 3706 752 3768 01
781 3702 872 3786 quid
900 3699 972 3774 bis,
1002 3691 1064 3781 qui

37 3807 175 3890 iprobe
196 3808 233 3872 id
255 3808 406 3881 dieunt,
429 3809 733 3892 respondeatur,
765 3809 857 3874 scribi
885 3806 976 3872 debet
998 3804 1062 3887 qui

37 3914 300 3997 apr-obaudiam
321 3914 360 3978 id
377 3914 524 3981 dicunt.
558 3917 594 3981 13
616 3916 711 3999 ipsius
734 3914 843 3999 capitis
865 3913 916 3998 §3
939 3929 1063 3996 prorsus

37 4019 128 4083 110313
176 4021 293 4087 Busiris
337 4020 447 4106 dignus
491 4025 558 4101 ’0330
603 4023 714 4088 dicitur
763 4020 1064 4088 detrectatione

39 4126 120 4190 ueris
142 4127 281 4204 humaui,
314 4130 460 4211 tanquam
483 4129 562 4194 banc
579 4130 742 4195 babituros
763 4130 908 4194 immanis
931 4123 1064 4192 crudeli·

37 4234 75 4297 tis
97 4252 230 4315 poenam,
252 4237 287 4299 ut
309 4234 346 4299 de
369 4235 435 4299 eius
456 4235 599 4300 laudibus
621 4236 722 4302 invide
744 4235 860 4319 aliquid
876 4232 1063 4299 detrabatur.

55 4340 195 4406 codicum
229 4341 369 4426 vestigiis
411 4341 467 4418 (de
504 4344 764 4418 retractione,
798 4340 1063 4418 detractione)

37 4435 133 4511 icitur
168 4466 227 4514 nou
269 4451 334 4514 tam
367 4448 459 4532 (quod
495 4448 547 4514 alii
584 4446 756 4526 ediderunt)
791 4448 1064 4514 detestatione
