2662 5062
471 645 502 701 n.
520 644 670 707 senona
688 648 737 703 rr..
987 667 997 682 ν
1039 649 1099 713 aar
1166 616 1168 618 ’

68 844 295 909 irascamur
315 840 567 908 inimicorum
590 845 628 908 ot
648 843 820 911 bostium
841 844 1002 927 liberis,
1034 849 1144 917 inter

70 948 251 1014 Sullanae
282 945 547 1012 crudelitatis
581 951 757 1032 exemplu
785 951 860 1029 est,
895 954 995 1035 qnod
1021 970 1145 1039 arep,

68 1055 229 1138 liberos
250 1053 578 1136 proscriptorum
602 1055 821 1123 submovit..
857 1056 926 1122 Non
948 1079 1062 1125 novum
1083 1061 1142 1128 hoo

69 1167 261 1252 praeceptnm
283 1158 447 1235 inducitur,
480 1159 534 1224 sed
555 1160 636 1233 inter
659 1161 772 1238 cetera,
797 1180 863 1245 quae
884 1162 981 1230 lenire
1004 1165 1141 1231 animum

71 1272 105 1333 et
129 1267 249 1332 abhoc
277 1265 328 1331 vel
348 1263 401 1329 illo
431 1264 585 1331 irascendi
611 1285 720 1350 genere
752 1267 909 1343 cohibere,
940 1267 998 1336 hoc
1022 1291 1141 1356 qnoque

72 1373 213 1457 ponitur.
256 1372 317 1446 <Do
349 1369 501 1437 brevitate
533 1370 665 1450 dicendi,
703 1392 769 1457 quae
800 1375 902 1456 potest
927 1375 972 1440 sic
999 1376 1140 1442 dilatari:

71 1498 134 1559 „ne
155 1479 334 1551 irascamur,
356 1478 469 1554 monet,
492 1477 604 1560 quod“,
628 1498 686 1544 uon
707 1483 782 1563 puto
804 1479 988 1555 dicendum.)

173 1582 240 1648 Ibd
262 1583 313 1658 35,
337 1584 373 1647 1:
396 1601 469 1648 nou
492 1583 711 1650 vitabimus
733 1584 906 1669 impetus
929 1585 1049 1650 animi
1070 1586 1138 1653 hos

73 1691 161 1767 {hos
183 1688 331 1771 scriptum
355 1707 417 1754 seo.
449 1707 543 1753 manu
575 1707 667 1773 supra
697 1709 802 1757 vocem
833 1699 968 1766 erasum)
998 1711 1140 1776 graves

68 1797 237 1863 lunares
261 1800 315 1871 (m.
338 1795 357 1857 2
379 1795 605 1871 funerosus)
624 1799 662 1861 et
684 1796 1004 1863 irrevocabiles?
1027 1798 1078 1863 Sic
1102 1799 1139 1863 Α.

68 1903 180 1985 Neque
203 1900 337 1984 alioquin
360 1902 468 1983 aptum
490 1900 676 1966 adiectivum
701 1921 737 1967 ex
755 1902 922 1968 funerus
946 1904 1036 1968 facile
1058 1903 1140 1968 effici

68 2010 177 2093 potest
210 2012 294 2082 (nam
327 2006 470 2072 funebres
497 2006 632 2090 impetus
661 2008 790 2074 ridicule
812 2007 974 2085 dicuntur,
996 2007 1139 2092 functos

69 2115 164 2199 longo
184 2113 293 2188 distat)
315 2114 347 2199 et
366 2129 462 2194 prava
483 2112 635 2196 copulatio
649 2113 694 2187 lit,
717 2113 897 2198 interposito
911 2112 991 2177 inber
1004 2113 1136 2178 alterum

69 2222 103 2287 et
133 2219 262 2286 tertium
296 2219 471 2284 membrum
504 2221 554 2282 et.
606 2218 739 2286 Omnino
772 2218 887 2284 funeris
925 2219 1028 2300 (nnius
1058 2238 1138 2303 prae·

69 2326 195 2404 sertim)
206 2326 288 2390 notio
304 2323 405 2389 aliena
420 2326 478 2398 est,
499 2323 641 2407 quoniam
664 2326 711 2390 ira
731 2344 790 2390 non
813 2343 935 2407 semper
956 2325 1137 2410 sanguinem

68 2433 180 2516 petit·
205 2431 336 2497 Subesse
358 2429 534 2495 dubitanter
555 2431 707 2513 suspicor:
727 2431 902 2514 impetus
925 2433 1047 2497 animi
1068 2431 1139 2497 hos

70 2555 217 2622 graves
231 2536 387 2622 sunere
408 2535 546 2618 (damno)
569 2537 608 2601 et
628 2536 946 2602 irrevocabiles.

171 2643 240 2709 Ibd.
262 2642 311 2716 36,
335 2640 372 2706 3:
410 2641 581 2723 Speculo
605 2643 763 2726 quidem
786 2642 984 2706 neminem
1007 2641 1140 2706 dolor·

68 2751 193 2816 ritum
215 2749 260 2813 ab
279 2749 338 2812 ira
359 2746 505 2837 credis.
538 2749 569 2813 A
591 2749 737 2814 credis.
760 2747 1139 2831 Significaluroredide-

68 2857 152 2934 ris,
176 2853 258 2938 qnod
282 2854 435 2921 sententia
455 2854 602 2936 postulat.
659 2854 738 2931 (Hoc
757 2852 917 2919 librarium
942 2852 1083 2931 voluisse,
1105 2852 1138 2916 in

68 2965 208 3028 mentem
231 2962 359 3025 venerat
379 2959 459 3024 Italo
480 2959 593 3024 codicis
616 2959 780 3040 collatori.)
799 3046 801 3050 ,

170 3067 237 3133 Lib.
259 3066 307 3131 ΙΙΙ
315 3112 326 3159 ,Δ
354 3065 390 3141 2,
423 3064 442 3126 2
465 3065 626 3131 emendavi
648 3065 686 3131 nd
709 3064 772 3131 Cio.
794 3065 848 3130 lin.
870 3064 928 3140 ΙΙΙ,
952 3063 992 3125 74
1013 3084 1042 3148 p.
1064 3062 1137 3137 473,

70 3173 172 3240 deleto
194 3190 279 3237 non.
333 3170 406 3250 (Cir.
428 3190 453 3238 c.
479 3171 534 3245 13,
567 3170 751 3237 ⁴redditum
782 3191 850 3238 nos
881 3173 953 3254 post
974 3172 1138 3247 contra.)

71 3279 188 3346 Eodem
222 3275 411 3361 capito§4
440 3276 558 3342 oditur:
610 3278 718 3344 Totae
755 3296 838 3343 cnm
868 3276 999 3360 stirpe
1034 3274 1138 3340 omni

71 3386 256 3452 cremata
298 3382 433 3449 domus
471 3387 510 3450 et
542 3384 653 3449 modo
694 3384 856 3467 eloquio
889 3380 1138 3448 favorabilis

70 3490 237 3558 habitus
268 3490 308 3555 in
346 3488 472 3554 multo
504 3489 654 3557 honore
689 3489 789 3554 iram
819 3507 894 3554 suae
932 3485 1138 3552 contionis

71 3597 242 3681 excepit.
285 3596 328 3662 nt
349 3596 438 3661 deest
459 3595 568 3678 copula
589 3595 670 3660 iuter
690 3593 818 3661 favor.
841 3594 873 3659 et
900 3592 1085 3670 babitus,
1107 3593 1140 3656 et

70 3700 741 3784 abnndathoc:inm.hon.habituspost
757 3697 1017 3765 favorabilis.
1042 3696 1139 3762 Nulla

72 3809 276 3884 oritoiiensio,
294 3808 321 3872 si
336 3806 514 3889 scripseris:
538 3809 577 3871 ot
598 3805 709 3871 modo
732 3805 892 3888 eloquio
905 3800 1141 3889 favorabili

71 3913 235 3981 habitus
249 3913 286 3978 in
302 3932 442 3996 niagno
457 3913 540 3980 bon.
563 3912 777 3977 Additamenti
788 3911 874 3976 nulla
884 3928 977 3976 causa
986 3908 1074 3974 reddi
1083 3926 1138 3991 po·

71 4021 140 4086 test.
162 4019 307 4084 Extremo
318 4019 421 4102 capito
434 4019 471 4085 de
487 4018 625 4085 barbaris
645 4019 789 4084 scribitur
808 4019 866 4084 sic:
887 4016 1008 4081 ruinae
1023 4011 1139 4080 ‘modo

73 4125 305 4209 regionibus
329 4124 519 4190 incidunt
539 4125 823 4209 incompositi,
846 4120 1052 4199 interriti,
1076 4121 1138 4185 in·

74 4232 187 4306 cauti,
206 4230 384 4314 pericula
405 4232 640 4314 appetentes
662 4249 735 4295 sua.
759 4230 937 4296 Gaudent
956 4227 1137 4292 feririoet.

74 4334 144 4402 Hac
176 4339 280 4404 omnia
306 4338 469 4421 ipsumque
500 4335 701 4401 incidendi
727 4336 855 4401 verbum
888 4335 927 4400 ad
961 4332 1141 4418 regiones

77 4443 146 4509 nihil
170 4445 335 4528 pertinent,
368 4443 406 4508 de
432 4442 650 4528 lepioribvs
683 4444 755 4524 apte
788 4441 931 4507 dicuutur
955 4438 1140 4519 (Romanis).
1183 4465 1185 4470 ·
