<?xml version="1.0" encoding="UTF-8"?>
<!DOCTYPE html PUBLIC "-//W3C//DTD XHTML 1.0 Transitional//EN"
    "http://www.w3.org/TR/xhtml1/DTD/xhtml1-transitional.dtd">
<html xmlns="http://www.w3.org/1999/xhtml" xml:lang="en" lang="en">
 <head>
  <title>
</title>
<meta http-equiv="Content-Type" content="text/html;charset=utf-8" />
  <meta name='ocr-system' content='tesseract 3.04.00' />
  <meta name='ocr-capabilities' content='ocr_page ocr_carea ocr_par ocr_line ocrx_word'/>
</head>
<body>
  <div class='ocr_page' id='page_1' title='image "./ioniemadvigiiad00madvgoog_0022.png"; bbox 0 0 2678 5018; ppageno 0'>
   <div class='ocr_carea' id='block_1_1' title="bbox 546 634 1096 696">
    <p class='ocr_par' dir='ltr' id='par_1_1' title="bbox 546 634 1096 696">
     <span class='ocr_line' id='line_1_1' title="bbox 546 634 1096 696; baseline -0.002 -7"><span class='ocrx_word' id='word_1_1' title='bbox 546 634 669 691; x_wconf 85' lang='lat' dir='ltr'><strong>Plautus.</strong></span> <span class='ocrx_word' id='word_1_2' title='bbox 1077 635 1096 696; x_wconf 88' lang='grc'><strong>7</strong></span> 
     </span>
    </p>
   </div>
   <div class='ocr_carea' id='block_1_2' title="bbox 74 829 1139 3731">
    <p class='ocr_par' dir='ltr' id='par_1_2' title="bbox 74 829 1139 1439">
     <span class='ocr_line' id='line_1_2' title="bbox 170 829 1137 908; baseline 0.001 -15"><span class='ocrx_word' id='word_1_3' title='bbox 170 830 215 894; x_wconf 81' lang='lat' dir='ltr'><strong>Et</strong></span> <span class='ocrx_word' id='word_1_4' title='bbox 236 830 295 893; x_wconf 89' lang='lat' dir='ltr'><strong>hoe</strong></span> <span class='ocrx_word' id='word_1_5' title='bbox 316 829 392 893; x_wconf 90' lang='lat' dir='ltr'><strong>hero</strong></span> <span class='ocrx_word' id='word_1_6' title='bbox 404 831 555 906; x_wconf 81' lang='lat' dir='ltr'><strong>convenit,</strong></span> <span class='ocrx_word' id='word_1_7' title='bbox 578 849 639 896; x_wconf 89' lang='lat' dir='ltr'><strong>nou</strong></span> <span class='ocrx_word' id='word_1_8' title='bbox 661 830 831 895; x_wconf 84' lang='lat' dir='ltr'><strong>deseruisse</strong></span> <span class='ocrx_word' id='word_1_9' title='bbox 856 848 988 908; x_wconf 84' lang='lat' dir='ltr'><strong>servum,</strong></span> <span class='ocrx_word' id='word_1_10' title='bbox 1011 830 1137 894; x_wconf 90' lang='lat' dir='ltr'><strong>minime</strong></span> 
     </span>
     <span class='ocr_line' id='line_1_3' title="bbox 74 920 1137 1017; baseline -0.001 -17"><span class='ocrx_word' id='word_1_11' title='bbox 74 937 219 1008; x_wconf 82' lang='lat' dir='ltr'><strong>alterum,</strong></span> <span class='ocrx_word' id='word_1_12' title='bbox 248 953 310 999; x_wconf 92' lang='lat' dir='ltr'><strong>non</strong></span> <span class='ocrx_word' id='word_1_13' title='bbox 333 934 529 999; x_wconf 86' lang='lat' dir='ltr'><strong>adversatum</strong></span> <span class='ocrx_word' id='word_1_14' title='bbox 563 920 650 1011; x_wconf 63' lang='lat' dir='ltr'><strong>esses</strong></span> <span class='ocrx_word' id='word_1_15' title='bbox 675 955 741 1017; x_wconf 80' lang='lat' dir='ltr'><strong>quae</strong></span> <span class='ocrx_word' id='word_1_16' title='bbox 773 937 846 1017; x_wconf 85' lang='lat' dir='ltr'><strong>apta</strong></span> <span class='ocrx_word' id='word_1_17' title='bbox 867 935 946 999; x_wconf 86' lang='lat' dir='ltr'><strong>servi</strong></span> <span class='ocrx_word' id='word_1_18' title='bbox 967 933 1137 1000; x_wconf 88' lang='lat' dir='ltr'><strong>obedientis</strong></span> 
     </span>
     <span class='ocr_line' id='line_1_4' title="bbox 75 1027 1138 1120; baseline -0.002 -16"><span class='ocrx_word' id='word_1_19' title='bbox 75 1041 141 1105; x_wconf 79' lang='lat' dir='ltr'><strong>leus</strong></span> <span class='ocrx_word' id='word_1_20' title='bbox 176 1043 235 1105; x_wconf 84' lang='lat' dir='ltr'><strong>est.</strong></span> <span class='ocrx_word' id='word_1_21' title='bbox 286 1041 428 1120; x_wconf 79' lang='lat' dir='ltr'><strong>Apparet</strong></span> <span class='ocrx_word' id='word_1_22' title='bbox 462 1041 564 1104; x_wconf 88' lang='lat' dir='ltr'><strong>miuus</strong></span> <span class='ocrx_word' id='word_1_23' title='bbox 597 1027 752 1106; x_wconf 76' lang='lat' dir='ltr'><strong>attomum</strong></span> <span class='ocrx_word' id='word_1_24' title='bbox 784 1040 945 1115; x_wconf 80' lang='lat' dir='ltr'><strong>lectorem,</strong></span> <span class='ocrx_word' id='word_1_25' title='bbox 978 1058 1047 1103; x_wconf 86' lang='lat' dir='ltr'><strong>eum</strong></span> <span class='ocrx_word' id='word_1_26' title='bbox 1069 1039 1138 1120; x_wconf 85' lang='lat' dir='ltr'><strong>post</strong></span> 
     </span>
     <span class='ocr_line' id='line_1_5' title="bbox 76 1142 1139 1228; baseline -0.002 -20"><span class='ocrx_word' id='word_1_27' title='bbox 76 1145 158 1227; x_wconf 82' lang='lat' dir='ltr'><strong>prius</strong></span> <span class='ocrx_word' id='word_1_28' title='bbox 179 1165 277 1228; x_wconf 78' lang='lat' dir='ltr'><strong>neque</strong></span> <span class='ocrx_word' id='word_1_29' title='bbox 308 1154 337 1206; x_wconf 76' lang='lat' dir='ltr'><strong>te</strong></span> <span class='ocrx_word' id='word_1_30' title='bbox 365 1145 470 1209; x_wconf 84' lang='lat' dir='ltr'><strong>statim</strong></span> <span class='ocrx_word' id='word_1_31' title='bbox 504 1145 635 1210; x_wconf 86' lang='lat' dir='ltr'><strong>altorem</strong></span> <span class='ocrx_word' id='word_1_32' title='bbox 665 1145 889 1211; x_wconf 74' lang='lat' dir='ltr'><strong>distributionis</strong></span> <span class='ocrx_word' id='word_1_33' title='bbox 910 1147 1030 1226; x_wconf 79' lang='lat' dir='ltr'><strong>partem</strong></span> <span class='ocrx_word' id='word_1_34' title='bbox 1051 1142 1139 1225; x_wconf 89' lang='lat' dir='ltr'><strong>sequi</strong></span> 
     </span>
     <span class='ocr_line' id='line_1_6' title="bbox 78 1247 1138 1332; baseline -0.002 -19"><span class='ocrx_word' id='word_1_35' title='bbox 78 1252 209 1332; x_wconf 84' lang='lat' dir='ltr'><strong>putaret,</strong></span> <span class='ocrx_word' id='word_1_36' title='bbox 230 1270 279 1312; x_wconf 81' lang='lat' dir='ltr'><strong>me</strong></span> <span class='ocrx_word' id='word_1_37' title='bbox 376 1249 431 1310; x_wconf 78' lang='lat' dir='ltr'><strong>eibi</strong></span> <span class='ocrx_word' id='word_1_38' title='bbox 450 1250 655 1316; x_wconf 73' lang='lat' dir='ltr'><strong>substituisse.</strong></span> <span class='ocrx_word' id='word_1_39' title='bbox 702 1251 743 1314; x_wconf 84' lang='lat' dir='ltr'><strong>Et</strong></span> <span class='ocrx_word' id='word_1_40' title='bbox 763 1247 840 1311; x_wconf 75' lang='lat' dir='ltr'><strong>mibi</strong></span> <span class='ocrx_word' id='word_1_41' title='bbox 860 1249 1011 1314; x_wconf 82' lang='lat' dir='ltr'><strong>offertore</strong></span> <span class='ocrx_word' id='word_1_42' title='bbox 1031 1247 1138 1322; x_wconf 76' lang='lat' dir='ltr'><strong>„Mas</strong></span> 
     </span>
     <span class='ocr_line' id='line_1_7' title="bbox 78 1353 946 1439; baseline 0 -22"><span class='ocrx_word' id='word_1_43' title='bbox 78 1355 216 1439; x_wconf 81' lang='lat' dir='ltr'><strong>Langii“.</strong></span> <span class='ocrx_word' id='word_1_44' title='bbox 264 1353 389 1420; x_wconf 87' lang='lat' dir='ltr'><strong>Omissa</strong></span> <span class='ocrx_word' id='word_1_45' title='bbox 412 1358 459 1419; x_wconf 83' lang='lat' dir='ltr'><strong>est</strong></span> <span class='ocrx_word' id='word_1_46' title='bbox 479 1355 578 1420; x_wconf 88' lang='lat' dir='ltr'><strong>altera</strong></span> <span class='ocrx_word' id='word_1_47' title='bbox 598 1375 670 1439; x_wconf 89' lang='lat' dir='ltr'><strong>pars</strong></span> <span class='ocrx_word' id='word_1_48' title='bbox 692 1355 885 1431; x_wconf 70' lang='lat' dir='ltr'><strong>coniecturae,</strong></span> <span class='ocrx_word' id='word_1_49' title='bbox 912 1363 946 1417; x_wconf 78' lang='lat' dir='ltr'><strong>ee.</strong></span> 
     </span>
    </p>

    <p class='ocr_par' dir='ltr' id='par_1_3' title="bbox 173 1458 829 1539">
     <span class='ocr_line' id='line_1_8' title="bbox 173 1458 829 1539; baseline -0.002 -15"><span class='ocrx_word' id='word_1_50' title='bbox 173 1458 356 1526; x_wconf 73' lang='lat' dir='ltr'><strong>Meuaeebm.</strong></span> <span class='ocrx_word' id='word_1_51' title='bbox 383 1459 443 1522; x_wconf 88' lang='lat'><strong>105</strong></span> <span class='ocrx_word' id='word_1_52' title='bbox 466 1462 501 1539; x_wconf 78' lang='grc' dir='ltr'><strong>(Ι,</strong></span> <span class='ocrx_word' id='word_1_53' title='bbox 526 1462 553 1534; x_wconf 89' lang='lat'><strong>1,</strong></span> <span class='ocrx_word' id='word_1_54' title='bbox 577 1461 638 1539; x_wconf 77' lang='lat'>29).</span> <span class='ocrx_word' id='word_1_55' title='bbox 686 1460 829 1525; x_wconf 75' lang='lat' dir='ltr'><strong>Codicesz</strong></span> 
     </span>
    </p>

    <p class='ocr_par' dir='ltr' id='par_1_4' title="bbox 80 1561 1138 1956">
     <span class='ocr_line' id='line_1_9' title="bbox 208 1561 973 1648; baseline -0.004 -20"><span class='ocrx_word' id='word_1_56' title='bbox 208 1565 303 1630; x_wconf 90' lang='lat' dir='ltr'><strong>Domi</strong></span> <span class='ocrx_word' id='word_1_57' title='bbox 326 1566 461 1631; x_wconf 87' lang='lat' dir='ltr'><strong>domitus</strong></span> <span class='ocrx_word' id='word_1_58' title='bbox 483 1584 550 1630; x_wconf 85' lang='lat' dir='ltr'><strong>eum</strong></span> <span class='ocrx_word' id='word_1_59' title='bbox 573 1584 671 1648; x_wconf 89' lang='lat' dir='ltr'><strong>usque</strong></span> <span class='ocrx_word' id='word_1_60' title='bbox 693 1584 763 1630; x_wconf 91' lang='lat' dir='ltr'><strong>oum</strong></span> <span class='ocrx_word' id='word_1_61' title='bbox 785 1565 864 1628; x_wconf 81' lang='lat' dir='ltr'><strong>uaris</strong></span> <span class='ocrx_word' id='word_1_62' title='bbox 885 1561 973 1637; x_wconf 78' lang='lat' dir='ltr'><strong>meis,</strong></span> 
     </span>
     <span class='ocr_line' id='line_1_10' title="bbox 81 1663 1138 1754; baseline -0.005 -21"><span class='ocrx_word' id='word_1_63' title='bbox 81 1673 109 1733; x_wconf 87' lang='lat' dir='ltr'><strong>et</strong></span> <span class='ocrx_word' id='word_1_64' title='bbox 125 1670 280 1734; x_wconf 86' lang='lat' dir='ltr'><strong>sententia</strong></span> <span class='ocrx_word' id='word_1_65' title='bbox 301 1671 334 1734; x_wconf 90' lang='lat' dir='ltr'><strong>et</strong></span> <span class='ocrx_word' id='word_1_66' title='bbox 352 1688 443 1735; x_wconf 82' lang='lat' dir='ltr'><strong>versu</strong></span> <span class='ocrx_word' id='word_1_67' title='bbox 458 1670 605 1734; x_wconf 88' lang='lat' dir='ltr'><strong>mendum</strong></span> <span class='ocrx_word' id='word_1_68' title='bbox 617 1670 823 1754; x_wconf 85' lang='lat' dir='ltr'><strong>arguentibus,</strong></span> <span class='ocrx_word' id='word_1_69' title='bbox 834 1669 865 1731; x_wconf 89' lang='lat' dir='ltr'><strong>in</strong></span> <span class='ocrx_word' id='word_1_70' title='bbox 877 1686 937 1749; x_wconf 89' lang='lat' dir='ltr'><strong>quo</strong></span> <span class='ocrx_word' id='word_1_71' title='bbox 960 1663 1138 1747; x_wconf 82' lang='lat' dir='ltr'><strong>corrigendo</strong></span> 
     </span>
     <span class='ocr_line' id='line_1_11' title="bbox 80 1771 1137 1855; baseline -0.007 -17"><span class='ocrx_word' id='word_1_72' title='bbox 80 1793 135 1839; x_wconf 90' lang='lat' dir='ltr'><strong>uon</strong></span> <span class='ocrx_word' id='word_1_73' title='bbox 173 1775 281 1839; x_wconf 78' lang='lat' dir='ltr'><strong>felices</strong></span> <span class='ocrx_word' id='word_1_74' title='bbox 313 1776 438 1839; x_wconf 86' lang='lat' dir='ltr'><strong>fuerunt</strong></span> <span class='ocrx_word' id='word_1_75' title='bbox 469 1775 611 1840; x_wconf 88' lang='lat' dir='ltr'><strong>editores.</strong></span> <span class='ocrx_word' id='word_1_76' title='bbox 655 1774 825 1852; x_wconf 74' lang='lat' dir='ltr'><strong>(Dominus</strong></span> <span class='ocrx_word' id='word_1_77' title='bbox 856 1771 980 1855; x_wconf 89' lang='lat' dir='ltr'><strong>quidem</strong></span> <span class='ocrx_word' id='word_1_78' title='bbox 1013 1786 1137 1851; x_wconf 86' lang='lat' dir='ltr'><strong>prorsus</strong></span> 
     </span>
     <span class='ocr_line' id='line_1_12' title="bbox 83 1874 1094 1956; baseline -0.007 -13"><span class='ocrx_word' id='word_1_79' title='bbox 83 1878 170 1944; x_wconf 80' lang='lat' dir='ltr'><strong>mane</strong></span> <span class='ocrx_word' id='word_1_80' title='bbox 191 1883 224 1944; x_wconf 86' lang='lat' dir='ltr'><strong>et</strong></span> <span class='ocrx_word' id='word_1_81' title='bbox 245 1899 264 1943; x_wconf 87' lang='lat' dir='ltr'><strong>a</strong></span> <span class='ocrx_word' id='word_1_82' title='bbox 285 1881 441 1945; x_wconf 86' lang='lat' dir='ltr'><strong>sententia</strong></span> <span class='ocrx_word' id='word_1_83' title='bbox 461 1881 597 1946; x_wconf 87' lang='lat' dir='ltr'><strong>alienum</strong></span> <span class='ocrx_word' id='word_1_84' title='bbox 619 1882 688 1956; x_wconf 85' lang='lat' dir='ltr'><strong>est.)</strong></span> <span class='ocrx_word' id='word_1_85' title='bbox 735 1879 864 1944; x_wconf 85' lang='lat' dir='ltr'><strong>Videtur</strong></span> <span class='ocrx_word' id='word_1_86' title='bbox 885 1874 1094 1943; x_wconf 78' lang='lat' dir='ltr'><strong>aeiibeudum:</strong></span> 
     </span>
    </p>

    <p class='ocr_par' dir='ltr' id='par_1_5' title="bbox 198 1981 1031 2066">
     <span class='ocr_line' id='line_1_13' title="bbox 198 1981 1031 2066; baseline -0.004 -20"><span class='ocrx_word' id='word_1_87' title='bbox 198 1984 290 2048; x_wconf 87' lang='lat' dir='ltr'><strong>Domi</strong></span> <span class='ocrx_word' id='word_1_88' title='bbox 312 1985 385 2046; x_wconf 82' lang='lat' dir='ltr'><strong>dum</strong></span> <span class='ocrx_word' id='word_1_89' title='bbox 407 1986 520 2047; x_wconf 79' lang='lat' dir='ltr'><strong>inuitus</strong></span> <span class='ocrx_word' id='word_1_90' title='bbox 541 2004 609 2050; x_wconf 89' lang='lat' dir='ltr'><strong>sum</strong></span> <span class='ocrx_word' id='word_1_91' title='bbox 631 2003 728 2066; x_wconf 89' lang='lat' dir='ltr'><strong>usque</strong></span> <span class='ocrx_word' id='word_1_92' title='bbox 751 2003 821 2048; x_wconf 91' lang='lat' dir='ltr'><strong>oum</strong></span> <span class='ocrx_word' id='word_1_93' title='bbox 844 1984 922 2048; x_wconf 88' lang='lat' dir='ltr'><strong>oaris</strong></span> <span class='ocrx_word' id='word_1_94' title='bbox 945 1981 1031 2047; x_wconf 89' lang='lat' dir='ltr'><strong>meis.</strong></span> 
     </span>
    </p>

    <p class='ocr_par' dir='ltr' id='par_1_6' title="bbox 178 2086 909 2172">
     <span class='ocr_line' id='line_1_14' title="bbox 178 2086 909 2172; baseline 0.001 -21"><span class='ocrx_word' id='word_1_95' title='bbox 178 2088 246 2152; x_wconf 89' lang='lat' dir='ltr'><strong>Ibd.</strong></span> <span class='ocrx_word' id='word_1_96' title='bbox 272 2088 332 2150; x_wconf 77' lang='lat'><strong>152</strong></span> <span class='ocrx_word' id='word_1_97' title='bbox 352 2109 397 2172; x_wconf 87' lang='lat' dir='ltr'><strong>sq.</strong></span> <span class='ocrx_word' id='word_1_98' title='bbox 420 2091 460 2170; x_wconf 86' lang='grc' dir='ltr'><strong>(Ι,</strong></span> <span class='ocrx_word' id='word_1_99' title='bbox 485 2091 516 2163; x_wconf 79' lang='grc'><strong>2,</strong></span> <span class='ocrx_word' id='word_1_100' title='bbox 540 2090 604 2167; x_wconf 72' lang='grc'><strong>43).</strong></span> <span class='ocrx_word' id='word_1_101' title='bbox 659 2086 909 2154; x_wconf 73' lang='lat' dir='ltr'>PENIGULUS:</span> 
     </span>
    </p>

    <p class='ocr_par' dir='ltr' id='par_1_7' title="bbox 579 2192 1037 2276">
     <span class='ocr_line' id='line_1_15' title="bbox 579 2192 1037 2276; baseline -0.011 -17"><span class='ocrx_word' id='word_1_102' title='bbox 579 2193 709 2259; x_wconf 89' lang='lat' dir='ltr'><strong>Oeulum</strong></span> <span class='ocrx_word' id='word_1_103' title='bbox 731 2195 861 2259; x_wconf 84' lang='lat' dir='ltr'><strong>eesodito</strong></span> <span class='ocrx_word' id='word_1_104' title='bbox 878 2192 1037 2276; x_wconf 73' lang='lat' dir='ltr'><strong>bereolum</strong></span> 
     </span>
    </p>

    <p class='ocr_par' dir='ltr' id='par_1_8' title="bbox 177 2296 1092 2378">
     <span class='ocr_line' id='line_1_16' title="bbox 177 2296 1092 2378; baseline -0.001 -18"><span class='ocrx_word' id='word_1_105' title='bbox 177 2297 264 2370; x_wconf 80' lang='lat' dir='ltr'><strong>Mihi,</strong></span> <span class='ocrx_word' id='word_1_106' title='bbox 286 2296 487 2377; x_wconf 79' lang='lat' dir='ltr'><strong>Menaeobme,</strong></span> <span class='ocrx_word' id='word_1_107' title='bbox 509 2301 537 2365; x_wconf 91' lang='lat' dir='ltr'><strong>si</strong></span> <span class='ocrx_word' id='word_1_108' title='bbox 558 2299 655 2365; x_wconf 89' lang='lat' dir='ltr'><strong>ullum</strong></span> <span class='ocrx_word' id='word_1_109' title='bbox 677 2301 806 2364; x_wconf 89' lang='lat' dir='ltr'><strong>uerbum</strong></span> <span class='ocrx_word' id='word_1_110' title='bbox 828 2300 908 2375; x_wconf 77' lang='lat' dir='ltr'><strong>faxo,</strong></span> <span class='ocrx_word' id='word_1_111' title='bbox 929 2297 989 2362; x_wconf 86' lang='lat' dir='ltr'><strong>uisi</strong></span> <span class='ocrx_word' id='word_1_112' title='bbox 1011 2296 1092 2378; x_wconf 89' lang='lat' dir='ltr'><strong>quod</strong></span> 
     </span>
    </p>

    <p class='ocr_par' dir='ltr' id='par_1_9' title="bbox 415 2402 1076 2492">
     <span class='ocr_line' id='line_1_17' title="bbox 415 2402 1076 2492; baseline 0 -27"><span class='ocrx_word' id='word_1_113' title='bbox 415 2489 418 2492; x_wconf 7' lang='grc' dir='ltr'><strong>Α</strong></span> <span class='ocrx_word' id='word_1_114' title='bbox 941 2402 1076 2466; x_wconf 85' lang='lat' dir='ltr'><strong>iusseris.</strong></span> 
     </span>
    </p>

    <p class='ocr_par' dir='ltr' id='par_1_10' title="bbox 81 2507 1139 2888">
     <span class='ocr_line' id='line_1_18' title="bbox 175 2507 1139 2592; baseline -0.001 -21"><span class='ocrx_word' id='word_1_115' title='bbox 175 2509 211 2571; x_wconf 87' lang='lat' dir='ltr'><strong>In</strong></span> <span class='ocrx_word' id='word_1_116' title='bbox 248 2507 412 2591; x_wconf 70' lang='lat' dir='ltr'><strong>paruolum,</strong></span> <span class='ocrx_word' id='word_1_117' title='bbox 455 2511 534 2592; x_wconf 90' lang='lat' dir='ltr'><strong>quod</strong></span> <span class='ocrx_word' id='word_1_118' title='bbox 577 2529 631 2592; x_wconf 86' lang='lat' dir='ltr'><strong>pro</strong></span> <span class='ocrx_word' id='word_1_119' title='bbox 675 2510 835 2591; x_wconf 89' lang='lat' dir='ltr'><strong>desperato</strong></span> <span class='ocrx_word' id='word_1_120' title='bbox 879 2509 1011 2586; x_wconf 79' lang='lat' dir='ltr'><strong>notetur,</strong></span> <span class='ocrx_word' id='word_1_121' title='bbox 1051 2508 1139 2585; x_wconf 88' lang='lat' dir='ltr'><strong>latet,</strong></span> 
     </span>
     <span class='ocr_line' id='line_1_19' title="bbox 82 2612 1139 2698; baseline 0.002 -23"><span class='ocrx_word' id='word_1_122' title='bbox 82 2614 192 2694; x_wconf 76' lang='lat' dir='ltr'><strong>opinor,</strong></span> <span class='ocrx_word' id='word_1_123' title='bbox 220 2612 353 2696; x_wconf 65' lang='lat' dir='ltr'><strong>poseo.</strong></span> <span class='ocrx_word' id='word_1_124' title='bbox 410 2613 676 2692; x_wconf 75' lang='lat' dir='ltr'><strong>Quemadmodum</strong></span> <span class='ocrx_word' id='word_1_125' title='bbox 715 2614 840 2698; x_wconf 81' lang='lat' dir='ltr'><strong>Cyelopi</strong></span> <span class='ocrx_word' id='word_1_126' title='bbox 878 2614 990 2698; x_wconf 74' lang='grc' dir='ltr'><em>μοχλῷ</em></span> <span class='ocrx_word' id='word_1_127' title='bbox 1032 2612 1139 2677; x_wconf 88' lang='lat' dir='ltr'><strong>oeulus</strong></span> 
     </span>
     <span class='ocr_line' id='line_1_20' title="bbox 82 2718 1137 2802; baseline -0.002 -19"><span class='ocrx_word' id='word_1_128' title='bbox 82 2720 205 2785; x_wconf 77' lang='lat' dir='ltr'><strong>effossus</strong></span> <span class='ocrx_word' id='word_1_129' title='bbox 227 2720 278 2796; x_wconf 79' lang='lat' dir='ltr'><strong>sit,</strong></span> <span class='ocrx_word' id='word_1_130' title='bbox 315 2719 361 2782; x_wconf 87' lang='lat' dir='ltr'><strong>sio</strong></span> <span class='ocrx_word' id='word_1_131' title='bbox 381 2719 440 2784; x_wconf 84' lang='lat' dir='ltr'><strong>sibi</strong></span> <span class='ocrx_word' id='word_1_132' title='bbox 461 2722 614 2802; x_wconf 79' lang='lat' dir='ltr'><strong>parasitus</strong></span> <span class='ocrx_word' id='word_1_133' title='bbox 635 2720 757 2785; x_wconf 91' lang='lat' dir='ltr'><strong>oeulum</strong></span> <span class='ocrx_word' id='word_1_134' title='bbox 790 2720 912 2800; x_wconf 87' lang='lat' dir='ltr'><strong>pessulo</strong></span> <span class='ocrx_word' id='word_1_135' title='bbox 934 2718 1023 2783; x_wconf 86' lang='lat' dir='ltr'><strong>effodi</strong></span> <span class='ocrx_word' id='word_1_136' title='bbox 1044 2719 1137 2791; x_wconf 86' lang='lat' dir='ltr'><strong>iubet,</strong></span> 
     </span>
     <span class='ocr_line' id='line_1_21' title="bbox 81 2824 392 2888; baseline -0.003 -1"><span class='ocrx_word' id='word_1_137' title='bbox 81 2825 104 2888; x_wconf 86' lang='lat' dir='ltr'><strong>si</strong></span> <span class='ocrx_word' id='word_1_138' title='bbox 126 2825 253 2888; x_wconf 87' lang='lat' dir='ltr'><strong>verbum</strong></span> <span class='ocrx_word' id='word_1_139' title='bbox 276 2824 392 2888; x_wconf 78' lang='lat' dir='ltr'><strong>feeerit.</strong></span> 
     </span>
    </p>

    <p class='ocr_par' dir='ltr' id='par_1_11' title="bbox 78 2928 1138 3221">
     <span class='ocr_line' id='line_1_22' title="bbox 178 2928 1138 3013; baseline 0.003 -21"><span class='ocrx_word' id='word_1_140' title='bbox 178 2928 242 2993; x_wconf 81' lang='lat' dir='ltr'><strong>biii.</strong></span> <span class='ocrx_word' id='word_1_141' title='bbox 267 2928 354 2995; x_wconf 77' lang='lat' dir='ltr'><strong>dior.</strong></span> <span class='ocrx_word' id='word_1_142' title='bbox 378 2929 501 3007; x_wconf 72' lang='lat'>21701,</span> <span class='ocrx_word' id='word_1_143' title='bbox 524 2931 552 3006; x_wconf 78' lang='lat'><strong>2,</strong></span> <span class='ocrx_word' id='word_1_144' title='bbox 576 2930 629 3007; x_wconf 78' lang='lat'><strong>62)</strong></span> <span class='ocrx_word' id='word_1_145' title='bbox 652 2930 788 2994; x_wconf 87' lang='lat' dir='ltr'><strong>oodicum</strong></span> <span class='ocrx_word' id='word_1_146' title='bbox 811 2930 952 3013; x_wconf 81' lang='lat' dir='ltr'><strong>vestigia,</strong></span> <span class='ocrx_word' id='word_1_147' title='bbox 973 2930 1005 2992; x_wconf 91' lang='lat' dir='ltr'><strong>iu</strong></span> <span class='ocrx_word' id='word_1_148' title='bbox 1029 2928 1138 3011; x_wconf 90' lang='lat' dir='ltr'><strong>quibus</strong></span> 
     </span>
     <span class='ocr_line' id='line_1_23' title="bbox 80 3033 1137 3119; baseline 0.001 -22"><span class='ocrx_word' id='word_1_149' title='bbox 80 3037 141 3097; x_wconf 78' lang='lat' dir='ltr'><strong>est:</strong></span> <span class='ocrx_word' id='word_1_150' title='bbox 165 3035 222 3095; x_wconf 78' lang='lat' dir='ltr'><strong>titi</strong></span> <span class='ocrx_word' id='word_1_151' title='bbox 242 3055 297 3115; x_wconf 68' lang='lat' dir='ltr'><strong>eqo</strong></span> <span class='ocrx_word' id='word_1_152' title='bbox 313 3033 379 3095; x_wconf 80' lang='lat' dir='ltr'><strong>dieo</strong></span> <span class='ocrx_word' id='word_1_153' title='bbox 391 3034 564 3106; x_wconf 69' lang='lat' dir='ltr'><strong>ootheegiutue</strong></span> <span class='ocrx_word' id='word_1_154' title='bbox 585 3034 676 3096; x_wconf 77' lang='lat' dir='ltr'><strong>uestis</strong></span> <span class='ocrx_word' id='word_1_155' title='bbox 697 3034 768 3096; x_wconf 65' lang='lat' dir='ltr'><strong>teos</strong></span> <span class='ocrx_word' id='word_1_156' title='bbox 792 3042 820 3098; x_wconf 79' lang='lat' dir='ltr'><strong>ie</strong></span> <span class='ocrx_word' id='word_1_157' title='bbox 840 3035 967 3119; x_wconf 80' lang='lat' dir='ltr'><strong>adloqui</strong></span> <span class='ocrx_word' id='word_1_158' title='bbox 978 3034 1137 3115; x_wconf 67' lang='lat' dir='ltr'><strong>Faberio,</strong></span> 
     </span>
     <span class='ocr_line' id='line_1_24' title="bbox 78 3138 799 3221; baseline 0.003 -20"><span class='ocrx_word' id='word_1_159' title='bbox 78 3156 161 3218; x_wconf 80' lang='lat' dir='ltr'><strong>poene</strong></span> <span class='ocrx_word' id='word_1_160' title='bbox 184 3157 278 3202; x_wconf 85' lang='lat' dir='ltr'><strong>mauu</strong></span> <span class='ocrx_word' id='word_1_161' title='bbox 300 3138 415 3203; x_wconf 89' lang='lat' dir='ltr'><strong>duouut</strong></span> <span class='ocrx_word' id='word_1_162' title='bbox 438 3140 477 3203; x_wconf 83' lang='lat' dir='ltr'><strong>ad</strong></span> <span class='ocrx_word' id='word_1_163' title='bbox 499 3140 579 3204; x_wconf 88' lang='lat' dir='ltr'><strong>hene</strong></span> <span class='ocrx_word' id='word_1_164' title='bbox 601 3140 799 3221; x_wconf 84' lang='lat' dir='ltr'><strong>scripturam:</strong></span> 
     </span>
    </p>

    <p class='ocr_par' dir='ltr' id='par_1_12' title="bbox 77 3243 1139 3731">
     <span class='ocr_line' id='line_1_25' title="bbox 176 3243 1137 3328; baseline 0.004 -22"><span class='ocrx_word' id='word_1_165' title='bbox 176 3243 248 3310; x_wconf 82' lang='lat' dir='ltr'><strong>Tibi</strong></span> <span class='ocrx_word' id='word_1_166' title='bbox 269 3262 325 3327; x_wconf 83' lang='lat' dir='ltr'><strong>ego</strong></span> <span class='ocrx_word' id='word_1_167' title='bbox 350 3243 434 3308; x_wconf 85' lang='lat' dir='ltr'><strong>dieo:</strong></span> <span class='ocrx_word' id='word_1_168' title='bbox 456 3244 496 3306; x_wconf 85' lang='lat' dir='ltr'><strong>ot</strong></span> <span class='ocrx_word' id='word_1_169' title='bbox 522 3245 657 3328; x_wconf 74' lang='lat' dir='ltr'><strong>feriatus</strong></span> <span class='ocrx_word' id='word_1_170' title='bbox 690 3267 728 3307; x_wconf 80' lang='lat' dir='ltr'><strong>oe</strong></span> <span class='ocrx_word' id='word_1_171' title='bbox 762 3246 812 3320; x_wconf 79' lang='lat' dir='ltr'><strong>oio,</strong></span> <span class='ocrx_word' id='word_1_172' title='bbox 846 3245 932 3322; x_wconf 81' lang='lat' dir='ltr'><strong>heus,</strong></span> <span class='ocrx_word' id='word_1_173' title='bbox 967 3245 1137 3320; x_wconf 80' lang='lat' dir='ltr'><strong>Palaestiio,</strong></span> 
     </span>
     <span class='ocr_line' id='line_1_26' title="bbox 78 3348 1138 3433; baseline 0 -22"><span class='ocrx_word' id='word_1_174' title='bbox 78 3348 208 3412; x_wconf 85' lang='lat' dir='ltr'><strong>sublatis</strong></span> <span class='ocrx_word' id='word_1_175' title='bbox 239 3348 359 3412; x_wconf 85' lang='lat' dir='ltr'><strong>duabus</strong></span> <span class='ocrx_word' id='word_1_176' title='bbox 391 3348 533 3424; x_wconf 78' lang='lat' dir='ltr'><strong>vocibus,</strong></span> <span class='ocrx_word' id='word_1_177' title='bbox 568 3369 634 3432; x_wconf 86' lang='lat' dir='ltr'><strong>quae</strong></span> <span class='ocrx_word' id='word_1_178' title='bbox 670 3352 771 3415; x_wconf 87' lang='lat' dir='ltr'><strong>neseio</strong></span> <span class='ocrx_word' id='word_1_179' title='bbox 804 3370 862 3433; x_wconf 85' lang='lat' dir='ltr'><strong>quo</strong></span> <span class='ocrx_word' id='word_1_180' title='bbox 884 3370 985 3415; x_wconf 86' lang='lat' dir='ltr'><strong>errore</strong></span> <span class='ocrx_word' id='word_1_181' title='bbox 1007 3352 1047 3416; x_wconf 86' lang='lat' dir='ltr'><strong>ed</strong></span> <span class='ocrx_word' id='word_1_182' title='bbox 1068 3350 1138 3412; x_wconf 72' lang='lat' dir='ltr'><strong>beo</strong></span> 
     </span>
     <span class='ocr_line' id='line_1_27' title="bbox 80 3452 1139 3539; baseline 0.002 -23"><span class='ocrx_word' id='word_1_183' title='bbox 80 3452 194 3516; x_wconf 72' lang='lat' dir='ltr'><strong>additae</strong></span> <span class='ocrx_word' id='word_1_184' title='bbox 216 3455 304 3527; x_wconf 80' lang='lat' dir='ltr'><strong>auut3</strong></span> <span class='ocrx_word' id='word_1_185' title='bbox 326 3471 362 3517; x_wconf 87' lang='lat' dir='ltr'><strong>ae</strong></span> <span class='ocrx_word' id='word_1_186' title='bbox 375 3455 509 3535; x_wconf 75' lang='lat' dir='ltr'><strong>feriatus</strong></span> <span class='ocrx_word' id='word_1_187' title='bbox 530 3457 621 3517; x_wconf 71' lang='lat' dir='ltr'><strong>neoto</strong></span> <span class='ocrx_word' id='word_1_188' title='bbox 636 3455 761 3521; x_wconf 86' lang='lat' dir='ltr'><strong>subesse</strong></span> <span class='ocrx_word' id='word_1_189' title='bbox 782 3457 844 3521; x_wconf 89' lang='lat' dir='ltr'><strong>iem</strong></span> <span class='ocrx_word' id='word_1_190' title='bbox 856 3455 988 3539; x_wconf 85' lang='lat' dir='ltr'><strong>Pylades</strong></span> <span class='ocrx_word' id='word_1_191' title='bbox 1011 3456 1139 3534; x_wconf 79' lang='lat' dir='ltr'><strong>viderat,</strong></span> 
     </span>
     <span class='ocr_line' id='line_1_28' title="bbox 77 3558 1138 3643; baseline 0.002 -23"><span class='ocrx_word' id='word_1_192' title='bbox 77 3577 129 3639; x_wconf 85' lang='lat' dir='ltr'><strong>pro</strong></span> <span class='ocrx_word' id='word_1_193' title='bbox 161 3558 273 3639; x_wconf 89' lang='lat' dir='ltr'><strong>quibus</strong></span> <span class='ocrx_word' id='word_1_194' title='bbox 306 3559 515 3625; x_wconf 78' lang='lat' dir='ltr'><strong>infelicissime</strong></span> <span class='ocrx_word' id='word_1_195' title='bbox 548 3559 678 3637; x_wconf 71' lang='lat' dir='ltr'><strong>boareto,</strong></span> <span class='ocrx_word' id='word_1_196' title='bbox 715 3561 795 3643; x_wconf 92' lang='lat' dir='ltr'><strong>quod</strong></span> <span class='ocrx_word' id='word_1_197' title='bbox 827 3561 902 3625; x_wconf 88' lang='lat' dir='ltr'><strong>nibil</strong></span> <span class='ocrx_word' id='word_1_198' title='bbox 923 3560 973 3623; x_wconf 90' lang='lat' dir='ltr'><strong>hie</strong></span> <span class='ocrx_word' id='word_1_199' title='bbox 1009 3560 1083 3642; x_wconf 73' lang='lat' dir='ltr'><strong>ogit,</strong></span> <span class='ocrx_word' id='word_1_200' title='bbox 1106 3562 1138 3624; x_wconf 87' lang='lat' dir='ltr'><strong>et</strong></span> 
     </span>
     <span class='ocr_line' id='line_1_29' title="bbox 77 3654 492 3731; baseline 0.019 -8"><span class='ocrx_word' id='word_1_201' title='bbox 77 3660 197 3724; x_wconf 61' lang='lat' dir='ltr'><strong>moseos</strong></span> <span class='ocrx_word' id='word_1_202' title='bbox 221 3663 389 3729; x_wconf 81' lang='lat' dir='ltr'><strong>substituta</strong></span> <span class='ocrx_word' id='word_1_203' title='bbox 410 3654 492 3731; x_wconf 86' lang='lat' dir='ltr'><strong>suut.</strong></span> 
     </span>
    </p>
   </div>
   <div class='ocr_carea' id='block_1_3' title="bbox 75 3765 1137 3957">
    <p class='ocr_par' dir='ltr' id='par_1_13' title="bbox 75 3765 1137 3957">
     <span class='ocr_line' id='line_1_30' title="bbox 176 3765 1134 3854; baseline 0.002 -26"><span class='ocrx_word' id='word_1_204' title='bbox 176 3765 244 3831; x_wconf 90' lang='lat' dir='ltr'><strong>lbd.</strong></span> <span class='ocrx_word' id='word_1_205' title='bbox 258 3768 316 3829; x_wconf 73' lang='lat'><strong>221</strong></span> <span class='ocrx_word' id='word_1_206' title='bbox 331 3769 384 3854; x_wconf 79' lang='lat' dir='ltr'>(II,</span> <span class='ocrx_word' id='word_1_207' title='bbox 407 3770 437 3846; x_wconf 80' lang='lat'><strong>2,</strong></span> <span class='ocrx_word' id='word_1_208' title='bbox 459 3770 523 3850; x_wconf 83' lang='lat'><strong>66).</strong></span> <span class='ocrx_word' id='word_1_209' title='bbox 547 3771 692 3835; x_wconf 82' lang='lat' dir='ltr'><strong>Codices:</strong></span> <span class='ocrx_word' id='word_1_210' title='bbox 715 3771 854 3831; x_wconf 69' lang='lat' dir='ltr'><strong>anomoei</strong></span> <span class='ocrx_word' id='word_1_211' title='bbox 875 3770 960 3846; x_wconf 78' lang='lat' dir='ltr'><strong>(ante</strong></span> <span class='ocrx_word' id='word_1_212' title='bbox 980 3769 1078 3830; x_wconf 77' lang='lat' dir='ltr'><strong>ueniet</strong></span> <span class='ocrx_word' id='word_1_213' title='bbox 1092 3767 1134 3849; x_wconf 88' lang='lat' dir='ltr'><strong>B)</strong></span> 
     </span>
     <span class='ocr_line' id='line_1_31' title="bbox 75 3870 1137 3957; baseline 0.005 -26"><span class='ocrx_word' id='word_1_214' title='bbox 75 3870 182 3955; x_wconf 80' lang='lat' dir='ltr'><strong>aliqua</strong></span> <span class='ocrx_word' id='word_1_215' title='bbox 203 3871 325 3956; x_wconf 56' lang='lat' dir='ltr'><strong>adaques</strong></span> <span class='ocrx_word' id='word_1_216' title='bbox 346 3884 433 3935; x_wconf 79' lang='lat' dir='ltr'><strong>outtu</strong></span> <span class='ocrx_word' id='word_1_217' title='bbox 466 3876 556 3955; x_wconf 78' lang='lat' dir='ltr'><strong>(autu</strong></span> <span class='ocrx_word' id='word_1_218' title='bbox 579 3875 603 3940; x_wconf 83' lang='lat' dir='ltr'>O</span> <span class='ocrx_word' id='word_1_219' title='bbox 624 3876 669 3957; x_wconf 82' lang='lat' dir='ltr'><strong>D)</strong></span> <span class='ocrx_word' id='word_1_220' title='bbox 693 3875 883 3936; x_wconf 77' lang='lat' dir='ltr'><strong>circumduce</strong></span> <span class='ocrx_word' id='word_1_221' title='bbox 904 3874 1074 3941; x_wconf 66' lang='lat' dir='ltr'><strong>mercidem,</strong></span> <span class='ocrx_word' id='word_1_222' title='bbox 1102 3893 1137 3938; x_wconf 81' lang='lat' dir='ltr'><strong>ex</strong></span> 
     </span>
    </p>
   </div>
   <div class='ocr_carea' id='block_1_4' title="bbox 76 3978 1073 4168">
    <p class='ocr_par' dir='ltr' id='par_1_14' title="bbox 76 3978 1073 4168">
     <span class='ocr_line' id='line_1_32' title="bbox 76 3978 966 4086; baseline -0.001 -45"><span class='ocrx_word' id='word_1_223' title='bbox 76 3978 185 4059; x_wconf 85' lang='lat' dir='ltr'><strong>quibus</strong></span> <span class='ocrx_word' id='word_1_224' title='bbox 208 3979 349 4055; x_wconf 78' lang='lat' dir='ltr'><strong>efficitur,</strong></span> <span class='ocrx_word' id='word_1_225' title='bbox 374 3999 433 4044; x_wconf 89' lang='lat' dir='ltr'><strong>non</strong></span> <span class='ocrx_word' id='word_1_226' title='bbox 455 3979 546 4063; x_wconf 83' lang='lat' dir='ltr'><strong>longe</strong></span> <span class='ocrx_word' id='word_1_227' title='bbox 568 3980 776 4086; x_wconf 25' lang='lat' dir='ltr'><strong>eucamerarii</strong></span> <span class='ocrx_word' id='word_1_228' title='bbox 797 3979 966 4043; x_wconf 84' lang='lat' dir='ltr'><strong>sententie:</strong></span> 
     </span>
     <span class='ocr_line' id='line_1_33' title="bbox 132 4084 1073 4168; baseline 0.004 -25"><span class='ocrx_word' id='word_1_229' title='bbox 132 4084 314 4146; x_wconf 75' lang='lat' dir='ltr'><strong>Aateueuito</strong></span> <span class='ocrx_word' id='word_1_230' title='bbox 335 4085 439 4168; x_wconf 84' lang='lat' dir='ltr'><strong>aliqua</strong></span> <span class='ocrx_word' id='word_1_231' title='bbox 460 4084 605 4149; x_wconf 51' lang='lat' dir='ltr'><strong>iltoo‘aut</strong></span> <span class='ocrx_word' id='word_1_232' title='bbox 625 4088 660 4149; x_wconf 88' lang='lat' dir='ltr'><strong>tu</strong></span> <span class='ocrx_word' id='word_1_233' title='bbox 681 4085 873 4149; x_wconf 78' lang='lat' dir='ltr'><strong>circumduce</strong></span> <span class='ocrx_word' id='word_1_234' title='bbox 895 4084 1073 4148; x_wconf 84' lang='lat' dir='ltr'><strong>exereitum.</strong></span> 
     </span>
    </p>
   </div>
   <div class='ocr_carea' id='block_1_5' title="bbox 73 4189 1141 4484">
    <p class='ocr_par' dir='ltr' id='par_1_15' title="bbox 73 4189 1141 4484">
     <span class='ocr_line' id='line_1_34' title="bbox 173 4189 1138 4270; baseline -0.003 -16"><span class='ocrx_word' id='word_1_235' title='bbox 173 4189 241 4255; x_wconf 83' lang='lat' dir='ltr'><strong>Aut</strong></span> <span class='ocrx_word' id='word_1_236' title='bbox 261 4191 430 4255; x_wconf 80' lang='lat' dir='ltr'><strong>antevouioi</strong></span> <span class='ocrx_word' id='word_1_237' title='bbox 441 4189 660 4256; x_wconf 85' lang='lat' dir='ltr'><strong>autoiroumiri</strong></span> <span class='ocrx_word' id='word_1_238' title='bbox 671 4191 859 4255; x_wconf 82' lang='lat' dir='ltr'><strong>adversarios</strong></span> <span class='ocrx_word' id='word_1_239' title='bbox 871 4190 1138 4270; x_wconf 80' lang='lat' dir='ltr'><strong>Peoipleoomonus</strong></span> 
     </span>
     <span class='ocr_line' id='line_1_35' title="bbox 73 4293 1138 4378; baseline -0.001 -20"><span class='ocrx_word' id='word_1_240' title='bbox 73 4295 166 4359; x_wconf 90' lang='lat' dir='ltr'><strong>iubet.</strong></span> <span class='ocrx_word' id='word_1_241' title='bbox 220 4295 267 4356; x_wconf 81' lang='lat' dir='ltr'><strong>Tu</strong></span> <span class='ocrx_word' id='word_1_242' title='bbox 287 4298 358 4378; x_wconf 76' lang='lat' dir='ltr'><strong>post</strong></span> <span class='ocrx_word' id='word_1_243' title='bbox 387 4305 440 4358; x_wconf 79' lang='lat' dir='ltr'><strong>aot</strong></span> <span class='ocrx_word' id='word_1_244' title='bbox 469 4295 590 4378; x_wconf 85' lang='lat' dir='ltr'><strong>ponitur</strong></span> <span class='ocrx_word' id='word_1_245' title='bbox 609 4297 681 4360; x_wconf 90' lang='lat' dir='ltr'><strong>noto</strong></span> <span class='ocrx_word' id='word_1_246' title='bbox 704 4313 771 4373; x_wconf 83' lang='lat' dir='ltr'><strong>usu,</strong></span> <span class='ocrx_word' id='word_1_247' title='bbox 793 4313 852 4376; x_wconf 88' lang='lat' dir='ltr'><strong>quo</strong></span> <span class='ocrx_word' id='word_1_248' title='bbox 873 4294 1021 4359; x_wconf 86' lang='lat' dir='ltr'><strong>Horatius</strong></span> <span class='ocrx_word' id='word_1_249' title='bbox 1043 4293 1138 4358; x_wconf 82' lang='lat' dir='ltr'><strong>dixit:</strong></span> 
     </span>
     <span class='ocr_line' id='line_1_36' title="bbox 76 4398 1141 4484; baseline -0.004 -22"><span class='ocrx_word' id='word_1_250' title='bbox 76 4399 141 4462; x_wconf 82' lang='lat' dir='ltr'><strong>Nec</strong></span> <span class='ocrx_word' id='word_1_251' title='bbox 163 4399 266 4463; x_wconf 69' lang='lat' dir='ltr'><strong>enices</strong></span> <span class='ocrx_word' id='word_1_252' title='bbox 290 4422 408 4464; x_wconf 68' lang='lat' dir='ltr'><strong>anteros</strong></span> <span class='ocrx_word' id='word_1_253' title='bbox 429 4399 545 4484; x_wconf 71' lang='lat' dir='ltr'><strong>Spem</strong></span> <span class='ocrx_word' id='word_1_254' title='bbox 563 4421 641 4484; x_wconf 77' lang='lat' dir='ltr'><strong>puer</strong></span> <span class='ocrx_word' id='word_1_255' title='bbox 660 4411 806 4482; x_wconf 74' lang='lat' dir='ltr'><strong>nequem</strong></span> <span class='ocrx_word' id='word_1_256' title='bbox 829 4400 950 4462; x_wconf 64' lang='lat' dir='ltr'><strong>choreas</strong></span> <span class='ocrx_word' id='word_1_257' title='bbox 973 4399 1034 4480; x_wconf 88' lang='lat' dir='ltr'><strong>(od.</strong></span> <span class='ocrx_word' id='word_1_258' title='bbox 1059 4399 1086 4469; x_wconf 84' lang='grc' dir='ltr'><strong>Ι,</strong></span> <span class='ocrx_word' id='word_1_259' title='bbox 1109 4398 1141 4474; x_wconf 81' lang='grc'><strong>9,</strong></span> 
     </span>
    </p>
   </div>
   <div class='ocr_carea' id='block_1_6' title="bbox 0 0 1344 5018">
    <p class='ocr_par' dir='ltr' id='par_1_16' title="bbox 0 0 1344 5018">
     <span class='ocr_line' id='line_1_37' title="bbox 0 0 1344 5018; baseline 0 3"><span class='ocrx_word' id='word_1_260' title='bbox 0 0 1344 5018; x_wconf 95' lang='lat' dir='ltr'><strong> </strong></span> 
     </span>
    </p>
   </div>
  </div>
 </body>
</html>
