2654 5010
240 281 301 342 m
598 272 867 343 mmmm

197 476 358 561 quidem
389 518 522 536 .....
555 470 768 538 fictilibus
812 473 1062 555 prolibatur
1105 475 1264 558 eimpnis

199 579 459 650 lncuarrabilcm
490 582 608 644 terrae
643 575 894 661 benignitate·¹
933 580 972 644 si
1013 581 1085 665 qui
1124 581 1267 668 singula

198 689 392 763 estimet,
415 684 539 751 etiam
561 687 603 748 ut
624 683 873 749 omittantur
900 686 942 751 in
976 687 1160 771 frugum,
1184 690 1267 762 nini,

200 812 419 878 pomorum,
460 791 692 863 herbarum,
734 789 951 867 fruticum,
1009 793 1268 859 medicamen·

200 908 348 973 torum,
391 897 648 965 metallorum
685 895 907 979 generibus
944 899 1165 966 beneficia
1197 903 1269 965 eins

200 1024 363 1090 qnaeqnc
402 1004 530 1070 adhuc
570 1002 758 1080 diximus,
798 1002 861 1068 rel
900 1005 1044 1072 assidua
1082 1007 1270 1092 patefaciant

200 1111 440 1195 figlinarum
462 1129 581 1192 opera
602 1109 842 1174 imbricibus
863 1112 924 1175 cot
971 1111 1024 1176 De
1047 1115 1144 1179 verbo
1165 1117 1269 1196 pate·

200 1216 361 1285 faciant,
378 1214 563 1299 relinquitur
585 1214 737 1280 dubitatio
757 1215 872 1297 aliqua,
894 1214 956 1281 uisi
982 1219 1069 1301 quod
1093 1226 1211 1285 certum
1231 1224 1271 1284 cst

199 1323 426 1389 coniunctivnm
448 1320 575 1388 modum
597 1323 682 1388 verbi
704 1323 838 1404 positum
858 1320 967 1386 fuisse.

301 1440 367 1506 Lib.
390 1439 534 1517 XXXVI,
560 1440 636 1503 108:
665 1440 927 1520 Quamobrem
951 1440 1089 1520 pudor
1116 1443 1270 1509 Romani

200 1548 374 1613 nominis
395 1547 603 1630 proprius,
626 1546 693 1630 qui
715 1563 815 1628 saepe
837 1563 901 1609 res
925 1546 1127 1629 perditas
1150 1568 1269 1615 serra·

199 1654 260 1718 vit
291 1655 331 1719 in
363 1654 538 1738 proeliis,
570 1655 840 1735 tuncqnoque
863 1652 1084 1731 subvenit,
1117 1654 1270 1722 sedillo

199 1761 378 1842 tempore
400 1762 439 1825 in
460 1764 550 1843 post
570 1760 694 1852 vitam
715 1759 976 1834 erubescens,
994 1778 1084 1824 cnm
1110 1762 1269 1844 puderet

198 1865 326 1943 viros,
342 1868 542 1950 tamqnam
562 1864 794 1949 puditurum
816 1868 927 1929 osset
942 1866 1194 1935 exstinctos.
1215 1868 1268 1933 Sub

198 1968 311 2035 litteris
345 1973 383 2035 iu
416 1977 507 2056 post
533 1972 671 2048 vitam,
693 1989 798 2054 quaere
821 1989 874 2053 pro
896 1970 937 2035 iis
958 1972 993 2035 iu
1017 1973 1183 2039 codicibus
1204 1975 1266 2039 scri·

198 2076 314 2142 buntur
334 2078 530 2161 (inposuit
546 2079 649 2153 iam),
672 2077 749 2142 latet
768 2077 949 2161 impostura
971 2078 1060 2153 (scd
1084 2080 1164 2147 illo
1187 2085 1265 2145 ten·

198 2202 291 2266 pore
327 2185 552 2266 impostura
587 2185 850 2259 erubescens).
904 2182 1085 2266 Deceptum
1129 2187 1263 2268 pudorem

198 2286 317 2355 Plinius
338 2290 422 2356 dicit.

615 2541 841 2617 Quintilianus.

296 2707 363 2773 Lib.
387 2708 473 2786 VIII,
496 2709 525 2787 3,
549 2708 589 2770 26
611 2709 676 2781 (nbi
698 2710 800 2793 agitur
820 2708 856 2772 ds
880 2706 1002 2772 modico
1026 2727 1087 2773 usu
1110 2710 1258 2775 verborum

195 2814 422 2898 antiquorum:
450 2814 657 2880 AErumnas
685 2814 779 2899 quid
808 2832 904 2896 opus
937 2816 1026 2879 est?
1055 2815 1256 2897 Tamquam

195 2940 341 3004 parvus
366 2922 422 2987 sit
440 2922 601 2987 dicatur
625 2923 691 3004 qui
718 2922 811 2998 (illos.
837 2938 856 2985 a
878 2918 1015 2985 secunda
1039 2940 1146 2998 mann,
1169 2918 1256 2985 Tnn'c.

194 3028 309 3110 quod)
343 3029 529 3094 orridnm.
588 3027 744 3110 Descripsi
781 3026 892 3103 locum,
932 3026 1200 3107 quemadmodum
1233 3025 1255 3087 in

194 3134 321 3217 optimis
351 3135 503 3200 codicibus
530 3132 652 3218 legitur.
707 3135 747 3197 lit
776 3153 813 3196 ex
840 3132 888 3209 iis,
918 3151 988 3215 qna
1018 3133 1208 3215 praecedunt,
1232 3132 1256 3195 ct

194 3258 231 3303 er
253 3239 300 3316 iis,
326 3260 395 3324 qua
416 3244 593 3324 sequuntur,
616 3240 744 3322 apparet
766 3237 990 3317 Quintilianum
1013 3240 1167 3304 vocabula
1195 3241 1255 3302 tan·

194 3350 260 3409 tum
282 3345 349 3429 ipsa
371 3347 497 3431 antiqua
520 3350 575 3411 aut
598 3348 699 3411 minus
721 3345 835 3410 usitata
857 3363 1048 3419 enumcrare,
1074 3346 1208 3410 breviter
1226 3342 1255 3407 dc

192 3453 231 3517 iis
255 3452 451 3531 iudicantem,
475 3471 533 3518 non
557 3454 673 3518 usitata
695 3451 809 3516 addere
838 3453 870 3516 et
896 3469 965 3516 cnm
991 3451 1057 3517 illis
1080 3467 1255 3535 comparare.

193 3559 261 3624 Hoc
283 3558 440 3623 intellecto
462 3561 640 3643 remotaque
667 3560 746 3624 salsa
771 3557 828 3624 illa
853 3557 967 3641 specie,
998 3577 1015 3622 e
1037 3578 1101 3642 qua
1123 3562 1195 3623 nate
1215 3555 1256 3620 est

191 3663 389 3747 interpolatio
405 3666 688 3733 recentissimorum
703 3666 841 3732 codicum
858 3669 889 3730 et
903 3666 1090 3741 editionum,
1106 3666 1254 3730 adrerum

190 3773 364 3850 pervenitur
386 3791 445 3837 non
467 3772 513 3837 ita
535 3771 709 3849 difficulter,
731 3770 813 3854 quod
828 3769 1004 3836 huiusmodi
1019 3773 1086 3836 est:
1109 3770 1255 3836 AEruuna

189 3877 283 3957 qnid
306 3896 402 3959 opus
424 3879 864 3961 est,tamquamparnm
884 3877 1255 3959 sit‚<si>dicatnr

188 3999 278 4065 queo,
303 3982 532 4047 horridum?
555 3984 588 4046 ln
608 3981 660 4060 iis,
676 4002 746 4065 quae
764 3986 943 4066 sequnntur,
960 3984 1103 4050 membra
1117 3981 1253 4049 orationis

186 4084 349 4170 Zumptius
372 4098 454 4154 recte
480 4091 637 4172 separavit
657 4096 689 4156 et
714 4090 756 4167 id,
785 4091 864 4174 quod
891 4091 1083 4173 praeoipuum
1115 4092 1189 4167 orat
1212 4089 1252 4152 in·
