2626 5070
279 279 340 343 356
634 279 693 334 nro.
703 278 779 335 mn.
788 278 852 348 cap.
860 280 897 335 11.

338 479 405 544 loo.
432 476 483 552 18,
507 479 541 542 l:
581 477 805 543 Intraturus
832 494 873 540 es
895 477 1029 541 urbem
1053 477 1110 544 dis
1133 465 1278 544 homiui

235 586 380 666 busque
403 600 653 658 communem,
674 581 800 647 omnia
821 582 1066 665 complexam,
1101 586 1215 650 certis
1235 585 1276 649 lo

235 689 351 775 gibus
374 688 607 771 aeternisque
641 687 872 761 devinctam,
904 688 1166 773 indefatigata
1185 690 1273 755 culo

235 795 354 861 stium
391 793 526 858 officia
559 792 790 857 volventem.
848 792 917 858 Non
955 799 1020 859 tam
1053 799 1136 861 recto
1170 797 1279 861 urben

234 900 394 984 legibus
427 898 642 963 devinctam
672 899 733 962 dici
769 917 861 981 quam
894 900 1024 964 omnia
1060 903 1279 984 complerau

235 1005 355 1070 certis
385 1003 536 1087 legibue
654 1005 845 1078 devincta,
881 1004 913 1067 in
934 1005 1057 1082 iisdem,
1094 1025 1170 1089 quas
1201 1021 1279 1090 supra

234 1109 313 1184 diui,
357 1110 635 1182 exercitationibus,
670 1110 889 1175 animadvertit
922 1109 1094 1175 Geertzius.
1149 1113 1184 1176 In
1214 1111 1234 1198 ξ
1268 1109 1279 1172 i

234 1216 297 1280 iam
341 1215 403 1282 vol.
446 1216 462 1279 Ι
502 1235 531 1298 p.
575 1215 637 1276 497
678 1215 809 1281 breviter
852 1215 913 1280 diri
961 1215 1159 1281 scribendum
1210 1236 1273 1283 osso

232 1321 402 1386 Videbis·
422 1321 506 1385 illic
537 1318 848 1385 innumerabiles
878 1321 1023 1386 stellas
1052 1322 1209 1399 micam
1237 1325 1279 1384 oi·

233 1427 338 1490 debis
371 1427 412 1504 (A
442 1424 584 1490 stellas
613 1425 745 1490 ridere
767 1425 945 1510 micabis)
974 1444 1045 1491 uno
1068 1427 1198 1493 sidere
1220 1447 1279 1493 om

232 1532 299 1597 uia
332 1530 502 1614 impleri,
536 1530 659 1595 solem
692 1532 760 1604 cet,
795 1548 852 1596 uec
892 1532 979 1596 muto
1011 1532 1199 1597 senteutiam
1230 1533 1279 1597 viso

232 1637 362 1719 Hauptii
383 1637 410 1715 (I
431 1655 462 1718 p.
485 1635 518 1718 5)
541 1635 724 1710 coniectura,
757 1636 820 1719 qui,
841 1636 877 1700 ut
902 1636 1018 1718 opinor,
1040 1637 1104 1701 iam
1130 1638 1279 1702 nocueris

233 1743 375 1807 micare
409 1760 512 1806 carere
544 1741 628 1807 volet
661 1744 693 1805 at
725 1741 756 1805 in
783 1760 840 1806 sua
872 1742 1047 1806 coniectura
1079 1760 1141 1806 non
1171 1762 1279 1825 prorsu

232 1848 349 1910 rectum
371 1864 439 1910 csse
459 1847 622 1911 verborum
644 1847 780 1911 ordinem
803 1847 964 1920 concedet,
998 1865 1053 1910 nec
1085 1847 1279 1913 miraberis

232 1951 287 2016 hoc
309 1952 375 2016 loco
395 1950 478 2016 iuter
508 1953 570 2017 tria
597 1951 747 2017 videbis
767 1951 1031 2036 interponendum,
1063 1953 1144 2035 quod
1176 1956 1279 2035 postca

231 2055 320 2122 finita
352 2056 410 2122 hac
444 2057 556 2141 figura,
590 2061 672 2123 recte
703 2057 909 2140 subiicitur.¹)
960 2057 1136 2141 Sequuntur
1165 2057 1185 2144 ξ
1212 2060 1231 2121 5
1261 2059 1279 2123 ir

232 2163 464 2228 enumeratione
486 2179 601 2238 eorum,
624 2181 691 2244 quae
706 2162 1190 2245 torrasdespectautioocurruut,
1212 2164 1276 2229 hac

231 2266 413 2332 nationes
440 2312 475 2333 ..
497 2314 522 2342 .,
544 2285 702 2350 quarum
726 2268 811 2332 aliae
837 2267 934 2332 sein
960 2271 1114 2334 erectos
1136 2270 1273 2335 subtra

230 2373 327 2437 hunt
356 2374 519 2445 montes,
555 2371 639 2437 aliae
667 2373 779 2454 ripis,
812 2372 911 2445 lacu,
943 2372 1119 2438 uallibus
1150 2374 1279 2457 pavida

230 2476 610 2550 circumfunduntur,
643 2478 675 2541 in
709 2477 818 2559 quibus
855 2480 982 2559 apparet
1008 2480 1104 2561 ripis
1134 2482 1277 2564 ceteraqu

228 2583 352 2648 datims
381 2600 468 2657 osse,
496 2600 567 2646 nam
600 2583 674 2664 ripis
702 2580 986 2647 circumfunduntur
1017 2584 1121 2666 populi
1144 2584 1183 2649 iis
1206 2603 1279 2650 acco

189 2736 190 2739 ,
227 2690 343 2763 lentes,
377 2686 561 2754 circumdari
584 2687 658 2769 ripis
681 2687 827 2763 (ablativo
851 2690 937 2767 casu)
971 2707 1030 2752 uon
1059 2692 1203 2770 possunt;
1241 2707 1279 2754 sc<

231 2793 403 2859 certissime
424 2794 599 2876 cormptum
624 2794 672 2857 'est
691 2792 794 2869 lacu,
829 2794 974 2875 quoniam
999 2794 1164 2877 singularis
1187 2813 1279 2860 nume

298 3143 446 3214 presertim
464 3142 562 3195 flumen
583 3141 753 3211 peregrinum
771 3140 824 3209 ipsi
842 3141 912 3195 fonti
930 3142 1093 3197 contrarium
1103 3149 1227 3214 ponatur,
1246 3161 1279 3200 uc

297 3251 349 3305 que
363 3232 677 3299 interrisflumen3
698 3232 1013 3289 ooonhobetsivein
1032 3235 1142 3304 ipsum
1162 3238 1279 3301 terris)

296 3328 393 3382 Potest
422 3326 504 3380 fuisse
540 3331 738 3393 interceptam
767 3326 881 3380 terris.
931 3330 1067 3393 (Imminere
1095 3333 1165 3381 terrie
1195 3333 1279 3396 flames

295 3419 370 3473 uliud
388 3422 451 3485 ost)
486 3423 501 3484 ξ
519 3422 536 3474 4
554 3422 626 3472 recto
643 3418 790 3472 Pincianus
816 3421 844 3471 et
867 3420 948 3474 ceteri
974 3423 1081 3489 (prater
1099 3419 1177 3475 Fick.
1197 3424 1225 3474 et
1244 3420 1276 3474 Η.

295 3509 517 3580 tepidissima
542 3509 703 3573 hiberna,
729 3526 781 3565 nou
799 3500 1037 3580 lepidissima,
1064 3516 1080 3576 5
1098 3518 1115 3570 5
1134 3511 1244 3581 Lipsius
1262 3527 1279 3566 o

295 3601 343 3656 alii
361 3605 555 3671 corrumpet
574 3618 621 3671 pro
640 3603 837 3671 corrumpit.

255 3693 276 3760 ¹)
294 3697 310 3758 ὅ
331 3695 348 3748 3
370 3695 441 3747 recte
461 3692 593 3748 editiones
618 3693 682 3748 iude
705 3710 720 3747 a
745 3694 850 3748 Mureto
876 3696 938 3748 suto
963 3694 1117 3749 Fickertum
1142 3697 1279 3752 collecto

294 3784 475 3852 (conlecta)
506 3784 642 3848 nubila,
674 3802 726 3840 uon
756 3786 923 3840 coniecta.
979 3790 1035 3852 54
1061 3788 1164 3856 optima
1194 3791 1279 3845 Haaei:

293 3875 457 3941 coniectura,
488 3877 560 3933 alia
578 3876 814 3933 formatorum
833 3892 881 3946 pro
910 3876 986 3947 alia,
1006 3877 1145 3935 fortuna
1174 3899 1279 3937 reruu

293 3966 449 4031 scribentis,
467 3970 608 4025 adiuvatur
626 3986 670 4035 eo,
687 3969 757 4040 quod
776 3969 809 4024 de
836 3967 933 4023 brevit.
955 3970 1005 4024 rit.
1032 3972 1056 4035 2,
1083 3971 1146 4027 2iu
1175 3976 1199 4027 A
1218 3974 1279 4028 etl

294 4058 405 4112 forma
423 4075 471 4129 pro
489 4060 630 4116 fortuna
649 4063 785 4117 scribitur.
