2654 5010
239 311 295 375 m
580 304 866 375 .mnmm

193 505 398 586 (ieiuniis,
433 507 473 572 in
508 507 649 572 bonnm
684 510 838 589 purtem
876 506 1073 590 aeeipies
1106 508 1163 572 eet
1214 507 1258 571 Hie

195 632 315 699 quoque
337 613 441 679 mendi
456 631 548 679 cenea
566 615 639 677 nete
660 614 709 676 est
729 629 831 677 errore
853 613 937 678 eeuli
960 611 1178 678 similitudine
1191 613 1259 678 tote

195 739 300 786 rerum
324 719 445 803 decepti
467 721 499 785 et
519 718 682 785 nonnullus
704 717 997 800 praetemittentis;
1030 720 1078 785 eie
1109 721 1187 785 enim
1211 721 1260 784 eine

198 826 292 892 dubie
320 826 469 907 seriptum
491 826 607 891 iuerat:
631 860 670 871 -·
692 824 732 889 in
754 823 920 908 legione
943 830 1100 907 quarta
1122 823 1262 906 ie<einr

197 931 355 1015 frande>
384 933 413 997 0.
442 931 589 1008 Antonii,
630 935 668 995 in
707 931 847 996 benum
887 933 1053 1014 portem
1095 932 1262 1015 accipies.

199 1037 352 1103 Fraude
375 1037 504 1102 debetur
525 1036 558 1101 0.
582 1037 615 1100 F.
638 1037 821 1102 Hermanno.
1314 1100 1316 1104 ,

300 1143 377 1208 ibid.
404 1162 450 1224 ep.
475 1145 496 1205 4
518 1142 621 1219 (Bruti
654 1143 692 1207 nd
723 1142 926 1221 Ciceronem),
960 1145 1002 1209 3:
1035 1143 1123 1223 Qua
1156 1144 1193 1208 in
1221 1162 1264 1213 re.

200 1249 340 1313 Cicero
348 1294 512 1325 ......
534 1249 655 1314 nimie
685 1251 849 1315 eredere
880 1249 1048 1315 viderie
1086 1249 1178 1332 spei
1208 1250 1266 1313 tun

200 1353 440 1438 statimque,
481 1359 523 1422 ut
558 1356 727 1440 quisque
762 1354 921 1440 aliquid
958 1359 1080 1421 reete
1120 1354 1267 1427 feeerit.

200 1458 332 1525 omnin
368 1459 462 1525 dere
498 1479 541 1527 ae
583 1460 840 1542 permittere,
877 1463 999 1545 qnasi
1040 1481 1121 1527 non
1160 1463 1267 1527 licent

200 1566 362 1643 trndnei
385 1567 431 1632 ai
454 1567 559 1633 mele
580 1568 755 1634 consilio
776 1571 1018 1650 corruptum
1043 1568 1268 1652 largitioni·

201 1672 272 1737 bue
295 1671 475 1738 animum.
522 1675 645 1738 Poterat
672 1675 800 1740 fortusse
828 1675 957 1739 lieent
992 1674 1082 1752 ferri,
1108 1675 1169 1739 nisi
1191 1673 1269 1738 adde

202 1779 286 1843 retur
307 1785 538 1864 corruptum
562 1779 875 1865 largitionibue;
905 1797 988 1844 nune
1012 1781 1188 1846 manifesto
1209 1780 1271 1845 sui·

202 1883 336 1948 bendum
352 1886 492 1950 uidetur:
503 1889 618 1968 quusi
642 1906 714 1952 non
730 1886 867 1973 liqneut3
884 1885 1089 1970 significatur
1105 1889 1199 1963 enim,
1211 1888 1269 1970 qnid

202 1989 373 2056 nemeeerio
395 1993 450 2057 fiet
471 1995 572 2058 animo
597 1992 811 2079 largitionibus
832 1992 988 2074 corrupto.

307 2095 384 2161 lbid.
415 2100 435 2178 ξ
468 2101 503 2163 4:
534 2101 677 2184 ltaque
713 2102 833 2165 timeo
870 2099 915 2163 de
951 2100 1204 2177 consulatu,
1238 2116 1272 2162 ne

205 2199 334 2267 Gaeenr
355 2207 448 2269 tune
466 2206 593 2271 altius
615 2226 655 2273 ee
677 2206 911 2274 escendisse
942 2208 1071 2288 putet
1103 2205 1272 2272 decretis

204 2309 287 2372 tuis
321 2328 435 2392 quem
464 2312 573 2389 inde,
607 2315 640 2379 ei
669 2313 809 2380 consul
831 2314 965 2378 faetus
997 2313 1075 2389 sit,
1114 2311 1272 2378 deseen-

205 2432 347 2479 eurum.
392 2414 551 2496 Quomodo
580 2424 700 2502 poterut
729 2420 829 2487 Oaeser
851 2414 1073 2497 (Octavianus)
1108 2423 1219 2501 putere
1238 2437 1269 2482 se.

205 2520 232 2585 ei
254 2520 359 2586 eonsul
380 2522 480 2588 foetus
501 2528 593 2604 esset
623 2526 849 2601 descensurum,
879 2529 912 2589 et
936 2527 1102 2607 quomodo
1126 2525 1211 2591 hune
1230 2527 1271 2588 dr·

205 2645 347 2693 eoeneum
379 2647 448 2694 eum
483 2631 583 2712 priore
619 2652 750 2698 escensu
787 2633 985 2713 comparere?
1029 2630 1117 2697 Num
1156 2635 1184 2699 ei
1217 2629 1271 2714 quie

207 2733 402 2817 interpretari
424 2740 567 2802 conetur:
591 2759 702 2823 „quem
726 2744 759 2803 ut
780 2739 850 2803 iude
866 2773 905 2785 -
922 2736 1134 2816 descendam,
1151 2740 1269 2823 primun

206 2838 263 2905 heo
284 2841 433 2907 sermonis
456 2844 525 2909 ueni
548 2863 670 2927 prorsus
692 2850 851 2930 repugnet,
874 2844 988 2908 deinde
1011 2863 1050 2908 ne
1078 2846 1113 2909 in
1137 2844 1196 2910 iile
1216 2844 1268 2927 qni·

204 2944 276 3012 dem
298 2949 451 3013 sententie
472 2955 555 3015 reete
576 2952 755 3036 adiungitur
786 2950 863 3016 iilud
890 2939 929 3014 'si
962 2952 1116 3017 nonnul
1152 2953 1266 3018 inetur

304 3232 359 3272 uno
387 3224 415 3273 et
441 3220 530 3276 altero
560 3221 622 3277 loeo
654 3221 712 3277 eine
741 3226 903 3290 argumente
931 3219 1024 3274 limeri
1055 3221 1265 3289 confirmarique

306 3307 385 3376 Quod
403 3311 432 3366 in
448 3313 619 3370 orationibus
634 3313 827 3369 eMurklnndo
844 3311 998 3381 Wolfioque
1019 3311 1166 3370 damnetis
1183 3313 1265 3368 ierim

306 3416 367 3457 enee
392 3420 465 3460 nunc
492 3422 585 3463 omnes
612 3408 710 3475 sciunt,
738 3415 768 3462 nt
786 3406 918 3462 orationis
937 3405 1199 3477 sententiarumque
1216 3404 1265 3459 vim

303 3496 332 3550 in
350 3495 579 3556 menifestieeimie
601 3500 776 3556 librerierum
799 3497 938 3554 erroribus
961 3498 1057 3567 ponite
1077 3497 1265 3556 declamatorie

304 3589 351 3657 qui
370 3605 387 3645 e
404 3590 505 3647 criticis
523 3593 653 3649 mirificus
672 3593 836 3662 fingebetun
854 3589 936 3646 modo
951 3588 1090 3659 artificio,
1110 3594 1194 3649 modo
1206 3594 1264 3661 igno

303 3682 401 3738 rentiee
428 3683 641 3755 imputarentur,
674 3686 703 3741 id
729 3687 758 3741 in
784 3685 828 3740 hie
854 3699 964 3752 qnoque
995 3684 1126 3752 epistolis
1158 3697 1263 3757 perenne

302 3775 403 3830 recidit
433 3792 465 3833 eo
495 3779 592 3849 megin,
621 3778 694 3848 quud
721 3778 751 3833 in
778 3783 901 3834 extremo
929 3776 1035 3833 eodieie
1064 3779 1208 3834 volumine
1231 3774 1264 3831 rt·

302 3869 440 3926 haerentee
461 3872 560 3941 purtim
585 3890 603 3929 n
626 3871 742 3928 hirmriie
766 3871 952 3941 negligentius
970 3871 1056 3925 etiem
1076 3887 1164 3938 quem
1183 3878 1262 3926 meere

302 3962 410 4031 scriptun
447 3970 524 4033 eunt,
563 3966 664 4035 purtim
701 3965 763 4035 ipen
796 3964 921 4020 codicum
957 3962 1024 4018 folia
1059 3962 1133 4018 mele
1171 3962 1262 4018 habite:

302 4065 395 4109 eornm
424 4058 546 4127 quidem,
575 4075 637 4129 quoe
663 4057 784 4115 necundo
815 4057 885 4112 libro
916 4055 1142 4123 continebantur,
1175 4060 1261 4111 murm

299 4157 397 4200 mance
414 4151 516 4208 codicis
534 4158 615 4222 perte
632 4167 704 4208 nune
724 4151 876 4208 Cratander
894 4166 961 4206 utne
980 4155 1032 4204 est.
