2654 5010
258 288 320 351 234
625 279 686 334 Lib.
705 278 741 335 ll
761 279 827 350 Cap.
849 281 881 334 V.

218 481 355 549 aetatis
383 480 479 548 venis
508 479 575 554 uti;
609 475 825 544 considere
856 479 985 545 simul
1016 484 1077 544 cet
1119 476 1262 544 lureuiliter

218 608 255 657 ao
276 607 363 671 pane
385 586 546 671 pueriliter
568 586 678 650 lusisse
699 582 853 651 Neronem
885 589 921 650 et
949 589 1078 652 ceteros
1106 603 1170 650 curu
1188 581 1266 647 atatis

217 695 413 760 excusatione
449 691 614 776 significat.
668 691 735 758 Nou
769 693 975 772 intercedam,
1010 693 1041 758 si
1075 692 1143 776 quis
1170 691 1268 772 propius

221 798 378 865 etiamad
407 799 530 864 litteras
558 796 651 863 scribi
680 798 827 864 maluerit
859 801 1003 865 atatis
1039 817 1124 866 nerra
1152 797 1221 872 uti,
1245 802 1268 856 ur
1324 806 1325 815 ¹

222 904 411 989 significetur
433 922 544 988 procax
564 903 703 987 quadarn
725 906 927 970 exuberantia
949 907 1058 971 atatis
1073 906 1106 969 iu
1123 900 1270 969 huiusmodi

222 1009 302 1084 lusu,
325 1009 466 1092 addique,
488 1010 571 1093 quud
593 1011 654 1075 ianr
677 1010 731 1075 alii
753 1009 953 1083 addiderunt,
989 1013 1021 1076 ii
1057 1013 1132 1076 ante
1163 1008 1271 1074 consi·

211 1116 330 1191 dere,
355 1122 389 1181 ut
411 1115 509 1182 oratio
525 1135 544 1181 a
558 1115 679 1183 Nerone
693 1116 733 1183 ad
748 1124 866 1182 ceteros
881 1120 1028 1199 apertius
1043 1113 1273 1189 tundentur-‘l

322 1233 401 1298 lbid.
426 1234 466 1296 36
488 1236 534 1310 (in
566 1236 703 1299 cretione
736 1233 874 1300 Suetonii
907 1236 1074 1313 Paulini):
1109 1232 1273 1301 lltisruir

222 1339 368 1405 multis
390 1338 625 1422 legionibus
647 1358 808 1423 paucos,
835 1339 903 1423 qui
925 1343 1078 1423 proelia
1099 1340 1274 1424 proflige-

222 1448 314 1512 rent
335 1448 393 1512 cet.
452 1445 598 1510 blendnm
632 1450 774 1527 apparet;
808 1447 922 1512 ltitteri
958 1448 1151 1524 coniectura,
1181 1447 1209 1510 iu
1230 1463 1275 1527 qus

223 1553 374 1619 retinetur
409 1552 448 1615 iu
484 1552 624 1617 multis
657 1551 905 1634 legionibus,
940 1557 1112 1620 sententiae
1146 1551 1275 1638 generalis

222 1659 357 1741 speciem
393 1658 488 1724 elficit
532 1677 644 1742 prena,
691 1657 776 1741 quasi
814 1676 884 1722 cunr
921 1661 1094 1743 opprobrio
1130 1661 1276 1726 obiiciatur.

221 1766 318 1829 etiarn
351 1784 420 1830 cunr
456 1766 564 1830 multae
597 1765 731 1846 legiones
770 1764 850 1837 siut,
892 1782 1009 1845 paucos
1054 1768 1175 1832 sortiter
1206 1782 1277 1848 agere

212 1874 256 1935 -et
284 1889 349 1936 rem
381 1871 551 1949 decernere,
582 1890 637 1936 uec
665 1870 714 1948 iis,
744 1887 812 1953 quae
840 1871 1063 1949 subiiciuntor,
1095 1879 1191 1956 aptae;
1222 1887 1277 1934 uun

223 1976 266 2041 ibi
300 1976 439 2058 paucitas
473 1996 576 2042 eornm
607 1976 813 2060 significatur,
854 1978 907 2059 qui
941 1996 1026 2043 nunc
1060 1980 1164 2061 ipsum
1195 1979 1276 2042 adsint

223 2083 402 2165 bellumque
440 2083 573 2165 plurium
610 2082 713 2149 labore
749 2090 780 2148 et
818 2101 909 2165 opera
945 2084 1082 2169 dignum
1127 2084 1276 2150 conicisut

224 2189 426 2255 scribendum
448 2195 512 2254 est:
542 2189 624 2277 Esse
646 2208 664 2257 e
689 2196 755 2256 taur
778 2189 920 2255 multis
941 2189 1186 2276 legionibus
1205 2206 1276 2271 pan·

223 2314 305 2372 cos,
338 2296 404 2378 qui
435 2296 576 2376 proelia
601 2298 890 2381 profligarent,
914 2296 1146 2381 gloriaque
1167 2313 1276 2361 eeruu

224 2418 478 2466 accessurunr
514 2407 571 2466 cet.
630 2403 768 2468 Oratorie
804 2401 918 2467 multus
954 2403 1100 2487 legiones
1137 2403 1278 2468 Suetonius

223 2505 369 2590 appellat,
393 2525 461 2591 quse
483 2508 514 2573 iu
538 2510 604 2591 ipsa
620 2509 778 2575 Britannia
800 2512 944 2593 quattuor
966 2510 1016 2573 rel
1040 2513 1178 2593 quinque
1198 2509 1277 2579 eunt

222 2615 352 2689 ceteras,
385 2632 453 2696 qnee
486 2632 540 2696 per
571 2618 670 2681 totino
704 2617 865 2699 imperium
894 2633 1010 2698 sparsa
1039 2624 1147 2688 eraut
1166 2616 1276 2681 obscura

223 2718 447 2804 significatione
468 2722 794 2803 eompreheudeoe.**)

276 2910 304 2978 *)
323 2912 351 2964 C.
371 2910 415 2976 33,
435 2909 481 2963 ubi
500 2909 601 2963 editur:
630 2911 708 2977 quia
726 2910 862 2964 barbari
880 2909 1017 2964 omissis
1037 2910 1199 2964 castellis
1215 2924 1277 2977 pra·

322 3003 490 3070 sidiisque
511 3002 719 3070 militarium,
744 3002 831 3072 quod
851 3002 1055 3057 uberrimum
1076 3004 1236 3073 spolianti
1252 3008 1276 3054 rt

323 3094 585 3151 defendentibus
621 3096 777 3154 intutuur.
812 3096 882 3150 laeti
919 3096 1035 3164 praeda
1074 3105 1108 3151 et
1146 3097 1276 3151 laborurn

323 3204 442 3257 segnes
471 3189 644 3257 petebant,
672 3197 747 3243 recte
775 3189 894 3244 Pichena
926 3190 1067 3244 intellexit
1096 3190 1277 3245 militarium

321 3282 418 3336 vitiose
437 3281 490 3334 dici
509 3297 559 3350 pro
579 3297 621 3347 ee,
640 3282 711 3349 quod
731 3290 774 3336 est
796 3283 951 3348 militurn,
976 3281 1028 3336 sed
1052 3284 1130 3349 qnod
1153 3279 1277 3338 substituit

321 3374 540 3439 militaribus,
559 3382 588 3428 et
605 3374 746 3428 militum
765 3383 794 3429 et
813 3374 1023 3428 militaribus
1043 3391 1162 3444 prorsus
1174 3373 1277 3429 abundat

323 3469 351 3522 iu
370 3467 543 3523 castellorum
569 3475 597 3522 et
618 3466 809 3537 praesidiorum
832 3468 977 3531 mendene,
1005 3467 1183 3523 desideratur
1199 3477 1277 3523 ccum

320 3559 512 3616 molestissime
523 3561 576 3615 loci
595 3562 668 3616 reive
682 3561 774 3630 petitae
787 3561 937 3630 appellatio
949 3561 1068 3630 propria
1081 3563 1173 3616 neutri
1187 3559 1277 3631 generis

320 3652 429 3706 nomine
449 3654 653 3723 comprehensa,
672 3654 707 3709 ad
726 3654 798 3723 qnod
818 3652 954 3709 referatur
972 3670 1129 3722 prouoruen
1143 3655 1275 3710 relatirun

320 3745 416 3814 ltaque
441 3746 572 3814 scriptun]
596 3746 687 3803 luerat
709 3748 743 3802 ad
763 3749 833 3801 lranc
848 3746 976 3801 formam:
1006 3744 1143 3802 militare
1162 3791 1167 3801 .
1187 3791 1192 3801 .
1212 3758 1276 3805 ,ιι

320 3837 406 3904 quud
430 3846 480 3892 cet.
516 3839 644 3896 Fueritne
663 3841 809 3896 militare
827 3840 990 3906 horreum,
1013 3839 1275 3912 quodmibiaphilo-

318 3930 380 3999 logo
400 3935 559 3988 amanuensi
579 3935 730 4001 subiicitur,
750 3949 784 3987 nu
804 3932 879 3987 aliud
896 3931 1013 4000 propios
1031 3933 1182 4003 aptiusque
1199 3935 1274 3987 latest.

316 4038 370 4076 non
390 4024 498 4080 definio.

251 4112 296 4174 **)
316 4116 344 4168 C.
369 4117 405 4171 39
432 4127 535 4173 certum
564 4127 606 4175 est
634 4137 688 4175 non
716 4120 822 4175 narrari
850 4119 1012 4174 Suetonium
1043 4121 1129 4176 rebus
1155 4117 1272 4190 gerendis

315 4224 432 4277 qiuaruru
454 4211 532 4265 unlla
554 4212 668 4266 uriuirua
689 4212 853 4279 significatio
876 4213 1011 4280 sequitur,
1031 4214 1175 4271 detentum
1192 4224 1272 4269 esses
