2662 5046
254 295 316 362 206
618 296 679 354 Lib.
687 295 751 353 cn.
762 294 826 365 (top.
840 297 878 354 11.

276 500 278 503 ’
313 495 380 563 Ibd.
403 493 458 557 97:
487 491 631 572 Quibus
652 491 716 557 illi
736 493 851 559 rebus
874 492 970 558 elati
996 539 1005 559 .
1029 522 1069 561 .‘.
1097 514 1169 562 non
1191 513 1281 562 con-

212 599 460 682 tinebuntnr;
496 597 799 682 progredientur
833 598 1010 682 longius,
1047 601 1280 668 efferentur

213 705 436 790 Singularis
467 704 583 770 horno
604 704 803 788 privatus,
841 703 918 769 nisi
949 721 1084 790 magna
1116 707 1281 789 sapien·

213 811 270 875 tia
295 810 504 892 praeditus,
535 808 597 874 vix
624 808 742 874 facile
769 826 856 877 sose
887 808 1113 893 regionibns
1149 810 1280 877 officii

213 915 363 1000 magnis
399 915 437 978 in
476 913 643 979 fortunis
679 915 717 978 et
754 915 879 997 copiis
914 915 1103 990 continet;
1139 915 1281 982 nedum

212 1019 286 1085 isti
306 1022 364 1087 cet.
412 1020 492 1084 Mire
523 1019 662 1084 adhaeret
695 1018 811 1083 nudum
845 1018 922 1084 illud
955 1019 1176 1091 efferentur
1208 1023 1282 1104 post

212 1124 516 1209 progredientur
547 1123 702 1207 longius
735 1128 804 1202 (nec
835 1124 937 1207 aptius
968 1126 1281 1208 progredientur

176 1229 293 1323 *nude
325 1231 499 1313 poneretur,
531 1230 677 1311 sequente
708 1228 869 1313 longius
903 1229 1145 1309 efferentur).
1198 1231 1281 1296 'lum

211 1333 430 1420 singul—aris
465 1333 573 1399 homo
598 1334 781 1416 privatus
816 1352 871 1417 pro
904 1352 950 1413 so,
985 1335 1065 1417 quod
1101 1338 1151 1402 est
1181 1355 1280 1403 unus

213 1439 327 1505 homo
347 1439 453 1522 priv,
477 1439 566 1506 valde
586 1438 734 1505 inusitate
756 1439 876 1505 dicitnr.
919 1438 981 1504 Sed
1012 1439 1091 1505 illud
1123 1440 1281 1527 longius

212 1545 245 1610 in
267 1546 450 1631 apographis
475 1543 643 1630 Poggianis
672 1543 774 1623 (codd.
798 1545 1119 1630 Lagonarsinianis),
1135 1548 1172 1611 ut
1193 1546 1282 1612 vide-

211 1651 272 1728 tur,
308 1651 451 1717 omnibus
471 1651 534 1728 est;
557 1649 664 1716 contra
684 1649 716 1713 in
738 1647 1016 1733 nrf.,nr1angonai
1039 1649 1133 1731 (apud
1153 1649 1282 1717 Halmi-

212 1762 279 1835 um)
301 1775 396 1841 eoque
408 1755 519 1836 codice,
531 1774 591 1839 quo
609 1754 750 1821 Pithoeus
767 1773 842 1820 usus
863 1756 940 1833 erat,
961 1754 1106 1821 scribitur
1125 1774 1281 1840 progre-

212 1860 1280 1946 dientur(progrediantofflnncti(Rounotiisecumferam

212 1965 275 2029 tur
296 1965 477 2050 amnuo).
502 1967 544 2031 lit
558 1983 684 2034 secum
700 1964 882 2031 ferentur
904 1966 1149 2050 quidemnatum
1171 1970 1222 2033 est
1243 1985 1281 2033 en

144 2141 147 2148 ,
213 2070 448 2146 ecferantur,
484 2073 539 2138 sed
570 2071 693 2137 iuncti
720 2089 828 2136 verum
850 2072 900 2137 est
919 2071 1012 2137 etad
1035 2071 1199 2138 veritamm
1220 2072 1281 2138 du·

213 2175 265 2240 cit.
310 2176 384 2242 Sine
410 2177 503 2245 dubio
531 2178 612 2244 eninr
636 2175 740 2244 Cicero
761 2177 942 2260 scripserat:
977 2174 1281 2261 progredientur

213 2281 348 2359 iuncti,
371 2284 587 2350 efferentur
607 2284 837 2370 singulares.
882 2284 999 2349 Homo
1019 2283 1198 2365 privatus
1220 2285 1281 2348 cet

213 2387 301 2452 Dixit
310 2389 416 2455 summ
431 2389 649 2474 singulares
675 2389 816 2456 afferri
829 2388 1031 2469 (einzelwsise
1049 2386 1113 2452 und
1125 2388 1284 2471 gotranni)

212 2491 510 2577 accommodando
528 2494 630 2576 Caesar
640 2495 677 2559 B.
693 2493 729 2560 G.
751 2494 806 2572 IV,
819 2492 860 2556 26
881 2493 1036 2576 aliquos
1058 2491 1283 2575 singulares

214 2597 477 2681 egredientes.
517 2600 831 2682 (Ipsumvocabulum
853 2599 911 2663 hoc
933 2597 1109 2682 significatu
1130 2598 1214 2680 apud
1230 2598 1284 2664 ci·

215 2719 355 2770 aaronem
370 2706 419 2769 est
429 2703 517 2768 N.D.
534 2704 577 2784 II,
594 2704 901 2784 273,adntcv11,1‚
918 2704 959 2774 5.)
982 2702 1043 2768 Sed
1054 2702 1149 2768 otiam
1163 2704 1198 2769 in
1209 2723 1285 2787 pro·

213 2806 305 2873 nimis
316 2808 419 2874 verbis
434 2807 582 2875 mendum
596 2828 664 2875 esse
681 2811 757 2876 satis
772 2809 909 2875 declarat
922 2808 1122 2875 vitiosissime
1135 2810 1204 2875 vir
1225 2811 1285 2876 ia·

214 2911 358 2998 cilepro
370 2914 508 2980 solovix
520 2914 590 2992 (hoo
601 2917 743 2991 estnon
759 2915 893 2994 facile)
910 2915 1055 2999 positum,
1065 2917 1134 2980 tum
1146 2914 1284 2995 codices;

214 3036 288 3083 nam
308 3018 433 3084 facile
453 3018 487 3083 in
509 3038 568 3085 uno
590 3023 639 3087 est
659 3021 713 3088 illo
734 3021 1008 3105 interpolatiesimo
1031 3020 1106 3105 Lag.
1129 3021 1160 3100 9,
1189 3022 1286 3088 catari

214 3123 352 3191 facilis
378 3123 455 3205 (llrf.
480 3126 514 3191 et
534 3126 598 3206 alii)
619 3130 674 3193 aut
694 3127 810 3194 facili
831 3126 955 3202 habent,
979 3145 1034 3210 pro
1056 3118 1199 3207 sese'ii,
1232 3128 1286 3213 qui

214 3228 440 3314 Poggianinon
462 3232 546 3311 sunt,
568 3234 686 3308 esset,
722 3235 878 3315 postremo
900 3251 1007 3299 omnes
1035 3232 1285 3313 continetur,

215 3334 276 3401 nisi
297 3335 377 3419 quod
397 3336 454 3402 hoc
476 3355 594 3421 quoque
615 3336 646 3401 in
667 3337 721 3403 illo
741 3355 801 3403 uno
823 3339 976 3404 corrector
994 3337 1111 3404 effecit.
1155 3338 1287 3404 Certum

215 3439 352 3522 primum
374 3442 533 3521 osthane
557 3442 652 3507 fuisse
674 3443 834 3508 sententiae
855 3443 1006 3509 formam:
1049 3442 1172 3508 Homo
1205 3443 1287 3525 pri-

215 3548 332 3612 vatus
357 3568 409 3613 ·...
436 3547 499 3612 vix
604 3547 833 3631 regionibus
866 3548 992 3614 oflicii
1103 3549 1287 3615 contine-

215 3651 294 3726 tur;
337 3655 411 3718 sunt
452 3653 570 3719 antem*
598 3653 755 3736 regiones,
798 3673 874 3739 quas
924 3654 1108 3722 Germanice
1154 3653 1286 3720 dheris:

216 3753 266 3820 die
306 3757 531 3843 abgegrenntsn
573 3757 778 3843 Richtungen.
830 3762 866 3826 In
898 3760 962 3826 illis
994 3759 1129 3842 facilis
1177 3763 1288 3826 esset

216 3861 296 3926 latet
327 3863 411 3930 aliud
432 3864 659 3930 substantivum
695 3865 848 3948 particula
882 3866 921 3931 et
952 3884 1023 3930 cum
1055 3861 1287 3947 regionibus

217 3966 422 4031 coniunctum.
475 3968 690 4037 scribendum:
727 3971 791 4036 vir
816 3971 956 4056 spatiis
988 3980 1020 4034 eo
1049 3968 1289 4053 regionibus

218 4069 348 4135 officii
456 4074 678 4142 continetur
698 4075 759 4153 (die
780 4076 907 4143 Bahnen
929 4075 993 4142 und
1013 4075 1241 4162 Richtungen).
