2626 5070
236 307 297 371 m
594 305 861 374 mmmm

99 516 101 519 ’
194 508 360 577 dicendum
382 489 495 569 (laseri
515 499 618 576 fuerit,
640 502 821 586 Pompeium
842 503 962 569 litteras
985 506 1120 572 scribere
1135 509 1271 575 solitum

194 634 273 681 esse.
321 611 429 695 Neque
464 608 497 672 in
529 607 642 673 litteris
673 625 810 691 unquam
847 608 1091 692 praeferebantur
1126 613 1265 699 insignia

194 720 317 785 lancee.
370 713 558 781 Exciderunt
577 713 706 796 ¹aliquot
726 712 848 792 litterae,
883 732 954 780 eum
975 716 1007 780 in
1029 717 1109 783 hano
1130 717 1270 786 formam

194 818 344 908 scriptum
377 822 475 887 esset:
507 819 563 884 ita
591 837 630 883 se
662 822 797 902 postea
829 820 994 886 salutari
1026 840 1165 904 passus
1203 835 1262 901 cst,

195 929 259 995 sed
295 929 334 993 in
370 925 525 991 litteris
568 921 762 1007 nunquam
798 925 970 1004 scribere
1015 930 1075 994 est
1116 929 1261 996 solitus

194 1053 319 1119 neque
341 1036 399 1099 oet.
444 1031 515 1095 Non
545 1028 715 1094 scribebat:
760 1029 835 1105 „Cn
869 1030 1035 1114 Pompeius
1061 1034 1258 1118 imperator“.

194 1141 281 1219 (1111
309 1156 390 1221 saepe
422 1138 493 1218 post
524 1154 565 1200 ns
599 1133 749 1199 omissum
781 1153 859 1213 esse,
895 1135 967 1202 diri-
990 1139 1171 1205 adolescens
1193 1159 1260 1223 app.

195 1246 262 1311 orit.
285 1245 324 1310 ad
346 1241 459 1323 disput.
483 1239 520 1304 de
541 1238 676 1304 Asconio
698 1259 729 1322 p.
752 1241 783 1318 4,
804 1242 1001 1326 peteremque
1022 1245 1124 1310 mults
1147 1246 1260 1312 addere

195 1351 345 1432 exempla,
367 1351 403 1412 11
424 1344 539 1412 Ciede
560 1346 684 1427 harusp.
706 1363 784 1428 resp.
806 1346 858 1423 49,
880 1348 948 1413 Val.
970 1349 1051 1416 Mar.
1073 1351 1146 1426 VH,
1167 1351 1199 1428 4,
1233 1354 1259 1428 1,

164 1505 166 1508 >
196 1453 400 1528 (1611111111,
436 1452 483 1526 15,
518 1450 547 1517 2.
597 1450 657 1516 Hic
678 1451 802 1533 quidem
824 1455 896 1519 ante
928 1455 992 1520 sed
1016 1456 1117 1521 multo
1141 1455 1258 1522 facilius

194 1560 315 1635 excidit,
337 1560 481 1641 recteque
492 1556 617 1622 additur
630 1558 662 1622 in
686 1556 754 1622 edd.
767 1577 862 1642 usqne
874 1558 914 1624 ad
928 1558 1085 1639 Oudend.)
1106 1563 1209 1645 'lilap
1221 1564 1259 1625 74

194 1666 355 1733 sententia
376 1665 422 1729 sic
439 1663 618 1729 dirimendae
633 1667 720 1728 sunt:
742 1667 972 1731 ut...omnes
995 1665 1181 1733 arderent
1203 1686 1259 1733 cn·

193 1773 361 1856 piditet‘e
384 1769 585 1854 pugnandi.
609 1768 696 1834 Cum
720 1769 936 1852 superioris
960 1771 1079 1837 etiam
1101 1773 1258 1840 ordinis

193 1875 376 1943 nonnulli
397 1875 574 1941 oratione
594 1876 906 1958 permoti...rem
928 1877 1063 1959 proelio
1084 1881 1259 1945 commit·

194 1981 350 2048 tendam
374 1980 670 2055 existimarent,
692 1982 827 2046 contra
848 1999 889 2046 ee
911 1980 1039 2047 Cesar
1061 1987 1120 2049 cet.
1165 1984 1260 2050 Ora·

193 2089 337 2179 tionem
359 2087 462 2152 Oaeser
474 2086 551 2151 dicit
560 2104 659 2164 snam,
679 2105 740 2169 qne
750 2086 845 2152 etiam
867 2086 1003 2152 militum
1019 2089 1115 2154 enimi
1138 2090 1259 2157 incitati

193 2197 297 2267 erant3
334 2193 491 2258 ratione
523 2192 611 2258 illem
643 2192 829 2260 sententiam
851 2192 984 2258 caruisse
1006 2192 1072 2277 ipse
1095 2197 1241 2279 exponit)

292 2298 359 2365 lod.
382 2299 438 2369 ⁷9:
471 2300 510 2364 et
541 2296 586 2363 ad
606 2296 813 2381 AEgininm,
844 2296 945 2379 qnod
973 2301 1032 2364 est
1055 2300 1260 2366 ohiectnm

67 2460 74 2468 „
193 2401 745 2490 oppositumqneThesseliae,
763 2402 903 2468 Caesari
925 2405 1106 2472 venienti.
1122 2424 1260 2472 occur·

191 2513 254 2578 rit.
308 2508 530 2594 Nipperdeins:
574 2507 672 2591 qnod
709 2509 769 2572 est
810 2508 987 2591 oppidum
1031 2511 1261 2593 oppositam

192 2617 322 2683 Thess.
366 2615 427 2682 Sed
459 2632 515 2679 nec
546 2613 702 2679 obiectum
732 2631 789 2677 neo
811 2615 986 2696 oppositum
1008 2615 1178 2682 Thessalia
1204 2636 1260 2702 op-

191 2722 298 2807 pidum
320 2739 379 2804 quo
402 2738 494 2788 sensu
516 2719 646 2792 dicetur,
679 2718 831 2802 intelligo,
867 2720 926 2785 nisi
959 2719 985 2785 si
1022 2719 1102 2803 qnod
1122 2720 1204 2788 forte
1226 2723 1258 2787 in

191 2826 293 2891 insula
326 2844 385 2890 crae
406 2825 574 2890 Thessalia
608 2823 736 2889 obversa
760 2824 855 2890 sitnm
890 2828 946 2891 est.
989 2826 1097 2910 Itaque
1119 2829 1257 2895 scriben-

193 2930 435 3011 dum'opinor:
464 2928 585 3013 'quod
627 2931 693 2994 est
729 2929 918 2991 adiectum
960 2932 1260 3019 oppositumque

133 3099 137 3106 ,
192 3037 416 3109 Thessaliae,
448 3034 705 3120 quemadmodum
728 3034 765 3100 de
786 3034 898 3101 vicinia
919 3039 952 3103 et
972 3039 1202 3122 propinquitate
1222 3040 1255 3106 h.

190 3144 279 3209 Alex.
303 3141 343 3205 28
365 3141 478 3207 dicitnr
499 3142 696 3207 adiectum
722 3141 876 3206 flumini
897 3143 993 3208 Nilo.
1036 3144 1259 3228 Appositns

190 3250 236 3314 sic
255 3246 336 3330 apud
357 3247 510 3322 Ovidium,
534 3249 691 3320 Senecam,
734 3246 875 3312 Tacitum
897 3248 1019 3327 dicitnr,
1040 3268 1098 3315 neo
1120 3250 1257 3316 multum

190 3354 287 3420 distet
308 3352 389 3437 apud
410 3353 588 3420 Ciceronem
611 3353 649 3417 de
670 3353 786 3422 invent.
811 3350 854 3430 11,
890 3354 949 3417 165
972 3355 1192 3438 appositum
1215 3375 1258 3421 ac

191 3459 461 3544 propinquum,
484 3460 544 3525 nisi
567 3459 647 3543 quod
668 3458 816 3524 translate
838 3458 960 3528 dicitnr.

289 3564 357 3631 Ibd.
380 3564 435 3629 81:
469 3566 606 3648 preter
627 3564 837 3643 Lerisaeos,
870 3566 936 3646 qni
960 3565 1118 3650 magnis
1141 3584 1258 3633 exer-

191 3670 336 3737 citibus
376 3668 571 3752 Scipionis
613 3671 850 3760 tenebantur.
921 3670 1003 3737 Satis
1043 3676 1174 3755 apparet
1209 3674 1277 3738 in·-

189 3776 408 3861 tellectumqne
429 3775 469 3841 ah
492 3769 561 3841 aliis
584 3778 641 3851 est,
663 3777 716 3841 uni
736 3775 845 3860 oppido
869 3795 929 3842 non
951 3795 1082 3861 magnos
1104 3779 1258 3846 exercitus

189 3881 349 3965 impositos
371 3882 475 3948 fuisse.
532 3882 787 3949 concremasse:
825 3882 973 3966 magnis
1006 3885 1168 3945 coerciti
1196 3907 1258 3948 co·

185 3986 268 4071 piis
309 3986 511 4069 Scipionis
554 3987 799 4054 tenebantur.

291 4090 357 4173 lhd,
380 4090 435 4156 84:
458 4095 498 4157 11
520 4092 649 4172 (Caesar)
758 4093 1032 4162 adolescentes
1055 4084 1277 4179 atquem...
