2656 5056
394 698 533 754 Ciceronis
551 697 698 753 orationes.
980 693 1038 762 145

113 896 175 962 Pro
200 895 298 963 Balbo
323 896 379 961 25:
402 895 510 961 Hanc
533 896 576 959 tu
597 894 744 979 igitur,
767 895 934 976 patrone
957 894 1078 960 loede-

22 1016 94 1066 ιω
147 1020 190 1067 cc
244 1002 548 1079 luderatornno,
597 1000 875 1067 condicionem
924 1000 1077 1067 statuis

22 1108 246 1181 adilonis,
269 1109 353 1173 tuis
375 1107 549 1186 civibus,
571 1109 628 1181 ut,
650 1105 752 1190 quod
775 1105 839 1187 iis,
862 1124 958 1191 quos
979 1124 1078 1190 mag-

22 1262 31 1271 .
60 1213 356 1279 sadiutoribus
378 1214 462 1280 tuis
490 1214 612 1279 armis
640 1211 874 1298 subegimus
897 1212 1018 1294 atque
1038 1211 1076 1275 in
1131 1272 1132 1275 ,

22 1370 25 1376 .
61 1318 212 1384 cionem
234 1322 411 1385 nostram
434 1317 680 1401 redegimus,
700 1317 843 1396 liceat,
859 1319 891 1384 si
907 1317 1078 1401 populus

22 1441 213 1492 omanus
235 1425 489 1507 permiserit,
512 1430 554 1490 ut
576 1428 622 1493 ab
644 1428 804 1506 senatu,
836 1425 882 1493 ab
903 1424 1078 1506 impera·

22 1561 24 1567 r
60 1531 172 1598 ribus
194 1533 349 1597 uostris
371 1531 547 1597 ciuitate
576 1533 790 1612 donentur,
823 1533 862 1597 id
884 1549 930 1596 ne
952 1530 1079 1595 liceat

59 1638 137 1705 sis?
180 1636 256 1717 Quae
282 1637 435 1702 sententia
463 1656 530 1704 esse
559 1639 678 1716 debeat,
709 1639 835 1704 dubium
860 1657 917 1703 non
940 1638 1004 1714 est;
1026 1654 1080 1702 cur

22 1744 85 1809 vri
107 1744 244 1810 codicum
268 1744 417 1828 scriptura
439 1746 582 1828 nequeat.
605 1747 680 1812 olim
702 1764 720 1811 a
741 1764 791 1811 me
813 1744 927 1811 dictum
950 1745 1008 1816 est,
1022 1741 1078 1806 sed

31 1849 186 1935 trigendi
207 1850 332 1916 initium
347 1849 511 1917 infeliciter
525 1853 650 1917 lactum.
686 1851 836 1916 Veritatis
852 1851 933 1915 enim
949 1848 1079 1930 vestigia

22 1957 208 2029 ·1ntinentur
236 1957 303 2041 ipso
331 1957 430 2039 primo
457 1959 490 2022 et
517 1959 650 2023 exuemo
678 1957 826 2023 vocabulo
849 1954 1017 2040 (maguis
1038 1989 1079 2000 -

22 2063 128 2141 lis),
159 2080 288 2146 quornm
317 2080 351 2128 ex
379 2080 479 2129 errore
507 2062 593 2148 origo
621 2061 789 2150 probabilis
810 2061 940 2129 inveniri
962 2061 1078 2144 nequit

23 2182 119 2234 num
140 2171 289 2253 praterea
317 2170 356 2234 ad
387 2169 632 2236 emendationem
665 2167 884 2236 inveniendam
912 2164 1079 2232 tenendum

22 2278 68 2353 tt,
92 2292 154 2340 uon
176 2273 248 2353 illis,
271 2275 322 2358 qui
349 2293 431 2341 nunc
452 2277 524 2353 sint,
548 2275 709 2342 Gaditanis
730 2273 947 2341 adiuvantibus
965 2272 1080 2354 Hispa·

22 2392 65 2447 δε
96 2400 117 2446 a
145 2379 293 2447 Romanis
320 2381 464 2446 subactos
492 2380 671 2446 Ciceronem
701 2381 811 2456 dicere,
840 2382 894 2447 sed
916 2380 1080 2447 maioribus

22 2499 128 2551 prum.
182 2485 351 2569 Sumpserat
384 2488 466 2552 enim
493 2485 600 2552 Cicero
630 2488 669 2552 ad
697 2488 776 2554 hanc
803 2488 935 2553 formam
962 2487 1080 2552 steine

22 2592 108 2657 ubic
132 2590 179 2657 his
199 2591 277 2675 ipsis
300 2591 415 2659 uerbis:
446 2611 544 2675 qnos
574 2593 730 2677 maguis
758 2592 904 2675 adlut<i
926 2592 1038 2680 opibus
1060 2607 1081 2657 a

22 2696 230 2779 uai>uribus
260 2697 343 2763 tuis
373 2699 495 2763 armis
523 2681 765 2783 subegimus.
816 2698 946 2764 Librarii
973 2698 1080 2766 oculus

22 2800 168 2869 berravit
199 2804 237 2869 ab
273 2803 436 2888 iopibus
468 2804 506 2868 ad
540 2802 696 2869 iuribus
735 2803 847 2884 mediis
880 2804 1079 2870 transmissis.

22 2908 95 2992 lpte
117 2925 211 2991 opes
233 2909 439 2987 nominantur,
463 2908 537 2992 quic
553 2909 689 2991 pecuniis
704 2907 860 2992 copiisque
875 2911 973 2994 magis
988 2928 1080 2993 quam

22 3016 109 3080 umis
142 3012 278 3099 virisque
310 3014 594 3080 sumministrandis
627 3012 774 3081 Gaditani
807 3014 961 3081 Romanos
991 3015 1080 3082 adiu·

22 3122 132 3187 rerant
177 3119 271 3187 Paulo
305 3122 376 3203 post
404 3121 612 3187 certissimum
640 3123 689 3186 est
718 3119 895 3187 Ciceronem
924 3122 1080 3205 scripsisse

22 3228 180 3291 externa
201 3226 366 3292 virtute.
410 3226 596 3293 Incredibile
619 3228 666 3292 est
688 3225 790 3302 fuisse,
814 3228 868 3310 qui
887 3227 1082 3294 consideret

22 3350 94 3398 nanc
127 3331 227 3415 ipsam
254 3332 493 3418 geminationem
526 3333 850 3417 alienigenarum
881 3333 1082 3399 bominum

22 3436 171 3503 studiis
191 3441 314 3522 atque
336 3440 503 3505 externa
524 3440 680 3505 uirtute
705 3457 827 3521 prorsus
847 3437 1082 3506 esseCiceroni·

22 3563 105 3610 mam
131 3542 181 3608 vel
206 3546 309 3628 potius
337 3543 477 3611 omnium
506 3546 662 3611 oratorum
691 3562 894 3610 communem.
943 3546 1083 3629 Ipsorum

22 3649 187 3730 lominum,
215 3650 269 3735 qni
290 3650 424 3716 militare
444 3670 500 3734 pro
521 3650 669 3718 Romanis
690 3653 875 3729 notaremur,
897 3652 1013 3718 virtute
1035 3653 1084 3718 illi

22 3756 224 3837 erivabautur,
261 3774 322 3824 uon
355 3756 495 3839 patema,
528 3775 596 3839 quae
631 3774 705 3822 sene
736 3755 814 3821 nihil
835 3775 900 3822 rem
928 3758 1081 3840 publicam

23 3861 157 3927 unisset.

120 3976 197 4044 lbid.
219 3977 275 4044 33:
309 3977 424 4045 Nihil
455 3979 612 4046 omniuo
634 3998 815 4062 umquam
838 3980 883 4046 de
903 3979 986 4047 isto
1009 3981 1081 4046 loe-

22 4087 109 4152 lere
137 4085 182 4150 ad
211 4084 417 4168 populum,
447 4085 553 4151 nihil
583 4086 630 4151 ad
657 4084 813 4168 plebem
841 4085 967 4152 latum
995 4107 1083 4153 esse

118 4340 179 4408 (pro
192 4337 325 4410 iucrlt),
338 4348 523 4433 antequam
541 4338 755 4410 designatus
772 4338 991 4409 est,decreta
1008 4358 1083 4415 pro·

117 4430 235 4489 vincia.
272 4432 434 4491 Concessire
457 4433 510 4490 hoc
535 4432 646 4515 mutum
671 4430 774 4490 deiude
796 4439 890 4491 orator
913 4441 994 4506 urget
1014 4452 1085 4492 nera

117 4523 344 4594 interrogatione:
364 4525 533 4584 Sortletur
551 4541 591 4583 cn
608 4525 696 4582 nonl

849 4629 885 4686 10
