2654 5010
458 638 597 695 Ciceronis
614 638 748 708 epistolae.
1036 636 1095 703 185

60 837 177 902 terit.
232 835 354 901 locatur
381 835 483 902 Gaesar
513 855 546 903 se
578 836 759 915 Dolabellae,
790 836 869 920 quod
899 840 965 902 tam
986 834 1138 903 iucundus

61 943 128 1010 sibi
148 943 198 1021 sit,
221 940 339 1007 nullam
371 943 503 1025 gratiam
525 942 660 1022 ,habere
694 943 840 1027 quoniam
862 943 1057 1009 Dolabellam
1082 962 1139 1010 sua

64 1052 179 1117 natura
209 1050 302 1132 cogat
332 1047 501 1113 iucundum
530 1048 643 1115 (laesari
671 1067 749 1126 esse,
782 1068 883 1132 neque
914 1049 1007 1116 aliter
1038 1049 1138 1115 iacere

62 1157 175 1239 possit
216 1154 372 1236 Scriptum
393 1154 492 1239 igitur
511 1154 664 1221 ailaesare
686 1155 802 1221 iuerat:
824 1154 969 1223 necioleo
984 1155 1138 1221 habebo

63 1259 243 1347 gratiam
266 1259 352 1335 illi;
375 1278 502 1344 neque
524 1261 626 1327 euim
648 1262 773 1328 aliter
794 1263 927 1328 lacere
949 1262 1090 1345 poterat

169 1365 248 1432 ibid.
269 1364 309 1444 X,
328 1367 357 1446 8,
372 1367 409 1430 4:
431 1367 490 1432 An
511 1367 578 1451 qui
600 1367 648 1446 (M
668 1369 772 1447 anni)
794 1366 911 1433 valde
931 1367 995 1434 hio
1015 1368 1054 1433 iu
1076 1366 1138 1432 ab·

64 1473 200 1542 sentis
219 1472 331 1539 solus
347 1471 425 1537 tuli
440 1473 591 1551 scelus,
607 1474 787 1541 eiusdem
802 1494 885 1541 oum
902 1475 1080 1556 Pompeio
1100 1476 1138 1538 et

64 1600 149 1648 eum
164 1579 341 1662 reliquis
356 1578 612 1663 principibus
627 1599 700 1646 non
719 1581 867 1646 ieram?
891 1581 1006 1645 Prater
1021 1580 1137 1645 valde

65 1687 232 1754 manifesto
254 1687 432 1768 corruptum
455 1686 613 1754 offendunt
634 1687 770 1770 graviter
790 1688 821 1751 in
841 1685 1045 1769 comparando
1068 1704 1138 1768 pro·

65 1794 193 1859 nomina
214 1810 273 1857 non
296 1793 378 1858 recte
399 1791 483 1858 inter
504 1811 538 1857 se
553 1792 668 1866 relata;
691 1811 763 1857 nem
785 1793 963 1867 eiusdem
981 1791 1138 1869 (Caesaris)

65 1917 193 1983 prorsus
223 1897 344 1982 flagitat
372 1898 536 1963 relativum
569 1898 609 1964 ad
642 1899 773 1964 eundem
805 1897 956 1964 (lacerem
994 1898 1137 1975 relatum,

66 2025 139 2071 cnm
162 2004 335 2088 prasertim
364 2003 452 2069 nulla
481 2004 541 2070 elia
569 2005 635 2070 eins
656 2005 690 2070 iu
712 2005 842 2071 relativa
864 2005 1018 2070 sententia
1040 2005 1137 2089 sigui·

66 2112 174 2178 ficatio
195 2112 246 2176 sit.
293 2110 401 2175 Prima
422 2110 560 2176 adverbii
582 2109 699 2176 valde
721 2112 827 2178 littera
848 2115 916 2178 orla
937 2112 986 2176 est
1007 2129 1043 2176 er
1058 2130 1138 2194 prae·

66 2217 193 2286 cedenti
210 2217 398 2300 pronomine,
421 2217 541 2300 luitque
562 2217 628 2283 haec
642 2219 805 2286 sententia
818 2215 934 2283 forma:
957 2219 1031 2297 An,
1048 2218 1138 2284 ouius

66 2324 177 2391 adhue
198 2323 237 2388 in
259 2322 832 2404 absentissolastuliscelns,
849 2323 1029 2390 eiusdem
1038 2369 1114 2386 .....
1124 2330 1138 2387 i

67 2431 180 2496 Adhuc
200 2431 231 2495 in
254 2430 436 2512 Pompeium
464 2429 678 2514 principesque
705 2429 851 2496 absentes
877 2429 979 2496 Caesar
1006 2432 1083 2495 iram
1107 2435 1139 2495 et

67 2536 170 2603 scelus
192 2537 378 2601 exercuerat.
426 2535 531 2617 ipsam
553 2534 706 2602 Ciceronis
736 2555 861 2602 manum
884 2537 915 2602 iu
940 2535 1069 2602 adhue
1089 2555 1138 2601 re·

69 2643 213 2709 stitutum
237 2660 297 2707 nou
320 2640 450 2720 affirmo,
472 2643 504 2706 et
524 2644 638 2721 tamen
661 2642 696 2706 ut
716 2643 849 2719 credam,
872 2642 993 2707 inclino.
1008 2644 1040 2718 *)

173 2746 251 2814 lbid.
274 2751 293 2832 g
316 2748 354 2813 6:
382 2747 463 2814 lam
494 2748 641 2830 quibus
670 2748 810 2812 utatur
839 2747 902 2812 rel
930 2750 1056 2814 sociis
1078 2749 1140 2815 rel

68 2855 294 2932 ministris,
327 2854 361 2918 si
392 2853 423 2918 ii
445 2852 506 2931 (Μ1
530 2853 653 2917 tantum
681 2851 730 2928 si)
762 2852 1015 2933 provincias,
1048 2855 1082 2920 si
1110 2857 1141 2920 ii

69 2962 132 3038 (llil
156 2962 203 3038 si)
225 2978 304 3026 rem
325 2959 530 3041 publicam
551 2961 713 3042 regent,
743 2976 909 3041 quorum
931 2978 1042 3026 nemo
1065 2960 1140 3026 duo

69 3086 226 3134 menses
258 3066 394 3150 potuit
428 3065 712 3148 patrimonium
748 3083 861 3131 snum
890 3068 1140 3149 gubernare?

70 3174 289 3240 scribendum:
314 3174 393 3238 lam
416 3161 912 3256 quibusuletunrel'sociis
933 3172 995 3238 rel
1017 3174 1139 3238 mini·

70 3281 195 3347 stris?
216 3281 248 3344 Ii
268 3279 504 3362 provincias,
519 3279 548 3344 ii
563 3298 642 3344 rem
658 3279 860 3362 publicam
875 3282 1032 3364 regent,
1050 3298 1140 3363 quo-

69 3406 152 3452 rnm
174 3404 285 3451 nemo
389 3387 637 3470 gubernare?
659 3384 767 3450 Mundi
788 3404 824 3451 ex
844 3385 1008 3470 geminatis
1024 3385 1140 3452 litteris

69 3492 156 3577 origo
171 3492 333 3575 perspicua
348 3497 404 3558 est.
430 3491 576 3558 Utetur
594 3494 655 3558 iam
671 3491 910 3576 Wesenbergins
926 3497 958 3557 et
972 3491 1138 3577 Kayserus.

172 3615 252 3680 ibid.
277 3618 326 3694 10,
351 3601 385 3680 l:
414 3615 506 3681 Misi
534 3615 580 3681 ad
602 3618 642 3681 te
664 3614 868 3698 epistolam
892 3617 1063 3682 Antonii.
1097 3617 1140 3682 lli

68 3741 158 3789 oum
183 3740 253 3806 ego
275 3721 489 3805 sepissima
518 3724 763 3805 scripsissem
796 3720 899 3786 nihil
926 3742 982 3787 me
1004 3724 1141 3789 contra

68 3830 231 3895 Caesaris
259 3829 435 3894 rationes
464 3829 663 3919 cogitare.
688 3874 695 3891 .
719 3875 726 3891 .
750 3873 769 3906 .,
794 3846 856 3897 ma
880 3831 1021 3906 autem,
1052 3829 1140 3912 qnia

67 3955 151 4001 curn
188 3935 400 4001 lictoribus
435 3936 585 4001 inritus
618 3951 827 4013 cursarem,
868 3935 1005 4001 abesse
1037 3933 1139 3999 velle

122 4194 151 4261 *)
168 4192 220 4261 Ep.
239 4191 266 4260 4,
284 4191 302 4245 2
320 4197 521 4260 annotaveram,
546 4188 674 4258 quoniam
703 4191 898 4260 exspoliare
927 4192 1072 4260 aliquem
1100 4205 1138 4246 ex

169 4283 347 4355 provincia
374 4284 442 4338 nihil
467 4284 512 4352 sit,
532 4281 706 4339 scribendum
725 4299 799 4340 esse:
826 4285 987 4354 persequi
1014 4285 1042 4340 et
1070 4283 1139 4340 alia

169 4376 999 4448 provinciaexspoliareconatur;posteadidioiidem
1011 4378 1138 4434 llrnestio

171 4478 199 4528 et
218 4471 363 4527 Schuetzio
381 4471 529 4541 placuisse,
547 4470 570 4525 si
588 4469 691 4525 Orellio
710 4469 818 4539 credas,
837 4469 950 4541 „male“.
