2654 5010
256 312 316 374 m
615 304 883 374 mmmm

213 507 283 574 sed
304 507 339 573 is
360 507 496 575 unditur
511 506 581 573 sine
603 503 788 571 consilio.
834 503 993 569 Homines
1008 503 1147 571 Favonii
1160 504 1280 568 vertsel

213 630 369 679 sormones
390 611 435 679 sio
455 612 561 678 audire
576 611 728 688 dicuntur,
750 612 788 674 nt
801 609 882 674 nihil
895 610 971 676 inde
993 609 1126 677 consilii
1146 611 1279 675 nascetur.

314 720 395 786 ibid.
412 721 462 798 26,
478 719 513 783 2:
536 717 644 797 Quod
668 735 726 782 me
747 717 1000 783 amicissime
1023 718 1229 795 admones,
1246 717 1279 780 nt

213 845 270 892 me
303 827 525 910 integrum,
557 823 686 907 quoad
717 823 884 905 possim,
918 843 1104 901 servem,
1140 825 1276 908 gretun

214 935 293 1012 est;
316 930 418 1015 quod
445 930 579 1007 sddis,
607 948 653 996 ne
680 931 921 1012 propensior
943 932 992 996 sd
1017 933 1182 1012 turpem
1202 946 1277 995 cen·

214 1056 293 1104 sem
327 1038 486 1116 videar,
524 1038 634 1103 certe
670 1035 800 1102 videri
834 1055 1009 1119 possum.
1075 1036 1171 1103 Nullo
1202 1033 1277 1101 modo

213 1145 318 1210 Cicero
339 1163 372 1209 se
394 1141 434 1208 cd
456 1144 578 1225 turpem
602 1160 725 1209 censum
748 1141 979 1225 propensiorem
994 1143 1104 1209 rideri
1119 1161 1208 1225 posse
1220 1161 1277 1208 uon·
1317 1154 1318 1157 ’

213 1248 307 1329 cedit,
315 1268 443 1332 quaeque
451 1250 631 1332 sequnntur,
641 1250 680 1314 sd
692 1267 813 1314 omnem
825 1248 1005 1314 huiusmodi
1017 1249 1275 1333 reprehensionem

213 1353 430 1421 removendum
459 1356 631 1439 pertinent3
665 1375 698 1421 se
731 1340 813 1421 enim
845 1355 933 1434 nihil,
969 1356 1033 1420 nisi
1057 1357 1144 1440 quod
1176 1358 1275 1421 recten

211 1463 302 1541 esset,
326 1462 474 1546 quamdiu
496 1462 534 1528 de
555 1463 640 1545 pacis
662 1461 889 1528 condicionibus
914 1463 1075 1547 ageretur,
1106 1462 1215 1528 iecisse
1234 1461 1274 1524 de·

211 1570 375 1634 monstrat.
419 1569 457 1633 lu
479 1568 512 1632 ld
535 1572 584 1634 est
604 1567 753 1634 nidere.
797 1567 999 1634 Scribendum
1030 1568 1145 1652 igitur:
1182 1569 1274 1632 cerlc

210 1673 322 1741 ridere
354 1693 524 1758 possum.
586 1674 724 1740 Priorem
760 1674 860 1739 Attici
896 1673 1149 1740 admonitionem
1184 1672 1272 1737 cicero

210 1780 360 1859 admittit,
390 1781 488 1847 ultera
516 1781 562 1847 sic
589 1781 761 1860 offenditur,
791 1782 827 1846 ut
853 1799 922 1845 eam
947 1780 1012 1846 sibi
1035 1801 1109 1846 cum
1133 1781 1197 1846 risu
1216 1797 1272 1844 oon·

210 1890 347 1951 temnere
369 1885 461 1953 licere
484 1887 575 1954 dicul.
620 1886 718 1966 Quem
741 1887 875 1953 molliter
889 1904 971 1970 aeger
985 1886 1150 1953 Ciceronis
1167 1886 1270 1953 animus

210 2011 333 2059 omnem
366 1994 544 2061 huiusmodi
577 1994 758 2077 suspicionis
790 1995 845 2059 eut
879 1993 1132 2077 reprehensionis
1168 1994 1269 2058 ocum

209 2099 328 2179 tulerit,
351 2101 445 2166 etiarn
468 2102 538 2166 alis
560 2100 698 2184 epistole
721 2100 895 2165 ostendunt.

310 2205 390 2272 lhid.
425 2207 512 2284 VIIl,
547 2209 575 2283 l,
608 2208 644 2272 2:
678 2208 735 2272 sio
766 2207 867 2272 eninr
900 2205 1038 2288 peruri
1076 2207 1210 2283 video,
1238 2204 1269 2267 nt

209 2309 419 2379 Luceriam
452 2333 586 2382 omnes
619 2316 741 2398 copis
772 2311 1087 2390 contrahentur,
1118 2313 1162 2378 ut
1183 2310 1267 2377 nois

208 2416 368 2500 quidem
401 2420 516 2486 locus
551 2421 719 2487 stabilis
750 2421 822 2499 sit,
854 2419 923 2485 sed
956 2437 1001 2483 ex
1034 2437 1079 2484 eo
1112 2419 1216 2501 ipso,
1241 2415 1265 2480 si

208 2544 437 2610 urgeamur,
469 2530 637 2610 peretur
669 2527 771 2611 fuge.
825 2526 877 2592 Sic
909 2525 1090 2591 coniectura
1121 2525 1266 2592 scn'hitnn

210 2632 378 2699 numinhl
394 2635 581 2699 esttuntum
602 2633 788 2712 stabilis,
812 2631 888 2698 sed.
917 2631 1064 2697 Locum
1087 2632 1265 2698 stubilen

208 2740 319 2806 Latine
341 2739 412 2819 dici,
435 2739 467 2804 in
492 2760 550 2824 quo
566 2740 676 2824 aliquis
692 2740 838 2807 consistet
851 2757 908 2805 nee
924 2738 1007 2803 nllrs
1021 2737 1134 2822 fugiat,
1156 2753 1264 2820 prorsus

206 2866 287 2932 nego
317 2846 537 2930 scripsisseque
566 2848 743 2914 Ciceronem
773 2848 864 2931 puto:
894 2848 933 2911 et
954 2845 1014 2922 (sic
1035 2843 1140 2923 codd.)
1168 2863 1211 2910 ns
1236 2842 1262 2907 is

204 2953 368 3037 quidem
389 2954 503 3021 locus
526 2955 637 3021 stundi
658 2955 710 3034 sil,
733 2954 802 3020 sed
823 2955 882 3019 cet.
926 2949 1004 3015 Cum
1027 2951 1167 3016 stundi
1188 2950 1260 3015 loco

206 3062 369 3147 Siesbyeus
404 3063 562 3145 comparat
593 3062 720 3127 locnm
753 3056 1176 3135 hubitsndiPernd.18,
1206 3055 1260 3118 de·

204 3169 430 3234 versorium
459 3164 748 3246 commorandi,
777 3185 852 3231 non
881 3163 1100 3231 habitandi
1130 3165 1194 3229 cat
1219 3161 1258 3230 ol.
1316 3239 1317 3242 Ἴ

203 3275 506 3356 receptaculum
546 3273 653 3339 nihil
693 3271 901 3339 sentiendi
934 3272 1026 3338 Tuso.
1054 3272 1094 3350 V,
1130 3271 1202 3343 lll;
1228 3265 1258 3332 ol.

203 3381 341 3445 Gramm.
366 3381 434 3448 Lat.
457 3385 476 3465 ξ
497 3383 569 3444 417.

303 3499 378 3564 lbid.
395 3499 478 3577 6,3:
501 3498 623 3581 Spero
647 3498 785 3577 etiem,
809 3495 998 3580 quonism
1020 3492 1150 3560 adhuc
1170 3487 1258 3558 nihil

201 3604 317 3671 nobis
348 3605 495 3682 obluit,
530 3605 635 3671 nihil
666 3604 869 3671 mutasset
898 3599 1259 3686 neclegentishoo
1319 3682 1320 3694 ἵ

199 3711 302 3794 quod
324 3731 408 3777 oum
431 3712 602 3777 fortiter
623 3713 662 3776 et
683 3711 928 3796 diligenter,
945 3712 1028 3773 tum
1054 3709 1176 3774 etiem
1190 3722 1259 3771 me·
1319 3695 1320 3757 l

198 3816 373 3885 hercule.
403 3818 516 3883 Modo
547 3820 650 3883 enim
685 3821 742 3884 cet.
797 3818 840 3884 Et
869 3815 965 3881 lolius
995 3814 1054 3881 loci
1086 3816 1210 3881 formum
1234 3815 1260 3874 et

198 3924 380 3991 mendorum
403 3925 491 3990 sedes
513 3925 648 3990 indicere
670 3943 796 4008 possum
821 3925 854 3989 et
875 3922 1013 4006 aliquam
1036 3923 1134 3987 etism
1155 3921 1260 4004 purten

198 4028 358 4112 corrigere.
412 4032 568 4113 Scriptum
601 4031 686 4096 euim
718 4032 818 4096 fueret
846 4029 887 4095 ud
914 4029 994 4094 huuc
1016 4029 1151 4095 formem
1173 4027 1261 4094 ethis

196 4133 260 4198 iere
297 4135 414 4201 verbis:
449 4137 572 4219 Spero
606 4138 746 4217 elium,
781 4137 970 4221 quonium
1003 4135 1136 4202 adhuc
1168 4132 1261 4201 nihil
