<?xml version="1.0" encoding="UTF-8"?>
<!DOCTYPE html PUBLIC "-//W3C//DTD XHTML 1.0 Transitional//EN"
    "http://www.w3.org/TR/xhtml1/DTD/xhtml1-transitional.dtd">
<html xmlns="http://www.w3.org/1999/xhtml" xml:lang="en" lang="en">
 <head>
  <title>
</title>
<meta http-equiv="Content-Type" content="text/html;charset=utf-8" />
  <meta name='ocr-system' content='tesseract 3.04.00' />
  <meta name='ocr-capabilities' content='ocr_page ocr_carea ocr_par ocr_line ocrx_word'/>
</head>
<body>
  <div class='ocr_page' id='page_1' title='image "./ioniemadvigiiad00madvgoog_0469.png"; bbox 0 0 2662 5062; ppageno 0'>
   <div class='ocr_carea' id='block_1_1' title="bbox 261 296 886 366">
    <p class='ocr_par' dir='ltr' id='par_1_1' title="bbox 261 296 886 366">
     <span class='ocr_line' id='line_1_1' title="bbox 261 296 886 366; baseline -0.018 -4"><span class='ocrx_word' id='word_1_1' title='bbox 261 297 323 362; x_wconf 78' lang='lat'><strong>458</strong></span> <span class='ocrx_word' id='word_1_2' title='bbox 616 296 886 366; x_wconf 71' lang='lat' dir='ltr'><strong>unvuncrpuv.</strong></span> 
     </span>
    </p>
   </div>
   <div class='ocr_carea' id='block_1_2' title="bbox 218 493 1268 1424">
    <p class='ocr_par' dir='ltr' id='par_1_2' title="bbox 218 493 1266 881">
     <span class='ocr_line' id='line_1_2' title="bbox 218 493 1265 565; baseline -0.008 0"><span class='ocrx_word' id='word_1_3' title='bbox 218 494 332 565; x_wconf 79' lang='lat' dir='ltr'><strong>sedem</strong></span> <span class='ocrx_word' id='word_1_4' title='bbox 343 497 502 563; x_wconf 83' lang='lat' dir='ltr'><strong>libidinem</strong></span> <span class='ocrx_word' id='word_1_5' title='bbox 514 495 662 561; x_wconf 84' lang='lat' dir='ltr'><strong>seetsnti:</strong></span> <span class='ocrx_word' id='word_1_6' title='bbox 684 494 838 558; x_wconf 79' lang='lat' dir='ltr'><strong>locatos</strong></span> <span class='ocrx_word' id='word_1_7' title='bbox 859 493 1080 559; x_wconf 82' lang='lat' dir='ltr'><strong>admortem</strong></span> <span class='ocrx_word' id='word_1_8' title='bbox 1099 496 1265 560; x_wconf 83' lang='lat' dir='ltr'><strong>infemeu</strong></span> 
     </span>
     <span class='ocr_line' id='line_1_3' title="bbox 218 600 1265 685; baseline -0.003 -19"><span class='ocrx_word' id='word_1_9' title='bbox 218 605 397 666; x_wconf 77' lang='lat' dir='ltr'><strong><em>rimatur.</em></strong></span> <span class='ocrx_word' id='word_1_10' title='bbox 441 600 543 666; x_wconf 87' lang='lat' dir='ltr'><strong>Pudet</strong></span> <span class='ocrx_word' id='word_1_11' title='bbox 569 600 645 666; x_wconf 84' lang='lat' dir='ltr'><strong>talia</strong></span> <span class='ocrx_word' id='word_1_12' title='bbox 677 601 846 685; x_wconf 81' lang='lat' dir='ltr'><strong>attingere,</strong></span> <span class='ocrx_word' id='word_1_13' title='bbox 878 600 909 663; x_wconf 95' lang='lat' dir='ltr'><strong>in</strong></span> <span class='ocrx_word' id='word_1_14' title='bbox 943 600 1054 682; x_wconf 87' lang='lat' dir='ltr'><strong>qnibns</strong></span> <span class='ocrx_word' id='word_1_15' title='bbox 1077 600 1265 667; x_wconf 80' lang='lat' dir='ltr'><strong>describentis</strong></span> 
     </span>
     <span class='ocr_line' id='line_1_4' title="bbox 219 702 1266 792; baseline -0.004 -18"><span class='ocrx_word' id='word_1_16' title='bbox 219 709 294 792; x_wconf 86' lang='lat' dir='ltr'><strong>(vid.</strong></span> <span class='ocrx_word' id='word_1_17' title='bbox 327 709 417 773; x_wconf 90' lang='lat' dir='ltr'><strong>huius</strong></span> <span class='ocrx_word' id='word_1_18' title='bbox 450 708 548 789; x_wconf 89' lang='lat' dir='ltr'><strong>operis</strong></span> <span class='ocrx_word' id='word_1_19' title='bbox 581 702 608 783; x_wconf 86' lang='grc' dir='ltr'><strong>Ι,</strong></span> <span class='ocrx_word' id='word_1_20' title='bbox 643 706 696 789; x_wconf 85' lang='grc'><strong>16)</strong></span> <span class='ocrx_word' id='word_1_21' title='bbox 737 708 769 770; x_wconf 88' lang='lat' dir='ltr'><strong>et</strong></span> <span class='ocrx_word' id='word_1_22' title='bbox 802 705 1011 787; x_wconf 79' lang='lat' dir='ltr'><strong>significandis</strong></span> <span class='ocrx_word' id='word_1_23' title='bbox 1055 707 1136 772; x_wconf 84' lang='lat' dir='ltr'><strong>foede</strong></span> <span class='ocrx_word' id='word_1_24' title='bbox 1169 706 1266 773; x_wconf 81' lang='lat' dir='ltr'><strong>Seuere</strong></span> 
     </span>
     <span class='ocr_line' id='line_1_5' title="bbox 219 802 1236 881; baseline -0.013 0"><span class='ocrx_word' id='word_1_25' title='bbox 219 816 389 881; x_wconf 77' lang='lat' dir='ltr'>delectatur</span> <span class='ocrx_word' id='word_1_26' title='bbox 423 814 454 878; x_wconf 88' lang='lat' dir='ltr'><strong>et</strong></span> <span class='ocrx_word' id='word_1_27' title='bbox 474 812 603 877; x_wconf 81' lang='lat' dir='ltr'><strong>lascivit</strong></span> <span class='ocrx_word' id='word_1_28' title='bbox 1104 802 1107 808; x_wconf 79' lang='lat'>&#39;</span> <span class='ocrx_word' id='word_1_29' title='bbox 1234 824 1236 827; x_wconf 86' lang='lat'><em>·</em></span> 
     </span>
    </p>

    <p class='ocr_par' dir='ltr' id='par_1_3' title="bbox 218 917 1268 1424">
     <span class='ocr_line' id='line_1_6' title="bbox 320 917 1267 1000; baseline -0.004 -16"><span class='ocrx_word' id='word_1_30' title='bbox 320 919 386 985; x_wconf 91' lang='lat' dir='ltr'><strong>Ibd.</strong></span> <span class='ocrx_word' id='word_1_31' title='bbox 410 917 466 997; x_wconf 77' lang='lat'><strong>32,</strong></span> <span class='ocrx_word' id='word_1_32' title='bbox 506 917 542 982; x_wconf 88' lang='lat'><strong>3:</strong></span> <span class='ocrx_word' id='word_1_33' title='bbox 585 918 710 983; x_wconf 79' lang='lat' dir='ltr'><strong>Mares</strong></span> <span class='ocrx_word' id='word_1_34' title='bbox 743 917 848 981; x_wconf 90' lang='lat' dir='ltr'><strong>inter</strong></span> <span class='ocrx_word' id='word_1_35' title='bbox 883 934 1167 1000; x_wconf 79' lang='lat' dir='ltr'><strong>senseresque</strong></span> <span class='ocrx_word' id='word_1_36' title='bbox 1194 936 1267 982; x_wconf 85' lang='lat' dir='ltr'><strong>eun·</strong></span> 
     </span>
     <span class='ocr_line' id='line_1_7' title="bbox 219 1021 1268 1105; baseline 0.002 -16"><span class='ocrx_word' id='word_1_37' title='bbox 219 1024 403 1097; x_wconf 84' lang='lat' dir='ltr'><strong>tendunt,</strong></span> <span class='ocrx_word' id='word_1_38' title='bbox 441 1024 527 1088; x_wconf 87' lang='lat' dir='ltr'><strong>nter</strong></span> <span class='ocrx_word' id='word_1_39' title='bbox 549 1024 612 1089; x_wconf 87' lang='lat' dir='ltr'><strong>det</strong></span> <span class='ocrx_word' id='word_1_40' title='bbox 632 1023 737 1088; x_wconf 85' lang='lat' dir='ltr'><strong>latus</strong></span> <span class='ocrx_word' id='word_1_41' title='bbox 764 1021 855 1085; x_wconf 93' lang='lat' dir='ltr'><strong>illie.</strong></span> <span class='ocrx_word' id='word_1_42' title='bbox 900 1021 1042 1101; x_wconf 82' lang='lat' dir='ltr'><strong>Quibus?</strong></span> <span class='ocrx_word' id='word_1_43' title='bbox 1080 1026 1113 1087; x_wconf 87' lang='lat' dir='ltr'><strong>et</strong></span> <span class='ocrx_word' id='word_1_44' title='bbox 1134 1022 1268 1105; x_wconf 76' lang='lat' dir='ltr'><strong>quidest</strong></span> 
     </span>
     <span class='ocr_line' id='line_1_8' title="bbox 220 1125 1268 1212; baseline -0.005 -18"><span class='ocrx_word' id='word_1_45' title='bbox 220 1129 304 1194; x_wconf 89' lang='lat' dir='ltr'><strong>nullo</strong></span> <span class='ocrx_word' id='word_1_46' title='bbox 334 1128 451 1204; x_wconf 81' lang='lat' dir='ltr'><strong>addite,</strong></span> <span class='ocrx_word' id='word_1_47' title='bbox 484 1130 558 1192; x_wconf 79' lang='lat' dir='ltr'><strong>dare</strong></span> <span class='ocrx_word' id='word_1_48' title='bbox 588 1128 667 1191; x_wconf 77' lang='lat' dir='ltr'><strong>latus</strong></span> <span class='ocrx_word' id='word_1_49' title='bbox 700 1125 816 1189; x_wconf 80' lang='lat' dir='ltr'><strong>alieni?</strong></span> <span class='ocrx_word' id='word_1_50' title='bbox 870 1127 928 1191; x_wconf 85' lang='lat' dir='ltr'><strong>Vir</strong></span> <span class='ocrx_word' id='word_1_51' title='bbox 959 1128 1066 1210; x_wconf 88' lang='lat' dir='ltr'><strong>putem</strong></span> <span class='ocrx_word' id='word_1_52' title='bbox 1092 1128 1132 1192; x_wconf 84' lang='lat' dir='ltr'><strong>de</strong></span> <span class='ocrx_word' id='word_1_53' title='bbox 1157 1126 1268 1212; x_wconf 81' lang='lat' dir='ltr'><strong>tegendo</strong></span> 
     </span>
     <span class='ocr_line' id='line_1_9' title="bbox 218 1231 1265 1315; baseline -0.006 -15"><span class='ocrx_word' id='word_1_54' title='bbox 218 1235 316 1300; x_wconf 85' lang='lat' dir='ltr'><strong>lutere</strong></span> <span class='ocrx_word' id='word_1_55' title='bbox 339 1235 381 1307; x_wconf 89' lang='lat' dir='ltr'><strong>(in</strong></span> <span class='ocrx_word' id='word_1_56' title='bbox 404 1235 589 1312; x_wconf 79' lang='lat' dir='ltr'><strong>eomitendu)</strong></span> <span class='ocrx_word' id='word_1_57' title='bbox 612 1233 681 1298; x_wconf 89' lang='lat' dir='ltr'><strong>diei.</strong></span> <span class='ocrx_word' id='word_1_58' title='bbox 717 1231 858 1297; x_wconf 82' lang='lat' dir='ltr'><strong>Ehebet</strong></span> <span class='ocrx_word' id='word_1_59' title='bbox 878 1233 998 1298; x_wconf 90' lang='lat' dir='ltr'><strong>illins.</strong></span> <span class='ocrx_word' id='word_1_60' title='bbox 1034 1232 1153 1315; x_wconf 91' lang='lat' dir='ltr'><strong>Opinor</strong></span> <span class='ocrx_word' id='word_1_61' title='bbox 1169 1234 1265 1298; x_wconf 82' lang='lat' dir='ltr'><strong>inisse:</strong></span> 
     </span>
     <span class='ocr_line' id='line_1_10' title="bbox 219 1336 1268 1424; baseline -0.009 -18"><span class='ocrx_word' id='word_1_62' title='bbox 219 1342 313 1406; x_wconf 87' lang='lat' dir='ltr'><strong>nter·</strong></span> <span class='ocrx_word' id='word_1_63' title='bbox 328 1338 390 1403; x_wconf 88' lang='lat' dir='ltr'><strong>det</strong></span> <span class='ocrx_word' id='word_1_64' title='bbox 411 1340 515 1405; x_wconf 84' lang='lat' dir='ltr'><strong>letne</strong></span> <span class='ocrx_word' id='word_1_65' title='bbox 536 1336 696 1401; x_wconf 83' lang='lat' dir='ltr'><strong>mollius</strong></span> <span class='ocrx_word' id='word_1_66' title='bbox 707 1340 750 1412; x_wconf 90' lang='lat' dir='ltr'><strong>(et</strong></span> <span class='ocrx_word' id='word_1_67' title='bbox 757 1337 900 1403; x_wconf 81' lang='lat' dir='ltr'><strong>enitendo</strong></span> <span class='ocrx_word' id='word_1_68' title='bbox 915 1341 1074 1403; x_wconf 85' lang='lat' dir='ltr'><strong>morentur</strong></span> <span class='ocrx_word' id='word_1_69' title='bbox 1088 1339 1268 1424; x_wconf 83' lang='lat' dir='ltr'><strong>elegantius).</strong></span> 
     </span>
    </p>
   </div>
   <div class='ocr_carea' id='block_1_3' title="bbox 598 1702 941 1937">
    <p class='ocr_par' dir='ltr' id='par_1_4' title="bbox 598 1702 941 1937">
     <span class='ocr_line' id='line_1_11' title="bbox 672 1702 836 1785; baseline 0 -17"><span class='ocrx_word' id='word_1_70' title='bbox 672 1702 755 1785; x_wconf 81' lang='lat' dir='ltr'>Cap.</span> <span class='ocrx_word' id='word_1_71' title='bbox 777 1703 836 1785; x_wconf 85' lang='lat' dir='ltr'><strong>IV.</strong></span> 
     </span>
     <span class='ocr_line' id='line_1_12' title="bbox 598 1814 941 1937; baseline -0.009 -15"><span class='ocrx_word' id='word_1_72' title='bbox 598 1868 628 1927; x_wconf 89' lang='lat' dir='ltr'><strong>L.</strong></span> <span class='ocrx_word' id='word_1_73' title='bbox 649 1868 755 1923; x_wconf 82' lang='lat' dir='ltr'><strong>Seneee</strong></span> <span class='ocrx_word' id='word_1_74' title='bbox 773 1867 908 1937; x_wconf 74' lang='lat' dir='ltr'><strong>Epistulas.</strong></span> <span class='ocrx_word' id='word_1_75' title='bbox 939 1814 941 1817; x_wconf 12' lang='grc' dir='ltr'>ι</span> 
     </span>
    </p>
   </div>
   <div class='ocr_carea' id='block_1_4' title="bbox 214 2019 1277 3264">
    <p class='ocr_par' dir='ltr' id='par_1_5' title="bbox 214 2019 1277 3264">
     <span class='ocr_line' id='line_1_13' title="bbox 317 2019 1274 2107; baseline -0.004 -19"><span class='ocrx_word' id='word_1_76' title='bbox 317 2020 475 2107; x_wconf 80' lang='lat' dir='ltr'><strong>Epistulas</strong></span> <span class='ocrx_word' id='word_1_77' title='bbox 507 2021 629 2086; x_wconf 84' lang='lat' dir='ltr'><strong>Seneeae</strong></span> <span class='ocrx_word' id='word_1_78' title='bbox 663 2021 780 2102; x_wconf 91' lang='lat' dir='ltr'><strong>primus</strong></span> <span class='ocrx_word' id='word_1_79' title='bbox 817 2020 1019 2084; x_wconf 79' lang='lat' dir='ltr'>recentiorum</span> <span class='ocrx_word' id='word_1_80' title='bbox 1051 2019 1091 2084; x_wconf 85' lang='lat' dir='ltr'><strong>nd</strong></span> <span class='ocrx_word' id='word_1_81' title='bbox 1126 2020 1274 2084; x_wconf 82' lang='lat' dir='ltr'><strong>meliorem</strong></span> 
     </span>
     <span class='ocr_line' id='line_1_14' title="bbox 218 2122 1275 2208; baseline -0.002 -18"><span class='ocrx_word' id='word_1_82' title='bbox 218 2126 356 2191; x_wconf 88' lang='lat' dir='ltr'><strong>eedieum</strong></span> <span class='ocrx_word' id='word_1_83' title='bbox 400 2126 493 2191; x_wconf 86' lang='lat' dir='ltr'><strong>fidem</strong></span> <span class='ocrx_word' id='word_1_84' title='bbox 536 2145 695 2191; x_wconf 86' lang='lat' dir='ltr'><strong>recensere</strong></span> <span class='ocrx_word' id='word_1_85' title='bbox 739 2126 879 2190; x_wconf 80' lang='lat' dir='ltr'><strong>instituit</strong></span> <span class='ocrx_word' id='word_1_86' title='bbox 900 2125 941 2188; x_wconf 86' lang='lat'><strong>10.</strong></span> <span class='ocrx_word' id='word_1_87' title='bbox 964 2122 1275 2208; x_wconf 81' lang='lat' dir='ltr'><strong>Schweighaeuserus,</strong></span> 
     </span>
     <span class='ocr_line' id='line_1_15' title="bbox 217 2231 1275 2315; baseline -0.003 -19"><span class='ocrx_word' id='word_1_88' title='bbox 217 2231 303 2296; x_wconf 82' lang='lat' dir='ltr'><strong>unius</strong></span> <span class='ocrx_word' id='word_1_89' title='bbox 326 2250 452 2314; x_wconf 85' lang='lat' dir='ltr'>operam</span> <span class='ocrx_word' id='word_1_90' title='bbox 474 2233 588 2315; x_wconf 79' lang='lat' dir='ltr'><strong>paneis,</strong></span> <span class='ocrx_word' id='word_1_91' title='bbox 620 2234 656 2296; x_wconf 87' lang='lat' dir='ltr'><strong>ut</strong></span> <span class='ocrx_word' id='word_1_92' title='bbox 684 2232 815 2308; x_wconf 80' lang='lat' dir='ltr'><strong>videtur,</strong></span> <span class='ocrx_word' id='word_1_93' title='bbox 848 2232 915 2294; x_wconf 85' lang='lat' dir='ltr'><strong>turn</strong></span> <span class='ocrx_word' id='word_1_94' title='bbox 948 2231 1051 2294; x_wconf 88' lang='lat' dir='ltr'><strong>notam</strong></span> <span class='ocrx_word' id='word_1_95' title='bbox 1082 2231 1213 2295; x_wconf 90' lang='lat' dir='ltr'><strong>memini</strong></span> <span class='ocrx_word' id='word_1_96' title='bbox 1232 2247 1275 2294; x_wconf 89' lang='lat' dir='ltr'><strong>me</strong></span> 
     </span>
     <span class='ocr_line' id='line_1_16' title="bbox 217 2335 1275 2419; baseline -0.002 -19"><span class='ocrx_word' id='word_1_97' title='bbox 217 2336 358 2401; x_wconf 89' lang='lat' dir='ltr'><strong>iuvenem</strong></span> <span class='ocrx_word' id='word_1_98' title='bbox 379 2356 408 2401; x_wconf 87' lang='lat' dir='ltr'><strong>e.</strong></span> <span class='ocrx_word' id='word_1_99' title='bbox 433 2338 512 2401; x_wconf 89' lang='grc'><strong>1837</strong></span> <span class='ocrx_word' id='word_1_100' title='bbox 536 2337 752 2403; x_wconf 80' lang='lat' dir='ltr'><strong>commendere</strong></span> <span class='ocrx_word' id='word_1_101' title='bbox 784 2341 898 2418; x_wconf 82' lang='lat' dir='ltr'><strong>(opusc.</strong></span> <span class='ocrx_word' id='word_1_102' title='bbox 928 2335 1012 2401; x_wconf 83' lang='lat' dir='ltr'><strong>need.</strong></span> <span class='ocrx_word' id='word_1_103' title='bbox 1036 2336 1069 2400; x_wconf 92' lang='lat' dir='ltr'><strong>II</strong></span> <span class='ocrx_word' id='word_1_104' title='bbox 1090 2357 1120 2419; x_wconf 90' lang='lat' dir='ltr'><strong>p.</strong></span> <span class='ocrx_word' id='word_1_105' title='bbox 1145 2337 1206 2401; x_wconf 79' lang='lat'><strong>205</strong></span> <span class='ocrx_word' id='word_1_106' title='bbox 1228 2342 1275 2412; x_wconf 86' lang='lat' dir='ltr'><strong>n).</strong></span> 
     </span>
     <span class='ocr_line' id='line_1_17' title="bbox 217 2442 1276 2526; baseline -0.003 -18"><span class='ocrx_word' id='word_1_107' title='bbox 217 2442 380 2509; x_wconf 87' lang='lat' dir='ltr'><strong>Uberiores</strong></span> <span class='ocrx_word' id='word_1_108' title='bbox 413 2445 514 2525; x_wconf 82' lang='lat' dir='ltr'><strong>copias</strong></span> <span class='ocrx_word' id='word_1_109' title='bbox 547 2444 707 2509; x_wconf 81' lang='lat' dir='ltr'><strong>Fickertus</strong></span> <span class='ocrx_word' id='word_1_110' title='bbox 740 2443 876 2515; x_wconf 64' lang='lat' dir='ltr'><strong>attulit.</strong></span> <span class='ocrx_word' id='word_1_111' title='bbox 893 2442 938 2506; x_wconf 84' lang='lat' dir='ltr'><strong>ita</strong></span> <span class='ocrx_word' id='word_1_112' title='bbox 970 2444 1005 2507; x_wconf 91' lang='lat' dir='ltr'><strong>ut</strong></span> <span class='ocrx_word' id='word_1_113' title='bbox 1036 2461 1131 2521; x_wconf 26' lang='lat' dir='ltr'><strong>nune·</strong></span> <span class='ocrx_word' id='word_1_114' title='bbox 1152 2445 1276 2526; x_wconf 87' lang='lat' dir='ltr'><strong>quinque</strong></span> 
     </span>
     <span class='ocr_line' id='line_1_18' title="bbox 217 2547 1276 2624; baseline 0 -11"><span class='ocrx_word' id='word_1_115' title='bbox 217 2549 349 2613; x_wconf 80' lang='lat' dir='ltr'><strong>maxime</strong></span> <span class='ocrx_word' id='word_1_116' title='bbox 390 2548 529 2614; x_wconf 82' lang='lat' dir='ltr'><strong>rodinum</strong></span> <span class='ocrx_word' id='word_1_117' title='bbox 565 2549 712 2613; x_wconf 88' lang='lat' dir='ltr'><strong>bonerum</strong></span> <span class='ocrx_word' id='word_1_118' title='bbox 746 2550 778 2612; x_wconf 88' lang='lat' dir='ltr'><strong>et</strong></span> <span class='ocrx_word' id='word_1_119' title='bbox 814 2567 833 2613; x_wconf 85' lang='lat' dir='ltr'>a</span> <span class='ocrx_word' id='word_1_120' title='bbox 869 2547 1074 2624; x_wconf 82' lang='lat' dir='ltr'><strong>contaminate</strong></span> <span class='ocrx_word' id='word_1_121' title='bbox 1113 2551 1276 2614; x_wconf 79' lang='lat' dir='ltr'><strong>ceterorum</strong></span> 
     </span>
     <span class='ocr_line' id='line_1_19' title="bbox 216 2638 1276 2738; baseline 0 -20"><span class='ocrx_word' id='word_1_122' title='bbox 216 2672 310 2738; x_wconf 83' lang='lat' dir='ltr'>grege</span> <span class='ocrx_word' id='word_1_123' title='bbox 343 2653 551 2718; x_wconf 86' lang='lat' dir='ltr'><strong>seiuncternm</strong></span> <span class='ocrx_word' id='word_1_124' title='bbox 573 2654 752 2719; x_wconf 86' lang='lat' dir='ltr'><strong>testimonie</strong></span> <span class='ocrx_word' id='word_1_125' title='bbox 776 2638 819 2719; x_wconf 81' lang='lat' dir='ltr'><strong>et</strong></span> <span class='ocrx_word' id='word_1_126' title='bbox 835 2650 1016 2718; x_wconf 79' lang='lat' dir='ltr'><strong>eneturitete</strong></span> <span class='ocrx_word' id='word_1_127' title='bbox 1040 2653 1071 2716; x_wconf 90' lang='lat' dir='ltr'><strong>in</strong></span> <span class='ocrx_word' id='word_1_128' title='bbox 1095 2655 1143 2719; x_wconf 90' lang='lat' dir='ltr'><strong>his</strong></span> <span class='ocrx_word' id='word_1_129' title='bbox 1167 2656 1276 2737; x_wconf 89' lang='lat' dir='ltr'><strong>epistu-</strong></span> 
     </span>
     <span class='ocr_line' id='line_1_20' title="bbox 216 2758 1276 2842; baseline -0.001 -19"><span class='ocrx_word' id='word_1_130' title='bbox 216 2759 255 2823; x_wconf 89' lang='lat' dir='ltr'><strong>lis</strong></span> <span class='ocrx_word' id='word_1_131' title='bbox 277 2758 422 2823; x_wconf 87' lang='lat' dir='ltr'><strong>standum</strong></span> <span class='ocrx_word' id='word_1_132' title='bbox 445 2759 495 2830; x_wconf 76' lang='lat' dir='ltr'><strong>sit.</strong></span> <span class='ocrx_word' id='word_1_133' title='bbox 519 2759 551 2823; x_wconf 92' lang='lat' dir='ltr'><strong>in</strong></span> <span class='ocrx_word' id='word_1_134' title='bbox 572 2758 672 2842; x_wconf 88' lang='lat' dir='ltr'><strong>priore</strong></span> <span class='ocrx_word' id='word_1_135' title='bbox 693 2761 781 2841; x_wconf 85' lang='lat' dir='ltr'><strong>perte</strong></span> <span class='ocrx_word' id='word_1_136' title='bbox 804 2758 897 2824; x_wconf 86' lang='lat' dir='ltr'><strong>trium</strong></span> <span class='ocrx_word' id='word_1_137' title='bbox 921 2765 991 2836; x_wconf 88' lang='lat' dir='ltr'><strong>(nee</strong></span> <span class='ocrx_word' id='word_1_138' title='bbox 1012 2761 1120 2823; x_wconf 86' lang='lat' dir='ltr'><strong>tamen</strong></span> <span class='ocrx_word' id='word_1_139' title='bbox 1146 2760 1276 2824; x_wconf 90' lang='lat' dir='ltr'><strong>omnium</strong></span> 
     </span>
     <span class='ocr_line' id='line_1_21' title="bbox 215 2862 1277 2945; baseline 0.002 -19"><span class='ocrx_word' id='word_1_140' title='bbox 215 2881 270 2945; x_wconf 87' lang='lat' dir='ltr'><strong>per</strong></span> <span class='ocrx_word' id='word_1_141' title='bbox 292 2864 423 2941; x_wconf 83' lang='lat' dir='ltr'><strong>omnia),</strong></span> <span class='ocrx_word' id='word_1_142' title='bbox 454 2864 674 2930; x_wconf 87' lang='lat' dir='ltr'><strong>Perisiensinm</strong></span> <span class='ocrx_word' id='word_1_143' title='bbox 697 2864 825 2930; x_wconf 88' lang='lat' dir='ltr'><strong>duorum</strong></span> <span class='ocrx_word' id='word_1_144' title='bbox 861 2864 908 2943; x_wconf 91' lang='lat' dir='ltr'><strong>(P,</strong></span> <span class='ocrx_word' id='word_1_145' title='bbox 937 2863 1089 2942; x_wconf 79' lang='lat' dir='ltr'><strong>Thnenei,</strong></span> <span class='ocrx_word' id='word_1_146' title='bbox 1123 2865 1222 2930; x_wconf 85' lang='lat' dir='ltr'><strong>seculi</strong></span> <span class='ocrx_word' id='word_1_147' title='bbox 1240 2862 1277 2939; x_wconf 79' lang='grc' dir='ltr'><strong>Χ,</strong></span> 
     </span>
     <span class='ocr_line' id='line_1_22' title="bbox 216 2964 1277 3054; baseline -0.002 -21"><span class='ocrx_word' id='word_1_148' title='bbox 216 2988 246 3050; x_wconf 79' lang='lat' dir='ltr'><strong>p,</strong></span> <span class='ocrx_word' id='word_1_149' title='bbox 270 2968 433 3046; x_wconf 84' lang='lat' dir='ltr'><strong>Pithoeani,</strong></span> <span class='ocrx_word' id='word_1_150' title='bbox 457 2988 517 3037; x_wconf 88' lang='lat' dir='ltr'><strong>see.</strong></span> <span class='ocrx_word' id='word_1_151' title='bbox 541 2969 599 3048; x_wconf 85' lang='lat' dir='ltr'><strong>XI)</strong></span> <span class='ocrx_word' id='word_1_152' title='bbox 622 2972 654 3035; x_wconf 88' lang='lat' dir='ltr'><strong>et</strong></span> <span class='ocrx_word' id='word_1_153' title='bbox 682 2971 954 3054; x_wconf 83' lang='lat' dir='ltr'><strong>Argentoratensis</strong></span> <span class='ocrx_word' id='word_1_154' title='bbox 983 2970 1055 3048; x_wconf 77' lang='lat' dir='ltr'>(Ab,</span> <span class='ocrx_word' id='word_1_155' title='bbox 1078 2988 1139 3034; x_wconf 86' lang='lat' dir='ltr'><strong>sec.</strong></span> <span class='ocrx_word' id='word_1_156' title='bbox 1164 2964 1210 3035; x_wconf 88' lang='lat' dir='ltr'><strong>XI</strong></span> <span class='ocrx_word' id='word_1_157' title='bbox 1232 2967 1277 3033; x_wconf 81' lang='lat' dir='ltr'><strong>vel</strong></span> 
     </span>
     <span class='ocr_line' id='line_1_23' title="bbox 214 3071 1276 3159; baseline -0.001 -22"><span class='ocrx_word' id='word_1_158' title='bbox 214 3071 303 3154; x_wconf 87' lang='lat' dir='ltr'><strong>XII),</strong></span> <span class='ocrx_word' id='word_1_159' title='bbox 333 3075 500 3150; x_wconf 80' lang='lat' dir='ltr'><strong>innitere,</strong></span> <span class='ocrx_word' id='word_1_160' title='bbox 529 3075 601 3140; x_wconf 90' lang='lat' dir='ltr'><strong>inde</strong></span> <span class='ocrx_word' id='word_1_161' title='bbox 623 3076 662 3140; x_wconf 90' lang='lat' dir='ltr'><strong>eb</strong></span> <span class='ocrx_word' id='word_1_162' title='bbox 684 3076 772 3158; x_wconf 87' lang='lat' dir='ltr'><strong>epist.</strong></span> <span class='ocrx_word' id='word_1_163' title='bbox 796 3074 847 3152; x_wconf 81' lang='lat'><strong>89,</strong></span> <span class='ocrx_word' id='word_1_164' title='bbox 871 3075 1010 3146; x_wconf 76' lang='lat' dir='ltr'><strong>duorum,</strong></span> <span class='ocrx_word' id='word_1_165' title='bbox 1041 3074 1276 3159; x_wconf 84' lang='lat' dir='ltr'><strong>Bembergensis</strong></span> 
     </span>
     <span class='ocr_line' id='line_1_24' title="bbox 215 3178 1277 3264; baseline -0.001 -22"><span class='ocrx_word' id='word_1_166' title='bbox 215 3181 290 3256; x_wconf 86' lang='lat' dir='ltr'><strong>(see.</strong></span> <span class='ocrx_word' id='word_1_167' title='bbox 315 3179 358 3242; x_wconf 89' lang='lat' dir='ltr'><strong>lX</strong></span> <span class='ocrx_word' id='word_1_168' title='bbox 377 3179 427 3244; x_wconf 84' lang='lat' dir='ltr'><strong>vel</strong></span> <span class='ocrx_word' id='word_1_169' title='bbox 448 3180 491 3257; x_wconf 82' lang='lat' dir='ltr'><strong>X)</strong></span> <span class='ocrx_word' id='word_1_170' title='bbox 510 3182 546 3244; x_wconf 87' lang='lat' dir='ltr'><strong>et</strong></span> <span class='ocrx_word' id='word_1_171' title='bbox 567 3182 839 3264; x_wconf 85' lang='lat' dir='ltr'><strong>Argentoratensis</strong></span> <span class='ocrx_word' id='word_1_172' title='bbox 861 3181 932 3261; x_wconf 81' lang='lat' dir='ltr'>(Aa,</span> <span class='ocrx_word' id='word_1_173' title='bbox 956 3178 1064 3256; x_wconf 59' lang='lat' dir='ltr'><strong>seculi</strong></span> <span class='ocrx_word' id='word_1_174' title='bbox 1085 3182 1122 3244; x_wconf 89' lang='lat' dir='ltr'><strong>nt</strong></span> <span class='ocrx_word' id='word_1_175' title='bbox 1137 3181 1277 3254; x_wconf 81' lang='lat' dir='ltr'><strong>traditur,</strong></span> 
     </span>
    </p>
   </div>
   <div class='ocr_carea' id='block_1_5' title="bbox 215 3281 1277 3368">
    <p class='ocr_par' dir='ltr' id='par_1_6' title="bbox 215 3281 1277 3368">
     <span class='ocr_line' id='line_1_25' title="bbox 215 3281 1277 3368; baseline 0.002 -22"><span class='ocrx_word' id='word_1_176' title='bbox 215 3282 323 3364; x_wconf 83' lang='lat' dir='ltr'><strong>IX).¹)</strong></span> <span class='ocrx_word' id='word_1_177' title='bbox 366 3281 447 3357; x_wconf 83' lang='lat' dir='ltr'><strong>Nam</strong></span> <span class='ocrx_word' id='word_1_178' title='bbox 478 3304 545 3367; x_wconf 84' lang='lat' dir='ltr'><strong>quse</strong></span> <span class='ocrx_word' id='word_1_179' title='bbox 582 3286 662 3368; x_wconf 84' lang='lat' dir='ltr'><strong>upnd</strong></span> <span class='ocrx_word' id='word_1_180' title='bbox 696 3286 892 3368; x_wconf 79' lang='lat' dir='ltr'><strong>antiquiores,</strong></span> <span class='ocrx_word' id='word_1_181' title='bbox 925 3291 960 3351; x_wconf 88' lang='lat' dir='ltr'><strong>nt</strong></span> <span class='ocrx_word' id='word_1_182' title='bbox 988 3286 1052 3350; x_wconf 88' lang='lat' dir='ltr'><strong>iem</strong></span> <span class='ocrx_word' id='word_1_183' title='bbox 1081 3286 1112 3348; x_wconf 92' lang='lat' dir='ltr'><strong>in</strong></span> <span class='ocrx_word' id='word_1_184' title='bbox 1137 3285 1277 3359; x_wconf 74' lang='lat' dir='ltr'><strong>editione,</strong></span> 
     </span>
    </p>
   </div>
   <div class='ocr_carea' id='block_1_6' title="bbox 243 3514 1282 4141">
    <p class='ocr_par' dir='ltr' id='par_1_7' title="bbox 243 3514 1282 4141">
     <span class='ocr_line' id='line_1_26' title="bbox 243 3514 1279 3604; baseline 0.004 -18"><span class='ocrx_word' id='word_1_185' title='bbox 243 3531 264 3598; x_wconf 91' lang='lat'><strong>¹)</strong></span> <span class='ocrx_word' id='word_1_186' title='bbox 283 3533 315 3586; x_wconf 90' lang='lat' dir='ltr'><strong>In</strong></span> <span class='ocrx_word' id='word_1_187' title='bbox 333 3549 395 3603; x_wconf 89' lang='lat' dir='ltr'>epp.</span> <span class='ocrx_word' id='word_1_188' title='bbox 411 3535 448 3589; x_wconf 82' lang='lat'><strong>43</strong></span> <span class='ocrx_word' id='word_1_189' title='bbox 466 3533 561 3602; x_wconf 85' lang='lat' dir='ltr'><strong>primis</strong></span> <span class='ocrx_word' id='word_1_190' title='bbox 578 3536 608 3587; x_wconf 91' lang='lat' dir='ltr'><strong>et</strong></span> <span class='ocrx_word' id='word_1_191' title='bbox 626 3537 701 3603; x_wconf 83' lang='lat' dir='ltr'>perte</span> <span class='ocrx_word' id='word_1_192' title='bbox 719 3535 814 3603; x_wconf 23' lang='lat' dir='ltr'>ep.v44</span> <span class='ocrx_word' id='word_1_193' title='bbox 833 3514 935 3602; x_wconf 68' lang='lat' dir='ltr'><strong>utimur</strong></span> <span class='ocrx_word' id='word_1_194' title='bbox 954 3535 1003 3602; x_wconf 89' lang='lat' dir='ltr'><strong>Pp</strong></span> <span class='ocrx_word' id='word_1_195' title='bbox 1021 3534 1064 3589; x_wconf 76' lang='lat' dir='ltr'><strong>Ab</strong></span> <span class='ocrx_word' id='word_1_196' title='bbox 1083 3535 1123 3600; x_wconf 85' lang='lat' dir='ltr'><strong>(in</strong></span> <span class='ocrx_word' id='word_1_197' title='bbox 1142 3550 1185 3604; x_wconf 87' lang='lat' dir='ltr'><strong>ep.</strong></span> <span class='ocrx_word' id='word_1_198' title='bbox 1204 3536 1279 3596; x_wconf 80' lang='lat'>1-3,</span> 
     </span>
     <span class='ocr_line' id='line_1_27' title="bbox 283 3625 1280 3697; baseline 0 -16"><span class='ocrx_word' id='word_1_199' title='bbox 283 3628 301 3681; x_wconf 83' lang='lat'>5</span> <span class='ocrx_word' id='word_1_200' title='bbox 319 3626 401 3680; x_wconf 74' lang='lat' dir='ltr'><strong>etiarn</strong></span> <span class='ocrx_word' id='word_1_201' title='bbox 425 3625 498 3681; x_wconf 81' lang='lat' dir='ltr'><strong>foliis</strong></span> <span class='ocrx_word' id='word_1_202' title='bbox 515 3628 544 3681; x_wconf 87' lang='lat' dir='ltr'><strong>iu</strong></span> <span class='ocrx_word' id='word_1_203' title='bbox 568 3626 610 3681; x_wconf 75' lang='lat' dir='ltr'><strong>Aa</strong></span> <span class='ocrx_word' id='word_1_204' title='bbox 634 3626 824 3697; x_wconf 83' lang='lat' dir='ltr'><strong>interpositis),</strong></span> <span class='ocrx_word' id='word_1_205' title='bbox 847 3627 881 3686; x_wconf 82' lang='lat' dir='ltr'><strong>iu</strong></span> <span class='ocrx_word' id='word_1_206' title='bbox 908 3629 985 3697; x_wconf 74' lang='lat' dir='ltr'><strong>purte</strong></span> <span class='ocrx_word' id='word_1_207' title='bbox 1004 3643 1045 3696; x_wconf 89' lang='lat' dir='ltr'><strong>ep.</strong></span> <span class='ocrx_word' id='word_1_208' title='bbox 1071 3630 1105 3684; x_wconf 79' lang='lat'><strong>44</strong></span> <span class='ocrx_word' id='word_1_209' title='bbox 1125 3628 1202 3682; x_wconf 91' lang='lat' dir='ltr'><strong>etin</strong></span> <span class='ocrx_word' id='word_1_210' title='bbox 1221 3644 1280 3697; x_wconf 91' lang='lat' dir='ltr'>epp.</span> 
     </span>
     <span class='ocr_line' id='line_1_28' title="bbox 285 3718 1277 3790; baseline 0.001 -17"><span class='ocrx_word' id='word_1_211' title='bbox 285 3719 390 3774; x_wconf 74' lang='lat'><strong>45—62</strong></span> <span class='ocrx_word' id='word_1_212' title='bbox 409 3718 475 3774; x_wconf 87' lang='lat' dir='ltr'><strong>solis</strong></span> <span class='ocrx_word' id='word_1_213' title='bbox 486 3721 537 3789; x_wconf 91' lang='lat' dir='ltr'><strong>Pp</strong></span> <span class='ocrx_word' id='word_1_214' title='bbox 556 3720 619 3786; x_wconf 91' lang='lat' dir='ltr'><strong>(nisi</strong></span> <span class='ocrx_word' id='word_1_215' title='bbox 639 3719 711 3790; x_wconf 84' lang='lat' dir='ltr'><strong>qnod</strong></span> <span class='ocrx_word' id='word_1_216' title='bbox 728 3736 790 3790; x_wconf 84' lang='lat' dir='ltr'><strong>pers</strong></span> <span class='ocrx_word' id='word_1_217' title='bbox 808 3719 900 3789; x_wconf 77' lang='lat' dir='ltr'><strong>eliqua</strong></span> <span class='ocrx_word' id='word_1_218' title='bbox 918 3736 960 3789; x_wconf 86' lang='lat' dir='ltr'><strong>ep.</strong></span> <span class='ocrx_word' id='word_1_219' title='bbox 971 3722 1005 3776; x_wconf 80' lang='lat'><strong>52</strong></span> <span class='ocrx_word' id='word_1_220' title='bbox 1024 3723 1065 3775; x_wconf 85' lang='lat' dir='ltr'><strong>est</strong></span> <span class='ocrx_word' id='word_1_221' title='bbox 1077 3720 1201 3774; x_wconf 80' lang='lat' dir='ltr'><strong>etiemin</strong></span> <span class='ocrx_word' id='word_1_222' title='bbox 1216 3720 1277 3784; x_wconf 80' lang='lat' dir='ltr'>Ab),</span> 
     </span>
     <span class='ocr_line' id='line_1_29' title="bbox 283 3810 1282 3883; baseline 0.002 -20"><span class='ocrx_word' id='word_1_223' title='bbox 283 3810 313 3864; x_wconf 90' lang='lat' dir='ltr'><strong>in</strong></span> <span class='ocrx_word' id='word_1_224' title='bbox 330 3826 371 3879; x_wconf 93' lang='lat' dir='ltr'><strong>ep.</strong></span> <span class='ocrx_word' id='word_1_225' title='bbox 391 3813 449 3867; x_wconf 91' lang='grc'><strong>63-</strong></span> <span class='ocrx_word' id='word_1_226' title='bbox 462 3813 496 3869; x_wconf 86' lang='grc'><strong>70</strong></span> <span class='ocrx_word' id='word_1_227' title='bbox 513 3815 541 3867; x_wconf 90' lang='lat' dir='ltr'><strong>et</strong></span> <span class='ocrx_word' id='word_1_228' title='bbox 559 3816 635 3883; x_wconf 82' lang='lat' dir='ltr'>perte</span> <span class='ocrx_word' id='word_1_229' title='bbox 653 3830 693 3882; x_wconf 89' lang='lat' dir='ltr'><strong>ep.</strong></span> <span class='ocrx_word' id='word_1_230' title='bbox 713 3816 747 3869; x_wconf 92' lang='grc'><strong>71</strong></span> <span class='ocrx_word' id='word_1_231' title='bbox 766 3814 816 3882; x_wconf 93' lang='lat' dir='ltr'><strong>Pp</strong></span> <span class='ocrx_word' id='word_1_232' title='bbox 836 3811 886 3878; x_wconf 77' lang='lat' dir='ltr'><strong>Ab,</strong></span> <span class='ocrx_word' id='word_1_233' title='bbox 916 3812 945 3866; x_wconf 89' lang='lat' dir='ltr'><strong>in</strong></span> <span class='ocrx_word' id='word_1_234' title='bbox 964 3814 1040 3881; x_wconf 80' lang='lat' dir='ltr'>perte</span> <span class='ocrx_word' id='word_1_235' title='bbox 1058 3827 1099 3880; x_wconf 87' lang='lat' dir='ltr'><strong>ep.</strong></span> <span class='ocrx_word' id='word_1_236' title='bbox 1121 3814 1153 3868; x_wconf 92' lang='grc'><strong>71</strong></span> <span class='ocrx_word' id='word_1_237' title='bbox 1173 3816 1203 3867; x_wconf 89' lang='lat' dir='ltr'><strong>et</strong></span> <span class='ocrx_word' id='word_1_238' title='bbox 1221 3828 1282 3882; x_wconf 91' lang='lat' dir='ltr'>epp.</span> 
     </span>
     <span class='ocr_line' id='line_1_30' title="bbox 284 3893 1282 3975; baseline 0.002 -17"><span class='ocrx_word' id='word_1_239' title='bbox 284 3904 428 3960; x_wconf 74' lang='lat'>72-81&#39;1’</span> <span class='ocrx_word' id='word_1_240' title='bbox 447 3903 497 3966; x_wconf 80' lang='lat' dir='ltr'><strong>eu,</strong></span> <span class='ocrx_word' id='word_1_241' title='bbox 522 3907 550 3960; x_wconf 76' lang='lat' dir='ltr'><strong>un</strong></span> <span class='ocrx_word' id='word_1_242' title='bbox 567 3893 683 3963; x_wconf 77' lang='lat' dir='ltr'><strong>‘ee-se</strong></span> <span class='ocrx_word' id='word_1_243' title='bbox 704 3904 761 3959; x_wconf 79' lang='lat' dir='ltr'><strong>son&gt;</strong></span> <span class='ocrx_word' id='word_1_244' title='bbox 788 3906 824 3972; x_wconf 76' lang='lat'><strong>1&gt;;</strong></span> <span class='ocrx_word' id='word_1_245' title='bbox 852 3906 880 3959; x_wconf 78' lang='lat' dir='ltr'><strong>in</strong></span> <span class='ocrx_word' id='word_1_246' title='bbox 899 3921 959 3975; x_wconf 79' lang='lat' dir='ltr'><strong>epp.</strong></span> <span class='ocrx_word' id='word_1_247' title='bbox 978 3907 1013 3961; x_wconf 86' lang='lat' dir='ltr'><strong>es</strong></span> <span class='ocrx_word' id='word_1_248' title='bbox 1031 3906 1100 3960; x_wconf 78' lang='lat'>-124</span> <span class='ocrx_word' id='word_1_249' title='bbox 1120 3904 1143 3958; x_wconf 85' lang='lat' dir='ltr'>e</span> <span class='ocrx_word' id='word_1_250' title='bbox 1162 3898 1211 3972; x_wconf 71' lang='lat' dir='ltr'><strong>e&#39;a,</strong></span> <span class='ocrx_word' id='word_1_251' title='bbox 1232 3907 1282 3961; x_wconf 83' lang='lat' dir='ltr'><strong>hoc</strong></span> 
     </span>
     <span class='ocr_line' id='line_1_31' title="bbox 284 3998 1282 4068; baseline 0.006 -20"><span class='ocrx_word' id='word_1_252' title='bbox 284 3998 374 4049; x_wconf 82' lang='lat' dir='ltr'><strong>temen</strong></span> <span class='ocrx_word' id='word_1_253' title='bbox 392 4012 444 4050; x_wconf 89' lang='lat' dir='ltr'><strong>non</strong></span> <span class='ocrx_word' id='word_1_254' title='bbox 463 4001 525 4052; x_wconf 86' lang='lat' dir='ltr'><strong>ente</strong></span> <span class='ocrx_word' id='word_1_255' title='bbox 543 3998 620 4066; x_wconf 88' lang='lat' dir='ltr'><strong>epist.</strong></span> <span class='ocrx_word' id='word_1_256' title='bbox 633 3999 677 4062; x_wconf 86' lang='lat'><strong>90,</strong></span> <span class='ocrx_word' id='word_1_257' title='bbox 698 4001 731 4054; x_wconf 80' lang='lat'><strong>18</strong></span> <span class='ocrx_word' id='word_1_258' title='bbox 751 4001 796 4065; x_wconf 93' lang='grc'><strong>(17</strong></span> <span class='ocrx_word' id='word_1_259' title='bbox 814 3998 884 4067; x_wconf 81' lang='lat' dir='ltr'><strong>P.)n</strong></span> <span class='ocrx_word' id='word_1_260' title='bbox 901 3998 1085 4066; x_wconf 82' lang='lat' dir='ltr'><strong>verbis[eonl</strong></span> <span class='ocrx_word' id='word_1_261' title='bbox 1105 3999 1282 4068; x_wconf 84' lang='lat' dir='ltr'><strong>qnirende</strong></span> 
     </span>
     <span class='ocr_line' id='line_1_32' title="bbox 283 4084 432 4141; baseline 0.013 -2"><span class='ocrx_word' id='word_1_262' title='bbox 283 4084 432 4141; x_wconf 79' lang='lat' dir='ltr'><strong>ertibus.</strong></span> 
     </span>
    </p>
   </div>
   <div class='ocr_carea' id='block_1_7' title="bbox 0 0 1336 5062">
    <p class='ocr_par' dir='ltr' id='par_1_8' title="bbox 0 0 1336 5062">
     <span class='ocr_line' id='line_1_33' title="bbox 0 0 1336 5062; baseline 0 0"><span class='ocrx_word' id='word_1_263' title='bbox 0 0 1336 5062; x_wconf 95' lang='lat' dir='ltr'><strong> </strong></span> 
     </span>
    </p>
   </div>
  </div>
 </body>
</html>
