2662 5046
472 677 585 735 conns
600 677 632 732 B.
651 676 723 734 (loll.
778 622 783 627 v
1009 613 1089 740 ‘w

63 877 272 960 prioreparte
297 875 370 940 libri
391 874 499 958 primi,
530 875 587 941 sed
610 876 706 940 etium
731 875 806 941 olibi
826 868 992 955 interdurn,
1014 866 1134 965 'siugu-

64 983 134 1049 lnris
155 983 301 1066 quodum
332 981 447 1046 veteris
480 981 640 1066 scripture
672 981 711 1046 ob
743 979 857 1047 codicis
880 977 1036 1070 archetypi
1059 1004 1133 1052 oon·

62 1087 216 1155 dicionem
240 1086 414 1154 obscuratio
436 1090 468 1152 et
489 1087 674 1171 deprsrstio,
697 1086 729 1151 in
752 1074 1052 1174 notissimisqnoque
1074 1111 1130 1159 no·

64 1193 197 1259 minibus
231 1196 265 1259 et
301 1192 419 1267 verbis,
458 1194 491 1258 et
521 1192 633 1259 deinde
665 1192 862 1275 interpolatio
894 1196 1017 1262 tentum
1044 1197 1131 1263 Luti-

64 1317 172 1364 norum
217 1286 437 1365 vocabulorum
480 1299 610 1364 formum
653 1299 719 1364 sine
754 1299 818 1364 ulls
856 1302 1017 1367 sententis
1058 1321 1130 1386 spes

67 1406 109 1470 u’e
139 1405 264 1470 sentens
298 1404 349 1477 (ut
381 1421 408 1469 c.
440 1402 475 1468 3:
511 1405 728 1487 completur
757 1405 848 1470 urbs
869 1407 907 1470 et
929 1406 989 1472 ius
1010 1408 1131 1473 comi·

63 1510 168 1582 tium,
191 1513 239 1574 tr.
265 1510 313 1592 pl.
337 1511 513 1576 centurio
536 1512 688 1589 ebvoout3
726 1511 780 1576 cfr.
802 1511 834 1575 11
856 1529 883 1574 c.
906 1509 971 1590 29).·
1020 1512 1129 1596 ltaque

63 1615 247 1680 coniectum
279 1615 311 1680 iu
344 1615 416 1680 belli
442 1616 540 1681 civilis
573 1615 660 1681 libris
681 1616 870 1702 frequentior
891 1615 1059 1681 necessitas
1082 1620 1130 1682 est

62 1721 188 1804 eiusque
220 1739 282 1789 non
300 1721 495 1800 lenissimus,
528 1720 649 1797 iudicio,
683 1721 794 1805 quibus
825 1721 940 1797 ututur,
973 1720 1128 1786 interdum

65 1827 183 1892 incerte
204 1829 279 1893 sunt
300 1830 356 1892 eut
378 1827 474 1893 nulls.
512 1826 574 1892 Sed
595 1828 702 1893 brnen
724 1824 852 1892 inbelli
874 1843 994 1909 quoqne
1017 1825 1130 1892 Gallici
1252 1892 1256 1898 ,

66 1931 158 2013 libris,
197 1950 329 2016 qnorum
350 1933 440 2018 longe
460 1933 579 1999 fecilior
601 1935 632 1998 st
651 1932 757 1998 laerior
784 1931 880 1998 currit
913 1932 1021 2007 cretio,
1052 1932 1130 1998 insi-

67 2036 136 2103 dent
158 2037 273 2104 mendu
294 2037 412 2122 uliquot
432 2039 545 2104 nostris
566 2038 721 2105 codicibus
737 2037 919 2125 antiquiore
929 2037 954 2115 ¹)
978 2038 1128 2121 Incipiam

64 2147 211 2242 cutem-s
233 2144 308 2210 loeo
322 2146 355 2210 et
375 2145 414 2210 sb
435 2144 505 2210 sliis
526 2146 659 2210 troctsto
680 2147 714 2210 et
734 2162 753 2210 n
774 2163 824 2209 me
845 2144 913 2226 ipso
936 2144 1036 2210 nutes.

160 2282 242 2350 Bell.
265 2281 346 2350 dall.
370 2285 395 2362 I,
419 2284 467 2358 17,
499 2283 551 2348 ubi
573 2284 605 2349 in
627 2283 709 2367 bissi
734 2284 870 2350 orubione
896 2282 941 2348 sic
962 2283 993 2350 in
1015 2284 1127 2349 codici·

63 2389 116 2455 bus
137 2389 301 2455 scribitur:
345 2390 423 2456 Hos
459 2388 652 2455 seditiosu
687 2391 801 2474 etque
833 2389 1005 2472 improbo
1043 2410 1128 2456 oru-

61 2494 163 2561 tione
208 2494 509 2560 multitudinem
556 2494 773 2573 deterrere,
813 2513 858 2559 ne
893 2495 1127 2561 frumentum

61 2600 283 2677 conferant,
319 2598 415 2683 quod
436 2601 626 2682 praesture
648 2598 828 2677 debeunt3
860 2599 892 2664 si
914 2600 992 2665 ium
1013 2601 1127 2683 prin·

60 2707 229 2790 cipetum
253 2704 389 2771 Gelliae
412 2704 586 2770 obtinere
608 2723 680 2770 non
715 2705 888 2789 possint,
926 2703 1127 2771 Gallorum

60 2829 167 2892 uuum
192 2811 450 2876 Romanorum
471 2811 636 2893 imponis
655 2799 845 2894 perferre,
869 2827 990 2894 neque
1013 2807 1129 2874 dubi-

62 2918 141 2982 tare
176 2916 361 2992 debeent,
399 2917 505 3001 quin,
549 2917 582 2982 si
622 2918 828 2983 Helvetios
860 2916 1129 3008 superaverint

66 3019 245 3099 Romani,
275 3040 348 3087 une
379 3023 650 3108 cum‘relique
673 3023 802 3090 Gallia
825 3021 980 3087 Haeduis
1005 3021 1128 3086 liber-

62 3125 183 3193 tatem
207 3126 288 3192 sint
309 3127 500 3211 erepturi,
533 3128 679 3195 mendum
701 3148 769 3194 esse
792 3127 988 3203 consentitur,
1012 3126 1067 3191 sed
1089 3125 1128 3192 de

66 3233 164 3298 mendi
188 3232 262 3298 sede
285 3233 476 3300 dissentitur.
517 3233 576 3299 Vin
597 3233 693 3325 igitur
717 3237 756 3326 et
770 3233 887 3300 ratione
909 3250 977 3296 eum
1000 3231 1128 3316 indege-

9 3344 11 3415 ᾗ
71 3354 140 3403 nus.
184 3337 326 3403 Primum
359 3339 481 3405 constal
512 3339 544 3404 in
577 3339 659 3406 illis:
712 3339 1055 3422 Gullorum'quum
1088 3339 1127 3403 R.

68 3439 227 3527 imperis
248 3445 425 3526 perferre
447 3443 561 3529 requiri
582 3442 722 3524 verbum,
756 3446 787 3510 in
810 3463 869 3528 quo
892 3444 1126 3528 comparationis

77 3666 263 3679 Ἢ

89 3830 110 3896 ⁴)
136 3833 224 3889 Unum
242 3833 403 3888 stulterum
423 3830 550 3888 mondum
568 3848 677 3904 prorsus
696 3836 770 3888 certe
787 3833 926 3888 retium
944 3830 1126 3903 superioribus

136 3928 256 3981 nubtum
300 3928 330 3981 et
364 3924 502 3982 subletum
545 3925 618 3995 spnd
653 3924 847 3995 Nipperdstnrn
890 3928 919 3981 et
957 3924 1129 3979 Dnebnernm

136 4019 245 4074 troitum
280 4018 447 4088 proteritur,
473 4021 517 4073 ¹ut
549 4018 581 4074 B.
615 4016 649 4074 G.
684 4017 723 4079 V,
759 4019 787 4071 1:
826 4013 866 4070 sd
906 4015 1129 4070 celeritstem

137 4109 299 4165 onersndi
327 4104 661 4180 subductionesque,
689 4108 737 4164 ubi
765 4109 837 4162 recte
865 4105 1022 4162 ciacconius
1049 4107 1129 4160 snb·

9 4213 10 4277 j
140 4198 392 4272 ductionisqne;
426 4219 489 4257 nsm
515 4203 544 4257 in
562 4204 677 4272 utroque
693 4199 816 4256 celerinus
834 4198 1005 4269 querebatur
1022 4202 1050 4253 et
1068 4198 1130 4270 plu·

9 4283 11 4319 ἶ
140 4293 200 4348 urlis
224 4279 331 4364 ineptus
357 4297 407 4358 est,
436 4297 465 4349 et
482 4293 534 4359 v1,
559 4297 592 4357 1,
619 4293 667 4349 ubi
693 4289 832 4346 Rubenius
859 4292 888 4343 et
915 4291 1130 4361 lungermsnnus

136 4385 255 4441 consul
273 4386 305 4453 is
317 4386 537 4457 proconsulis,
547 4385 620 4457 quod
632 4387 671 4441 sic
683 4384 791 4447 dicitur,
806 4383 883 4452 qussi
897 4384 990 4438 consul
1001 4383 1071 4438 nlius
1083 4384 1129 4448 sit,

138 4487 190 4530 uon
207 4477 265 4547 ipse
282 4479 435 4549 Pompeius.
