2580 5054
228 285 269 348 66
595 282 657 336 Lib.
675 282 697 336 L
720 278 789 352 Cap.
805 281 856 336 IV.

187 484 316 554 latinum
339 499 438 563 neque
460 478 541 545 enim
565 479 619 561 qui
640 478 792 544 iacenter
814 478 981 563 superiora
1002 479 1227 553 enumerarem

188 589 227 654 ad
259 606 327 671 quae
359 604 439 650 nuno
463 586 585 660 transit,
618 584 770 651 vilissime
802 585 903 650 rideri
938 587 1021 660 vuli,
1054 586 1108 652 eod
1129 584 1227 648 moino

188 696 306 762 seilicet
328 693 417 777 poulo
446 691 652 773 superioribus
682 690 785 757 minus
813 693 1013 773 sumptuose
1069 689 1228 757 Scribenim

188 802 326 868 videtur:

791 898 899 968 τᾶλλα
924 905 963 968 δὲ

272 1007 337 1096 ἤδη
358 1004 408 1076 τιί
431 1004 460 1074 τ’
483 1000 753 1091 εὖτελίστερ’
774 1000 876 1086 ἅττ’,
899 1006 1009 1076 ἄκουε
1034 1007 1089 1092 δὴ.

189 1119 263 1200 Quae
288 1118 360 1195 sini,
383 1116 445 1180 iem
469 1115 550 1183 endi.
609 1113 815 1196 Compareiivi
843 1121 877 1179 et
898 1117 1091 1198 superlativi
1115 1118 1234 1199 permen

188 1226 314 1299 tionem,
347 1240 440 1305 qnem
472 1221 565 1306 nitigi
597 1240 689 1303 supra
720 1219 760 1284 nd
790 1241 819 1304 ρ.
845 1221 887 1283 20
909 1240 938 1299 o,
969 1222 1098 1288 adiuvit
1125 1223 1177 1287 hoo
1192 1220 1236 1284 loo

187 1348 354 1414 pronomen
389 1321 461 1393 ἅττ’
494 1345 554 1392 non
590 1326 781 1392 intellectum
816 1329 849 1391 et
877 1347 951 1393 cum
975 1330 1081 1410 priore
1104 1349 1171 1395 voce
1189 1346 1236 1394 eon·

187 1437 306 1502 fletum.

289 1555 324 1620 P.
339 1553 401 1615 443
416 1570 449 1617 a:
472 1552 671 1636 Κλεομένης
692 1542 710 1615 o‘
732 1544 901 1634 τύραννος
916 1545 935 1617 o‘
952 1556 1013 1619 καὶ
1029 1548 1098 1628 τάς
1118 1578 1238 1638 μασιρο

188 1658 277 1736 πσάς
305 1655 367 1734 τάς
395 1663 597 1743 εἰθισμένας
625 1651 880 1743 προαγωγεύειν
909 1653 975 1733 τάς
999 1664 1185 1748 ἐλευθέρας
1200 1683 1241 1748 γυ

188 1783 319 1844 ναῑκας,
336 1780 427 1851 τρεῖς
444 1759 467 1851 ἢ
482 1768 644 1848 τέτταρας
659 1759 722 1837 τάς
736 1761 1015 1847 ἐπιφανεστάτας
1030 1772 1240 1852 πορευομένας

189 1868 332 1958 ἐνδήσας
355 1877 404 1946 εἰς
427 1867 571 1945 σάκκους
588 1872 832 1953 καταποντίσαι
848 1874 916 1938 τισί
932 1870 1146 1956 προστάξας.
1181 1871 1242 1938 Fen

188 1982 310 2073 poterni
329 1981 409 2045 nude
432 1980 565 2063 positum
587 1973 649 2052 τάς
671 1973 954 2063 ἐπιφανεστάτας,
981 1984 1182 2047 coniunctum
1194 2000 1241 2047 em

189 2092 424 2172 πορευομένας
444 2084 517 2151 ferri
539 2085 658 2168 nequii,
679 2105 715 2150 er
736 2105 773 2151 ne
794 2085 852 2151 hoe
871 2085 978 2168 ipsum
995 2088 1127 2171 quidem
1143 2080 1244 2171 πορεί·

189 2203 292 2263 εσθαι
325 2195 408 2258 reete
441 2192 479 2256 de
512 2191 592 2257 lenis
625 2192 763 2256 absolute
794 2191 853 2257 diei
882 2192 1019 2258 ridetur.
1066 2194 1243 2260 Scribendm

188 2303 254 2368 sine
276 2301 383 2365 dubio:
416 2293 478 2373 τάς
511 2303 836 2382 ἐπιφανέστατα
867 2302 1246 2387 εἶσπορευομένος,

189 2408 247 2475 hoo
269 2408 325 2481 est,
349 2422 416 2489 qnae
437 2403 630 2487 apertissime
653 2406 756 2470 domos
778 2405 990 2471 matronarum
1015 2408 1186 2474 intrabant

288 2549 324 2613 P.
340 2548 400 2608 447
417 2545 453 2609 d:
481 2546 536 2631 Τῷ
559 2538 588 2610 δ’
608 2538 759 2634 ἡμετέρῳ
780 2548 865 2633 χορῷ
884 2546 979 2621 οἶνος
996 2550 1103 2632 φίλος
1118 2546 1166 2615 ὥν
1178 2557 1243 2627 θον

189 2648 347 2743 σοφόροις
366 2656 455 2739 μέγα
478 2647 678 2738 πρεσβεύων
703 2648 878 2727 Διόνυσος,
901 2654 1010 2739 φησίν
1027 2653 1116 2722 ’Ῑτιν
1138 2649 1157 2721 ά
1177 2657 1245 2723 Χῖος

188 2771 226 2832 ἐν
247 2777 319 2836 τοῖς
349 2760 520 2847 ἐλεγείοις,
551 2785 580 2826 κ.
605 2785 636 2824 τ.
660 2761 688 2825 λ.
734 2759 842 2844 Neque
874 2760 1080 2844 participium
1116 2760 1164 2827 ὧν
1192 2758 1244 2825 feni

186 2872 292 2954 potest
313 2886 411 2950 neque
433 2869 515 2932 reete
537 2863 575 2930 ed
598 2885 709 2953 nomen
732 2864 824 2940 οἶνος
852 2866 1054 2949 oppositione
1084 2868 1246 2951 adiungitur

188 2970 361 3049 Διόνυσος.
406 2969 623 3037 Scribendum:
651 2972 744 3057 οἶνος
766 2973 862 3058 φίλος
883 2966 937 3059 χαί
959 2979 1004 3038 ἐν
1028 2969 1245 3061 θυρσοφόρος

186 3089 273 3169 μέγα
303 3072 505 3166 πρεσβεύων
533 3073 710 3154 Διόνυσος,
731 3079 844 3164 φησίν
865 3075 949 3145 Ἴων
973 3073 994 3145 ὅ
1017 3083 1115 3156 Χῖος
1137 3088 1173 3147 ἐν
1191 3089 1246 3147 τοῖς

187 3189 358 3276 ἐλεγείοις.

288 3308 323 3372 Ρ.
346 3306 407 3368 448
428 3304 448 3369 b
472 3302 610 3369 tollenda
631 3306 705 3371 euni
725 3305 817 3370 verba
838 3296 911 3370 ἀλλ’
933 3298 1040 3389 ἡμεῖς
1062 3300 1245 3391 ζητήσομεν

186 3432 278 3497 prave
310 3411 418 3477 addita
453 3431 471 3476 e
503 3411 627 3476 librario
655 3411 769 3494 aliquo,
792 3410 845 3494 qui
866 3429 925 3476 non
948 3410 1163 3479 intellexisset
1182 3411 1246 3475 inker

187 3539 219 3586 ee
242 3516 397 3586 contraria
417 3516 524 3581 referri
544 3515 650 3582 Cellire
673 3516 711 3582 de
726 3516 844 3601 griphis
859 3516 1042 3597 disputandi
1059 3519 1154 3593 virm,
1168 3533 1244 3601 qnam

185 3627 257 3708 post
289 3622 459 3688 Diotimum
487 3621 606 3707 ingredi
632 3639 889 3705 supervacaneum
919 3622 972 3699 sir,
1002 3629 1037 3688 et
1063 3645 1143 3703 enm,
1169 3637 1243 3707 qum

185 3731 319 3796 secuturi
350 3728 630 3813 δειπνοσοφισταί
661 3728 724 3795 sint
756 3726 941 3794 comicorum
965 3728 1004 3793 de
1035 3730 1158 3815 griphis
1180 3733 1245 3794 {omo

185 3832 415 3919 colligentee.*)

220 4021 246 4089 *)
266 4020 296 4075 P.
307 4019 386 4076 4511)
397 4036 447 4076 eor.
458 4020 559 4077 τούτου
577 4024 638 4077 τοῦ
657 4019 741 4093 λόγον
757 4020 817 4090 (pro
827 4019 940 4089 τούτου)
959 4027 988 4076 ei
1001 4021 1103 4078 deinde
1121 4006 1246 4078 είδοιν

284 4115 394 4184 μούσῃ
411 4131 462 4183 pro
481 4114 687 4183 εὐδοκιμοῦσαν
