2678 5016
11 4357 14 4399 t

478 658 600 714 vernn
618 660 737 716 ruer..
1039 663 1099 731 149

78 863 192 936 emere)
223 860 256 923 et
279 857 399 940 pudore
431 857 460 922 ei
494 859 685 941 repugnante
714 854 872 924 conficitur
902 860 1003 928 melus
1032 862 1140 944 pudor.

81 962 277 1030 Scribendum
301 963 367 1028 eet:

346 1066 475 1148 Quando
496 1068 585 1133 erdor
606 1068 699 1136 hebet
718 1069 873 1154 leniorque
889 1072 1037 1154 pudorne

228 1192 378 1256 mensque
400 1173 509 1239 obnixe
530 1166 622 1247 mato,
645 1175 704 1241 cet.

177 1279 218 1344 Et
242 1279 364 1363 pedore
390 1278 532 1355 Vceeiue3
563 1277 618 1344 sed
647 1279 810 1347 tamenin
839 1280 946 1347 ceterie
976 1282 1138 1350 eberrerit.
1273 1275 1277 1282 ’

80 1384 149 1450 Mer
183 1383 429 1448 r.159lecune
457 1401 493 1448 ex
520 1383 707 1467 syllabarum
738 1385 904 1452 vicinarum
939 1388 1140 1456 similitudine

78 1492 145 1554 crte
166 1489 213 1554 eie
238 1487 389 1570 explenda
410 1489 545 1555 ridetur:

159 1595 236 1660 Sum
259 1613 388 1669 memor,
409 1597 445 1659 ut
465 1597 567 1660 tecum
589 1596 647 1658 eim
674 1606 737 1658 tum
760 1596 876 1680 partite
897 1596 1043 1663 iuberem.

183 1699 269 1774 Tum,
300 1701 337 1763 ut
371 1701 449 1784 apud
485 1699 608 1767 Graecoe
642 1720 723 1784 eaepe
757 1695 844 1776 rive,
876 1702 960 1767 idem
998 1707 1045 1769 eet
1077 1704 1141 1771 iere

77 1810 169 1890 etque
187 1804 286 1890 paulo
310 1816 388 1879 ante,
410 1808 575 1889 ,tempore
594 1824 652 1889 quo
672 1806 782 1872 noeti‘.

177 1910 245 1976 lbd.
280 1911 342 1974 259
365 1931 429 1996 sqq.
486 1911 591 1975 Venue
621 1910 727 1976 Circen
758 1912 888 1984 mentite
920 1913 963 1979 sic
999 1914 1142 1981 Medeam

77 2016 262 2099 alloquitur:
754 2036 757 2040 ·

141 2121 220 2207 Cum
242 2120 320 2186 levis
342 2139 361 2185 e
385 2122 501 2201 superis
525 2122 564 2186 ed
586 2124 618 2187 te
640 2123 731 2189 medo
753 2123 874 2188 laberer
894 2126 987 2203 eurie,

139 2228 217 2293 ferte
236 2228 337 2292 retem
359 2226 457 2309 prime
478 2227 648 2311 fugientem
671 2229 758 2293 litere
780 2246 882 2303 cerno,

141 2334 265 2416 qualem
287 2333 469 2397 poenaeue
491 2351 646 2416 nunquam
667 2333 823 2398 dimittere
845 2337 936 2416 portu

140 2438 247 2508 vellet,
271 2438 371 2503 edhuc
392 2456 499 2503 omnes
520 2458 588 2522 quae
611 2438 729 2504 detinet
750 2439 851 2504 insule
872 2441 1020 2530 renue,

178 2543 265 2609 Circe
287 2562 346 2609 nen
368 2543 407 2605 ab
429 2543 510 2607 auris
532 2544 619 2632 lepee
641 2548 721 2621 eret,
756 2543 811 2609 eed
833 2563 887 2626 per
908 2563 1012 2620 euree;
1051 2544 1145 2609 ceder
1257 2604 1262 2611 .

82 2650 150 2715 Vet
183 2649 279 2714 hebet
313 2648 384 2711 eve
412 2650 541 2731 cepere,
578 2669 594 2713 e
628 2667 685 2732 quo
726 2648 905 2727 iaciendum
936 2648 1007 2712 teis
1035 2648 1143 2711 aeid.

83 2754 209 2831 Deinde,
231 2754 376 2837 quoniam
401 2771 460 2819 non
484 2753 620 2837 fugiebat
642 2755 737 2838 Argo,
770 2754 824 2820 sed
854 2756 884 2819 in
907 2773 1018 2820 encore
1040 2753 1143 2819 etebet

82 2862 191 2944 quiete.
217 2858 405 2942 Argonautis
427 2877 481 2941 pre
503 2860 577 2924 urbe
599 2861 813 2942 pugnantibus,
849 2863 904 2925 eut
924 2879 993 2925 curn
1015 2859 1143 2926 Heineie

75 2965 246 3051 fulgentem
289 2966 344 3030 aut
385 2965 488 3046 petius
518 2965 693 3050 studentem
734 2965 930 3033 scribendum
966 2969 1023 3032 eet.
1085 2964 1146 3030 Sed

83 3074 177 3138 restet
198 3071 297 3136 maier
319 3070 496 3136 difficulter.
549 3070 655 3153 Neque
688 3071 768 3135 euim
798 3071 861 3136 ullo
891 3072 979 3152 pecte
1002 3070 1041 3135 ed
1063 3072 1146 3155 Argo

82 3176 267 3243 tendendum
302 3177 357 3239 eut
382 3177 506 3241 omnino
539 3176 668 3259 aliquid,
703 3176 781 3259 quud
814 3176 878 3241 eius
907 3177 1062 3260 preprium
1096 3176 1145 3251 eit,

84 3281 284 3348 indicandum
325 3281 469 3364 pertinet,
507 3282 586 3364 quod
623 3283 720 3347 telem
756 3301 866 3347 nerem
903 3280 1006 3347 Circes
1047 3281 1147 3347 insule

85 3387 193 3454 dicitur
216 3406 372 3470 nunquam
395 3391 486 3469 portu
508 3387 690 3466 dimissura,
714 3407 781 3471 quae
816 3386 915 3454 adhue
937 3405 1043 3452 emnee
1070 3404 1147 3451 neu-

83 3496 129 3559 tec
157 3493 339 3567 retinuerit;
372 3493 416 3556 ite
438 3492 517 3557 enim
540 3512 662 3576 proreus
690 3494 799 3559 eedem
821 3495 903 3570 loce,
938 3498 997 3575 quo
1030 3494 1146 3557 ceteree

85 3618 190 3677 ornnes
224 3617 334 3674 nares,
368 3599 452 3682 Arge
474 3597 559 3663 Circe
592 3602 623 3664 et
644 3599 744 3665 ineuh
766 3599 914 3665 hebiturae
947 3600 1027 3663 eunt.
1078 3596 1148 3661 Me·

86 3702 228 3771 uiieetum
263 3707 326 3777 eet,
361 3706 427 3768 tem
459 3704 616 3789 egregium
648 3704 709 3770 dici
736 3705 831 3788 Argo,
866 3707 902 3773 ut
932 3704 964 3767 in
998 3701 1147 3767 eiusmodi

86 3830 160 3877 uere
183 3810 270 3876 Circe
303 3810 455 3894 gloriandi
485 3829 577 3876 cauea
603 3810 768 3893 eliqueudo
799 3829 818 3875 e
851 3829 908 3876 sue
929 3808 1146 3874 consuetudine

86 3915 243 3983 discedere
277 3917 385 3999 parete
417 3916 467 3981 eit.
524 3917 626 4000 Atque
660 3915 731 3981 huic
760 3917 812 3981 uni
846 3915 1006 3982 sententie
1038 3915 1146 3996 epturu

87 4027 133 4089 eet
154 4021 238 4086 veltet
260 4021 424 4100 (rnechte).
469 4021 622 4104 Scriptum
647 4022 712 4088 eine
733 4021 825 4088 dubio
848 4040 866 4087 a
887 4024 977 4103 poete
996 4020 1114 4085 fueret:

211 4127 334 4210 qualem
357 4129 462 4197 noem
485 4146 540 4192 euo
563 4147 782 4211 nonnunquam
802 4126 919 4193 mittere
939 4129 1030 4208 pontu

209 4236 313 4312 veliet,
337 4231 439 4302 adhuc
461 4251 569 4304 omncs
590 4252 657 4317 que
681 4230 798 4297 detinet
817 4231 919 4296 insule
938 4234 1058 4297 neuter.

185 4341 251 4409 lbd.
275 4340 338 4404 317
362 4358 429 4422 sqq.
458 4337 510 4420 (de
532 4339 644 4404 Medee
670 4338 750 4403 inter
782 4335 950 4402 ccutreriee
982 4336 1149 4403 sententiae

96 4442 283 4525 fluctuante:
