2662 5062
397 711 428 767 L.
450 711 550 768 Seneca
567 710 600 766 de
617 710 691 767 brev.
704 711 774 766 rite.
1016 707 1078 772 399

155 909 221 977 Ibd.
244 911 274 986 9,
296 910 333 974 3:
376 910 459 975 Hoc
489 926 644 994 qnoque
676 908 950 992 pulcherrime
980 907 1026 972 ad
1055 927 1122 974 ex·

70 1017 325 1098 probrandam
353 1015 564 1082 infinitam
587 1012 899 1099 cogitationem,
922 1012 1025 1098 quod
1045 1033 1120 1079 non

68 1122 252 1204 optimam
299 1140 496 1206 quamque
538 1122 714 1197 aetatem,
742 1119 826 1184 sed
864 1120 968 1186 diem
1006 1120 1120 1186 dicit.

66 1225 164 1311 Neque
190 1228 345 1312 Vergilius
386 1244 483 1311 neque
530 1226 647 1292 Seneca
689 1227 908 1310 cogitationem
948 1226 1120 1293 hominibus

62 1333 294 1418 exprobrandam
345 1334 479 1418 putarit,
534 1331 589 1397 sed
637 1333 816 1415 perpetuam
862 1335 896 1398 et
941 1332 1121 1398 instabilem

60 1439 286 1523 occupationem
321 1441 352 1505 et
383 1442 518 1517 motum,
554 1437 611 1503 hoc
642 1439 699 1516 est,
738 1437 1006 1522 coieaeionem.
1049 1439 1121 1505 Non

58 1563 120 1610 raro
163 1545 223 1609 hoe
258 1543 306 1610 illi
341 1543 452 1618 cessit,
488 1545 523 1609 nt
561 1543 642 1627 apud
680 1544 782 1628 ipsum
815 1542 961 1609 Senecam
1003 1543 1041 1608 de
1074 1546 1121 1611 ira

57 1650 78 1730 1,
100 1653 130 1728 1,
154 1650 185 1712 ι.
552 1660 553 1665 ¹

153 1754 223 1821 Ibd.
252 1755 301 1832 11,
326 1756 361 1819 1:
396 1754 551 1821 stultos
586 1773 628 1820 se
656 1754 802 1831 inisse,
835 1756 983 1819 utnon
1012 1753 1121 1819 vire·

56 1864 157 1940 rint,
180 1860 414 1926 clamitant.
464 1860 534 1925 Iure
558 1860 727 1943 superiores
749 1858 781 1923 in
802 1861 844 1924 nt
865 1859 1033 1937 haeserant3
1060 1858 1122 1925 ita·

57 1989 110 2053 que
139 1967 249 2050 qnod
281 1966 522 2042 substituerunt3
557 1966 677 2031 facilius
701 1961 823 2030 videtur
844 1966 912 2049 qai,
945 1965 1026 2049 quod
1048 1963 1123 2031 alibi

57 2093 173 2159 qnoque
196 2090 267 2138 eum
288 2075 331 2137 ut
351 2074 561 2155 permutatum
582 2071 655 2136 vidi.

153 2178 223 2245 lbd.
249 2177 358 2255 121:
395 2184 490 2262 quos
521 2176 667 2243 officia
696 2174 880 2242 domibus
914 2176 1000 2241 suis
1029 2194 1122 2243 evo·

58 2289 166 2362 eant,
198 2284 241 2347 nt
273 2282 428 2348 alicnis
457 2283 615 2348 foribus
646 2280 837 2360 illidant,
874 2281 992 2349 hasta
1023 2303 1123 2368 prae·

57 2388 329 2458 torisiniami
357 2388 472 2455 lucro
595 2391 767 2453 exercet.
810 2385 1012 2454 Siecodices.
1057 2390 1124 2454 Ad·

57 2498 130 2564 dunt
152 2514 251 2580 quoa
273 2496 343 2577 post
363 2493 544 2560 illidant.
602 2493 736 2558 Facilius
759 2491 896 2559 sundere
918 2497 1040 2577 poterat
1059 2502 1126 2557 aot

56 2604 249 2689 uastant

25 2710 30 2720 ‘
155 2706 299 2784 lud.13‚
329 2707 366 2773 8:
404 2706 485 2770 Hoc
514 2704 622 2771 scire
644 2705 774 2789 magis
795 2706 980 2788 prodest,
1009 2723 1123 2788 qnam

58 2815 302 2881 Aventinum
335 2814 507 2877 montem
541 2813 655 2877 extra
685 2811 917 2893 pomoerium
950 2828 1048 2884 esse,
1080 2811 1124 2874 ut

57 2923 129 2988 ille
168 2919 428 2993 affirmabat,
470 2921 638 3000 propter
674 2917 847 2983 alteram
888 2935 931 2982 er
970 2916 1123 2980 duabus

59 3025 211 3101 causis,
244 3026 302 3089 oet.
349 3020 465 3087 Seneca
498 3023 659 3105 perspicue
690 3024 755 3089 bac
775 3023 877 3089 omnia
898 3041 984 3105 aeque
1002 3020 1124 3086 inutilia

58 3131 135 3197 scitu
168 3129 295 3194 indicat.
341 3128 460 3211 Itaque,
495 3128 640 3212 quoniam
675 3128 774 3194 audax
813 3129 862 3194 est
892 3146 967 3192 non
999 3126 1124 3206 addere,

58 3236 179 3303 ironicae
211 3237 318 3300 antem
346 3233 451 3299 iormae
484 3234 569 3298 nulla
591 3236 640 3299 est
660 3233 846 3308 similitudo,
878 3231 1044 3299 videndum
1066 3235 1123 3312 est,

60 3362 93 3410 ne
131 3344 191 3409 bac
227 3340 467 3424 interrogatione
510 3356 583 3403 neus
618 3339 674 3404 sit:
729 3340 811 3405 Hoc
852 3339 958 3405 seire
993 3339 1124 3424 magis

60 3449 227 3532 prodest
269 3469 316 3510 an
347 3445 594 3512 Aventinum
638 3447 812 3510 montem
843 3451 1124 3530 extrapomoe·

61 3556 157 3620 rium
180 3571 270 3619 esse
299 3554 378 3617 ...i

158 3658 226 3723 lbd.
251 3656 300 3734 14,
323 3657 343 3718 2
364 3660 528 3722 sententiae
551 3658 596 3724 sie
610 3656 788 3740 separandae
809 3658 897 3723 sunt:
1002 3656 1125 3722 homi·

64 3764 122 3830 nis
143 3765 333 3829 naturam
356 3780 442 3827 cnm
465 3762 623 3829 Stoicis
646 3763 827 3851 vincere,
856 3781 941 3827 eum
963 3761 1125 3847 Cynicis

66 3869 266 3935 excedere.
320 3866 413 3933 (inm
448 3887 581 3934 rerum
620 3868 765 3933 natura
801 3867 840 3931 in
875 3868 1127 3934 consortium

67 3974 190 4040 omnis
224 3973 296 4039 aevi
328 3974 518 4057 patiatur
550 3973 757 4052 incedere,
790 3971 934 4056 quidni
1056 3991 1125 4039 nos

68 4076 197 4146 demus
226 4082 306 4146 ...1

160 4185 360 4264 Ibd.15‚l:
404 4185 478 4250 Per
508 4184 609 4251 illos
635 4204 708 4251 uon
737 4183 885 4259 stabit,
914 4184 1126 4267 quominus

72 4289 296 4369 plurimum,
341 4294 534 4375 quantum
579 4291 755 4374 ceperis,
797 4289 971 4355 haurias.
1033 4288 1127 4354 Recto

74 4390 220 4464 Muretus:
243 4397 475 4480 quominus,
496 4397 688 4481 qnantum
709 4395 926 4479 plurimum
948 4393 1127 4478 ceperis,

76 4493 240 4569 haurias.
283 4501 347 4567 Sed
368 4501 462 4567 simul
490 4501 660 4568 necessario
685 4500 894 4585 reponendum
913 4503 971 4580 est,
994 4499 1075 4584 qnod
1096 4501 1128 4564 in
