2662 5046
429 694 568 752 ¹(lierrnnis
588 695 735 752 Ontienee
1020 698 1079 762 225
1162 759 1166 764 .

42 895 152 978 notite
187 894 237 970 (ut
270 895 314 960 sit
347 895 414 959 uel
442 893 711 973 tenuissimus)
743 896 907 979 superaddi
938 909 1037 983 neque
1069 899 1123 965 ille

51 1002 118 1066 inne
140 1001 213 1085 poni
235 1002 369 1084 poterut.

154 1107 225 1172 ibd.
256 1106 356 1172 inire:
391 1106 457 1171 sed
490 1107 531 1171 ut
553 1104 645 1171 huie
676 1107 800 1187 furiae,
836 1108 869 1174 ei
902 1108 1052 1175 diutine
1083 1111 1120 1176 in

47 1213 121 1278 diae
156 1213 255 1278 urbe
368 1231 475 1295 quum
511 1213 647 1277 delere
681 1215 856 1296 cuperet,
893 1232 960 1280 rer
996 1215 1121 1281 inter·

48 1317 264 1384 diceretur.
319 1315 372 1383 Sin
393 1317 419 1382 P
440 1336 459 1383 n
479 1317 579 1401 primu
601 1336 705 1397 manu,
727 1336 823 1384 venue
844 1321 915 1402 pest
935 1321 1028 1387 urbe
1049 1341 1121 1406 epe·

4 1465 13 1477 x
53 1423 114 1502 tie;
137 1423 275 1490 secunda
291 1441 405 1488 manue
426 1425 498 1507 pest
525 1426 686 1506 superet
709 1422 829 1490 addidit
849 1427 1039 1506 muneret,
1060 1447 1120 1494 nnn

54 1533 139 1596 rente
169 1529 340 1607 sementim
378 1548 448 1594 nem
481 1528 619 1593 manenti
646 1531 768 1595 tentum
798 1531 914 1607 (taeitae
937 1534 969 1596 et
996 1533 1120 1615 quietes)

54 1655 109 1701 rer
130 1633 346 1701 interdicenda
366 1654 424 1700 nnn
448 1636 523 1700 erat.
573 1634 704 1700 Videtur
735 1635 839 1699 Oieere
868 1635 1044 1719 scripsisse:
1080 1642 1123 1704 nt

15 1807 18 1810 ,
57 1742 153 1806 truie
174 1742 305 1815 furiae,
325 1739 361 1806 si
383 1739 537 1806 diutius
556 1741 598 1804 in
623 1741 692 1805 hue
712 1741 807 1806 urbe
829 1741 1032 1825 quiequam
1055 1742 1122 1808 de·

56 1846 135 1912 iere
157 1847 336 1929 cuperet,
370 1865 437 1911 ner
468 1846 778 1912 interdiceretur
811 1845 886 1922 (nisi
914 1848 1018 1912 temen
1051 1867 1121 1914 enm

1 2015 2 2031 ,
57 1952 209 2018 lumbino
239 1950 567 2015 intere-luderetur
602 1951 798 2017 scribendum
828 1952 902 2031 est).
945 1952 1039 2034 512,
1070 1954 1123 2020 ubi

53 2059 175 2125 editur:
213 2059 334 2124 ¹nnius
372 2060 409 2124 P.
443 2057 605 2124 Servilii
645 2076 687 2123 ue
722 2056 765 2121 M.
810 2056 985 2136 Luculli,
1029 2059 1121 2126 seribi

54 2163 149 2230 debet
170 2172 240 2225 ant
260 2163 304 2227 M.
327 2162 414 2228 Lue.

155 2269 226 2334 ibd.
260 2269 300 2330 -17
326 2267 475 2351 ¹qnoniam
502 2267 535 2332 in
566 2267 719 2333 endinibns
757 2271 806 2334 est
837 2268 991 2335 inimici
1027 2290 1121 2339 eon·

53 2375 270 2441 tumeliam
303 2374 370 2440 sine
400 2372 612 2456 praepesitiene
640 2390 698 2438 nee
727 2374 837 2440 Latine
861 2374 974 2441 dieitur
995 2399 1119 2464 respon·

56 2481 123 2544 dere
145 2482 179 2542 in
202 2478 416 2543 contumelium
437 2476 567 2541 alieuius
588 2497 643 2561 pro
665 2498 710 2559 ee,
747 2480 828 2563 quod
850 2483 899 2545 eet
924 2484 1121 2566 contumelia,

0 2585 1 2588 ’
61 2586 225 2653 ridendum
249 2587 367 2660 estne
388 2583 549 2668 scripserit
570 2583 689 2651 cinere:
712 2584 862 2650 inimici
884 2587 1122 2652 contumeliis

57 2695 139 2758 sine
164 2710 234 2758 ene
254 2690 368 2756 leude
389 2691 644 2774 respendere,
666 2691 721 2757 sed
742 2690 838 2756 nitere
859 2710 874 2757 e
895 2692 1122 2774 omisse(een·

54 2799 212 2865 tumelii
238 2797 337 2881 sine)
365 2798 448 2862 male
470 2797 619 2880 supplete
641 2796 753 2861 litterae
775 2796 848 2862 sint.

156 2903 228 2969 Ibd.
258 2902 313 2966 25:
360 2901 461 2980 Quid
493 2902 616 2987 magis
646 2900 887 2984 inquinatum
1045 2903 1122 2970 dini

56 3006 1124 3093 potestquamemnsservitium...1iberatuminalte-

58 3133 132 3180 rnm
157 3131 327 3180 seaenum
352 3110 584 3192 immissum,
618 3113 736 3178 alteri
765 3111 1032 3197 praepositum,
1081 3118 1124 3181 ut

56 3221 161 3286 ulter
194 3237 402 3285 consessus
424 3218 619 3303 potestati
647 3236 847 3284 serverum
868 3217 1123 3300 obtineretur,

57 3325 162 3391 ulter
185 3342 383 3390 serverum
405 3326 517 3390 tetus
539 3325 662 3389 esset.
707 3320 807 3389 Nemo
829 3323 948 3400 dixerit,
971 3344 1037 3408 quae
1058 3325 1124 3392 haee

59 3432 97 3496 sit
120 3431 264 3494 liberatio
296 3428 430 3508 servitii3
465 3449 502 3495 ne
536 3428 683 3495 mendum
716 3428 776 3511 ipsi
797 3430 973 3494 monstrent
993 3431 1123 3508 sedites,

59 3537 86 3601 in
109 3536 223 3621 quibus
245 3537 294 3601 est
313 3536 517 3602 liberatus.
553 3534 680 3599 Poterat
691 3535 790 3599 tetum
802 3533 984 3599 venabulum
999 3536 1124 3616 abesses

59 3643 111 3708 sed
134 3642 223 3707 nulla
244 3633 342 3706 additi
363 3640 633 3725 eeusnernegituri
654 3641 765 3724 petest.
808 3639 918 3721 linque
936 3641 1084 3724 suspicor,
1107 3664 1125 3711 u

59 3747 205 3814 dicerene
216 3749 364 3832 seriptum
380 3747 474 3813 inisse
490 3746 618 3810 libera
639 3747 688 3824 ei,
712 3764 748 3810 er
762 3761 807 3821 ee,
823 3762 962 3826 cumpro
975 3767 1037 3814 une
1054 3768 1125 3818 vnce

59 3855 251 3930 (liberavi)
263 3855 423 3938 acceptum
437 3852 910 3936 esseteerrigendenutumesee
920 3850 1125 3924 liberatus.

160 3960 230 4026 lbd,
254 3959 313 4023 36:
358 3958 486 4038 Quare
520 3962 650 4026 eutem
688 3959 731 4023 de
759 3955 915 4023 iisdiei
938 3960 1126 4041 suspicer,

61 4061 135 4131 taee
157 4083 274 4132 enuse
295 4067 368 4142 eet,
391 4064 485 4147 qued
507 4063 561 4129 eie
583 4064 725 4138 statue,
748 4065 786 4129 et
806 4061 904 4128 illud
925 4063 962 4128 in
984 4064 1052 4131 hee
1074 4069 1128 4133 ei.

63 4173 184 4238 ritate
206 4189 289 4236 esee
310 4170 471 4235 maxime
504 4169 661 4235 illustre
693 4170 805 4252 etque
826 4169 978 4254 insigne
999 4173 1127 4255 periu-

63 4277 155 4341 rium
191 4279 230 4342 et
261 4278 299 4342 te
321 4276 445 4360 ipsum
467 4278 594 4340 temen
628 4275 666 4338 in
698 4273 909 4356 periurium
938 4275 990 4359 [et
1010 4279 1048 4343 te
1069 4279 1127 4362 ip-

64 4399 140 4446 snm
172 4381 225 4466 in]
246 4381 366 4465 prime
398 4380 442 4446 nb
463 4380 527 4458 iis,
551 4379 775 4464 quibuscum
797 4378 1024 4461 coniurasti,
1058 4402 1128 4451 nen

65 4488 203 4553 reenri.
251 4486 398 4562 sublatis
432 4506 499 4570 quae
523 4486 722 4552 menifestum
745 4486 793 4550 est
816 4500 915 4548 errore
937 4484 984 4550 bis
1009 4489 1127 4572 scripte

110 4592 220 4628 unnrreu
234 4593 312 4628 nnus
325 4593 374 4627 cm.
397 4591 418 4628 ιι
896 4593 927 4642 15
