2580 5054
216 261 235 322 ὃ
594 254 656 309 Lib.
674 254 696 309 1.
717 255 782 324 Cap.
801 253 824 308 L

275 453 436 521 Postremo
467 452 500 518 in
531 453 613 518 libro
641 448 695 529 Xl,
725 451 922 517 occsurum
947 447 1232 533 erroromaperian,

138 618 142 625 .
174 561 204 629 si
225 559 314 646 plene
336 560 377 627 ad
399 578 507 627 vemm
527 559 685 643 pervenire
707 576 767 622 nou
788 558 904 640 potero.
961 556 1048 622 Nam
1070 556 1151 641 quod
1170 573 1234 620 nme
1259 586 1260 589 ¹

174 667 336 734 Patroclus
350 667 484 744 Nestori,
499 665 535 731 ut
549 663 773 749 aliquantisper
793 663 874 748 apud
894 682 927 729 se
942 667 1119 746 remaneat,
1133 662 1234 747 roganti
1259 725 1260 728 ,

175 774 222 840 sic
241 774 423 858 respondet:

237 912 240 918 '
279 896 353 991 Οὐχ
374 903 450 977 ἕδος
471 903 553 979 ἐσσί,
575 905 689 994 reputt
711 904 904 986 Accepepe'c,
932 892 1016 968 οὐδὲ
1042 927 1092 986 με
1114 902 1235 975 πείσεις,
1289 943 1290 947 =

276 1010 418 1087 αἰδοῖος,
441 1003 639 1096 νεμοσηοός,
659 1004 678 1076 ὅ
699 1034 745 1094 με
766 1011 910 1091 προέηκε
932 1011 1133 1088 πυθέσθαι,
1266 1014 1267 1019 ’

277 1114 396 1183 ὅντινα
418 1117 543 1183 σοὺσσν
565 1112 659 1203 ἄγοις
679 1116 897 1200 βεβλημένον
919 1139 947 1181 κ.
971 1139 1002 1180 ο.
1027 1116 1069 1194 l„

177 1241 383 1308 certissimum
409 1242 458 1306 est
477 1241 668 1314 vocabulum,
691 1237 772 1322 quod
794 1238 842 1301 cst
863 1236 1005 1322 αἰδοῖος,
1029 1257 1131 1322 neque
1146 1241 1170 1304 si
1185 1239 1234 1302 llo·
1267 1244 1268 1252 ’

177 1347 256 1412 meri
287 1365 385 1433 neque
417 1346 445 1413 si
479 1351 649 1412 ceterorum
681 1363 771 1410 usum
792 1362 966 1427 sequemur,
998 1344 1066 1411 ullo
1098 1344 1236 1410 modoad

177 1455 344 1537 superbum
375 1457 407 1519 et
434 1453 634 1536 imperiosum
662 1451 794 1517 Achillis
820 1450 978 1534 ingenium
1003 1452 1175 1517 notandum
1194 1470 1236 1515 ao·

178 1559 366 1626 commodari
387 1577 488 1643 posse,
512 1557 786 1641 verecundiamque
808 1559 840 1621 et
862 1558 979 1621 metum
1000 1557 1139 1624 Achillis
1153 1559 1235 1623 olien-

178 1666 271 1731 dendi
292 1666 359 1732 solo
382 1666 543 1739 adiectivo‚
566 1664 647 1748 quod
670 1667 719 1729 est
733 1660 926 1749 νεμεσηοός,
944 1663 1127 1748 significari,
1143 1682 1237 1749 quoru·

177 1789 268 1854 quum
302 1773 361 1838 hoc
393 1773 493 1855 ipsum
527 1770 694 1837 insolenter
727 1769 764 1834 de
796 1770 917 1835 homine
950 1770 1013 1836 dici
1043 1773 1110 1837 iam
1133 1775 1238 1836 veteres
1276 1766 1277 1770 ’

177 1881 371 1962 grammatici
393 1881 565 1946 senserunt.
609 1876 745 1949 Accedit.
779 1875 861 1959 quod
893 1877 984 1959 plane
1018 1880 1090 1943 usui
1124 1877 1239 1943 Homeri

177 1986 353 2068 repugnant
373 1987 540 2069 praedicate
562 1985 620 2049 duo
642 1984 687 2048 sic
703 1976 890 2057 α’σοοδὲτος
904 1984 1083 2049 coniuncta:
1109 1985 1238 2057 aldono,

177 2085 375 2177 σομεσησός.
418 2091 620 2158 Manifestum
651 2090 700 2155 est
726 2088 845 2164 αἰδοῦς
874 2091 1064 2156 mentionem
1095 2093 1136 2158 ad
1159 2112 1238 2158 vene

180 2198 310 2263 rabilem
331 2197 470 2264 Nestoris
492 2216 652 2280 personam
675 2196 834 2280 pertinere,
857 2197 908 2262 cui
929 2197 1105 2264 contrarius
1121 2206 1240 2282 ponatur

182 2304 235 2368 irae
249 2303 380 2370 Achillis
396 2306 506 2370 metus.
550 2306 597 2370 Ao
611 2304 740 2370 fortasse
754 2303 831 2369 nihil
843 2305 954 2386 praeter
967 2304 1243 2387 interpunctionem

73 2410 75 2415 ’
182 2413 365 2477 mutandum
387 2415 444 2491 eat,
467 2412 503 2476 nt
524 2412 691 2477 scribatur:
784 2426 788 2430 ·

587 2605 594 2619 .
619 2604 626 2618 .
650 2602 659 2620 .
681 2543 760 2618 οὐδὲ
779 2578 825 2636 με
848 2551 977 2626 πείσεις

283 2657 420 2732 αἰδοῖος.
443 2654 682 2745 superinponi
703 2684 749 2745 με
771 2662 914 2745 προέηκε
937 2664 1134 2728 πυθέσθαι.

183 2796 244 2864 Sed
266 2797 382 2866 residet
402 2799 563 2882 scrupulus
585 2801 616 2866 in
638 2801 790 2869 adiectivo
813 2802 857 2867 sic
878 2801 1013 2866 breviter
1033 2799 1184 2869 adiuncto
1196 2821 1247 2885 pro

182 2923 227 2986 eo,
250 2906 330 2988 quod
354 2905 402 2971 est
423 2898 552 2980 αἰδοῖός
574 2931 638 2992 περ
661 2900 733 2975 doio.

561 3192 725 3280 Sophoclis
746 3193 875 3261 Amnem

181 3360 208 3408 a.
232 3342 323 3420 1875,
352 3361 420 3408 cum
443 3343 623 3429 philologiae
651 3344 860 3411 studiosorum
886 3345 1121 3410 exercitationes
1148 3346 1248 3411 moda·

181 3465 273 3521 rerer,
297 3448 461 3532 diligenter
482 3452 664 3530 pertractavi
685 3469 795 3536 eosque
810 3454 901 3526 locos,
917 3469 993 3535 quos
1007 3451 1059 3517 hic
1077 3454 1247 3521 sublicium,

180 3557 263 3619 certa
294 3556 349 3619 aut
381 3555 531 3638 probabili
565 3557 778 3625 emendet-ione
808 3556 951 3623 adiuvere
973 3558 1052 3623 mihi
1075 3560 1162 3626 visus
1183 3577 1249 3625 sum·

179 3663 291 3742 praeter
312 3680 373 3735 eos,
399 3659 570 3745 dequibus
593 3662 655 3729 dixi
677 3665 708 3729 in
732 3663 811 3729 Λᾶν.
834 3662 911 3729 Grit.
934 3665 947 3728 l
970 3683 1000 3746 p.
1024 3663 1088 3727 206
1112 3687 1180 3751 sqq.

330 3836 370 3899 68
392 3855 437 3921 sq,
460 3837 615 3914 (Minerva
636 3838 749 3924 Ulirilt

281 3977 422 4060 copodo
450 3980 484 4045 δὲ
513 3982 624 4068 μίμνε
651 3981 738 4068 μηδὲ
768 3978 950 4070 emmaque
978 3981 1077 4068 δέχου

279 4074 340 4148 τόν
362 4078 467 4171 ἄνδρ’.
