2654 5010
241 295 303 360 m
602 288 872 359 mmmm

72 482 77 491 ’
201 492 352 559 multas
374 489 532 556 eorrectio.
583 487 619 553 Si
639 488 745 553 tamen
767 487 941 552 attenderis
966 485 1139 570 praeoedere
1158 485 1258 550 litteras

202 617 260 678 ae,
290 596 456 662 admodum
487 595 551 660 veri
581 593 682 659 simila
710 590 868 659 videbitur
896 593 1053 676 seriptum
1085 591 1175 657 inisse
1193 590 1260 656 ami·

203 701 333 771 mllatas
355 701 658 778 (assimulatas).

216 845 217 848 =
305 803 1261 892 lbid.§32:Quaeqnoniammiraculamnltasunt
1307 808 1308 853 ἲ

207 912 396 996 opusculi
418 912 548 978 nostri
578 912 828 995 propositum
857 907 1125 987 excedent-ia,
1152 907 1263 972 adin·

205 1019 326 1103 genia
361 1019 470 1084 eelsa
504 1035 707 1102 paramus,
739 1035 864 1099 pauoa
897 1033 1022 1096 snper
1054 1013 1261 1100 provinciis

206 1123 424 1188 narraturi.
476 1125 621 1190 Parare
648 1121 809 1206 aliquid
839 1121 888 1186 ad
916 1121 1091 1206 ingenia
1113 1122 1262 1186 celsano

206 1229 389 1294 Ammianus
411 1229 537 1312 quidem
559 1229 661 1296 dicere
680 1229 790 1312 potuit
808 1234 844 1293 nt
857 1216 1096 1311 intelligeretur
1109 1226 1148 1291 iis
1161 1224 1261 1308 aliquid
1313 1231 1314 1234 ’

205 1334 341 1419 relinqui
363 1337 576 1411 tractandum
598 1334 732 1401 seribere
753 1333 871 1418 potuit:
908 1333 955 1397 ad
978 1332 1151 1417 ingenia
1170 1333 1265 1396 celsa
1313 1420 1314 1425 ἵ

204 1457 404 1527 separamus.
1317 1521 1318 1524 Ἴ

307 1546 386 1612 lbid.
412 1546 460 1625 16,
485 1547 523 1612 8:
555 1545 664 1612 Inibi
691 1565 793 1611 anrae
815 1544 1051 1611 salubriter
1075 1545 1265 1630 spirantes
1318 1617 1319 1635 .

209 1669 310 1734 sape
331 1653 589 1737 tranquillus
611 1658 651 1719 et
671 1652 847 1718 elemons
868 1652 928 1717 oet.
977 1651 1021 1715 Ex
1044 1669 1149 1733 sape
1168 1650 1264 1715 lacim-

206 1754 281 1823 dum
303 1757 424 1824 videtur
444 1775 506 1826 aar
525 1760 604 1844 ipse.
841 1814 844 1820 r

306 1864 384 1929 lbid.
401 1865 418 1948 ᾗ
435 1865 492 1931 17ε
513 1864 672 1931 reoalet
693 1863 794 1946 apud
816 1862 1009 1945 quosdam
1033 1862 1265 1927 adbuelieet

207 1985 321 2034 raros
342 1971 400 2046 (sio
421 1972 507 2050 Val.;
530 1971 617 2036 oodd.
640 1973 763 2047 atros)
790 1965 1075 2035 consideratio
1101 1964 1264 2034 mundani

205 2080 337 2141 motus
362 2080 401 2143 et
430 2077 623 2153 siderum,
654 2075 844 2156 doctique
871 2075 966 2140 sunt
995 2077 1067 2140 ant
1096 2090 1266 2141 numeros

159 2212 162 2216 >
206 2175 465 2265 pauoi'supor
487 2183 549 2248 bis
571 2180 790 2247 seientiam
811 2179 986 2256 callent,
1003 2199 1089 2264 quae
1112 2181 1263 2246 latorum

206 2287 292 2353 vias
328 2288 522 2355 ostendit
576 2289 621 2353 dx
660 2287 718 2354 hae
756 2286 896 2352 eodieurn
934 2286 1092 2369 seriptura
1128 2286 1261 2352 efficitur:

206 2391 398 2477 doctique
441 2395 535 2460 sunt
569 2394 626 2461 alii
661 2413 862 2469 numeros3
904 2391 1023 2476 panai
1059 2411 1179 2475 super
1212 2392 1264 2454 bis

206 2500 421 2566 seientiam
453 2500 625 2580 callent,
658 2518 740 2584 qum
768 2501 941 2565 fatorum
970 2500 1059 2565 rias
1083 2495 1264 2564 ostendit

205 2605 279 2670 Tria
301 2625 414 2689 genera
437 2606 595 2672 bominum
618 2606 902 2690 distinguuntur.*)

307 2745 372 2811 Lib.
394 2745 512 2822 xxm,
539 2748 565 2820 l,
588 2747 623 2811 7:
657 2766 740 2812 eum
770 2746 1027 2813 irruentibus
1056 2745 1181 2810 armis
1206 2762 1262 2808 er·

204 2851 338 2917 ternis
370 2851 432 2917 lex
464 2870 540 2916 una
572 2852 628 2917 sit
659 2855 699 2918 et
726 2856 938 2936 perpetua,
967 2852 1146 2917 salutem
1169 2846 1264 2914 omni

207 2958 367 3022 ratione
400 2956 636 3036 defendere,
669 2960 777 3025 nihil
806 2960 1050 3024 remittente
1081 2958 1119 3022 vi
1142 2953 1264 3021 moris.

205 3063 240 3128 In
263 3063 479 3148 lindenbrogii
501 3067 707 3130 extremarum
729 3083 837 3130 vocum
864 3065 1064 3140 correctione.
1094 3082 1185 3147 quam
1206 3059 1262 3125 edi·

204 3171 287 3233 tores
318 3172 497 3252 sequuntur,
531 3189 589 3235 non
612 3171 764 3256 intelligo,
794 3189 853 3253 quo
881 3188 974 3235 sensu
995 3168 1109 3236 mortis
1131 3172 1177 3234 ris
1197 3163 1264 3231 nibil

204 3274 363 3340 remittere
379 3274 510 3342 dicatur.
544 3275 761 3342 Scribendum:
784 3275 888 3340 nibil
904 3273 1127 3342 remittentem
1141 3271 1263 3358 rigens

203 3378 262 3446 boo
284 3382 341 3458 est
365 3382 449 3446 omni
471 3383 576 3466 rigore
598 3385 745 3448 utentem.

257 3648 573 3720 *)1nterincredibilia,
600 3640 666 3721 quoe'
690 3652 719 3705 in
746 3668 776 3705 re
802 3650 899 3706 critica
921 3648 1058 3716 aooidnnt,
1077 3666 1134 3704 non
1153 3656 1267 3704 extremo

304 3742 365 3796 loco
389 3744 544 3811 ponendum
573 3753 624 3813 est,
651 3743 724 3811 quod
742 3743 907 3813 paulopost
925 3741 952 3812 (ξ
972 3743 1019 3810 22)
1038 3741 1266 3797 Gardthausenius

305 3836 482 3890 Gntscbmidii
510 3838 693 3893 coniecturam
722 3842 831 3891 secutus
855 3836 933 3891 lesu
951 3851 1052 3890 nomen
1071 3836 1146 3890 inter
1163 3837 1265 3890 Graeeos

302 3929 481 3998 philosophos
499 3929 672 3999 interposuit,
696 3928 811 3998 expulso
830 3928 956 3983 Platonis
978 3929 1101 3996 nomine,
1126 3928 1197 3998 quod
1214 3942 1265 3980 rec·

302 4020 407 4075 tissime
427 4022 555 4078 Valesius
574 4022 705 4078 effecerat
723 4037 757 4075 ex
779 4021 926 4090 negatione
942 4023 1034 4088 (non)
1056 4030 1144 4076 totam
1168 4029 1269 4077 senten-

216 4139 219 4147 ·
301 4112 366 4166 tiam
384 4113 542 4182 perimente.
