2678 5018
267 287 308 351 m
622 285 884 359 mmmm

226 488 303 563 vult,
335 488 370 552 ut
390 489 422 553 ct
442 504 492 552 res
523 486 591 569 ipsa
612 487 643 552 et
674 485 805 570 proximi
837 505 942 552 versus
969 486 1136 555 declarant.
1179 488 1289 574 Scrip-

228 595 311 660 serat
331 592 524 675 Propertius:

378 697 566 764 Commissas
587 697 670 763 acies
691 718 748 784 ego
769 717 893 783 pessum
914 698 1031 764 solvere
1052 710 1165 784 nuptm

416 824 468 871 vos
489 803 626 869 medium
648 807 706 871 cet.

329 909 432 976 ennii
455 928 548 993 opera
566 910 684 992 primus
704 911 838 977 severius
860 930 877 975 e
899 908 1052 977 codicibus
1074 913 1114 978 ad
1133 912 1284 992 ¹veriorem

233 1016 452 1100 certioremque
474 1016 602 1081 formam
627 1035 769 1082 revocare
789 1016 1003 1083 instituitNic.
1018 1017 1172 1093 Heinsius,
1194 1017 1285 1084 homo

228 1123 259 1186 et
279 1122 311 1186 in
337 1120 492 1187 codicibus
514 1122 734 1206 investigandis
756 1122 1005 1206 conterendisque
1027 1124 1168 1189 acerrimi
1189 1123 1284 1191 studii

229 1229 261 1292 et
283 1227 458 1311 ingeniosus
495 1230 526 1294 et
546 1229 645 1293 multa
663 1228 822 1309 poetarum
844 1228 1023 1295 Latinorum
1044 1230 1174 1295 lectione
1195 1250 1286 1297 erer-

228 1333 353 1403 citatus.
405 1333 682 1401 Grammaticorum
720 1335 858 1401 vetorum
893 1336 1072 1402 testimonia
1106 1336 1142 1401 de
1180 1335 1283 1402 Ovidii

231 1441 381 1524 scriptura
401 1460 462 1506 non
483 1439 572 1505 valde
594 1440 693 1506 multa
714 1443 845 1518 exstant,
883 1441 962 1525 quod
984 1444 1015 1506 et
1036 1443 1137 1508 miuus
1161 1443 1283 1509 honoris

228 1547 478 1629 auctoritatisque
499 1546 606 1611 habuit
627 1565 719 1630 quam
739 1547 895 1625 Horatius,
917 1566 955 1612 ne
979 1548 1149 1632 Vergilium
1171 1549 1286 1625 dicam,

227 1653 382 1735 multoque
413 1652 515 1718 minus
547 1653 696 1718 tractatus
731 1653 763 1717 in
799 1654 908 1719 scholis
942 1655 999 1729 est,
1032 1654 1146 1719 scholia
1181 1654 1309 1735 nullnp

227 1757 407 1842 videturque
437 1757 560 1824 omnino
593 1758 625 1822 in
647 1758 712 1824 eius
732 1759 855 1841 scriptis
880 1759 919 1824 ad
941 1759 1152 1843 posteritatem
1173 1779 1286 1843 propa-

227 1864 337 1949 gandis
359 1864 528 1948 antiquitus
543 1864 697 1947 aliquanto
711 1866 781 1947 plns
795 1865 879 1930 casui
893 1866 953 1931 loci
967 1865 1072 1930 luisse.
1105 1865 1165 1930 Sed
1186 1865 1288 1931 Hein-

228 1969 293 2036 sius
326 1990 422 2055 neque
444 1971 510 2052 ipsc
543 1971 687 2035 accurata
718 1972 792 2036 artis
827 1989 934 2036 norma
960 1971 1077 2036 codices
1100 1970 1294 2039 discreverat

227 2077 422 2160 scripturaeve
443 2077 595 2142 delectum
610 2077 848 2160 coniecturaeque
870 2097 961 2144 usum
983 2079 1111 2154 rexerat,
1135 2079 1168 2142 et
1190 2077 1286 2159 copia

228 2184 291 2249 eius
314 2184 502 2268 negligenter
523 2201 542 2247 a
561 2182 735 2247 Burmanuo
757 2183 846 2248 editae
868 2187 949 2249 sunt.
991 2185 1098 2268 Itaque
1120 2183 1196 2249 boue
1218 2203 1287 2250 me·

229 2290 292 2354 ruit
321 2289 357 2354 R.
388 2288 565 2364 Mortaline,
600 2288 690 2371 quod,
723 2307 792 2353 curu
827 2291 900 2370 post
927 2290 1135 2355 Burmannum
1164 2290 1196 2354 iu
1232 2291 1294 2356 hoc

230 2395 335 2461 critico
368 2415 477 2480 genere
509 2396 585 2461 nihil
616 2396 687 2468 lere,
723 2394 802 2477 quod
836 2394 1095 2478 operaepretium
1123 2398 1214 2473 esset
1253 2398 1288 2462 in

122 2514 123 2517 ’
230 2500 339 2567 Ouidio
372 2501 514 2567 effectum
532 2578 534 2584 ,
549 2503 649 2578 esset,
685 2499 779 2565 Keilii
811 2500 1000 2584 aliorumque
1039 2519 1128 2585 opera
1163 2503 1289 2570 adiutus

231 2608 351 2675 codices
373 2608 490 2673 recenti
512 2609 686 2690 temporum
707 2606 820 2672 litteris
842 2606 1068 2673 renascentibus
1080 2608 1286 2689 proximorum

232 2713 466 2797 interpolatione
499 2712 663 2795 multiplici
696 2716 727 2777 et
759 2712 847 2777 valde
883 2713 980 2777 libera
1014 2713 1198 2796 antiquiores
1232 2719 1289 2782 aut

229 2820 344 2887 iterum
365 2822 419 2885 aut
439 2819 557 2904 primus
579 2818 617 2883 ad
637 2837 728 2883 usum
748 2818 867 2884 vocavit
888 2820 918 2883 et
939 2819 971 2882 in
992 2818 1031 2884 iis
1052 2820 1287 2888 fundamentum

231 2927 388 2994 Ouidianae
422 2927 580 3011 scripturn
611 2925 783 3002 constituit3
823 2925 877 2990 sed
909 2944 1006 3009 neque
1038 2926 1126 3008 plene
1147 2927 1287 2992 codicum

230 3034 396 3117 scripturas
418 3033 505 3099 edere
520 3033 621 3116 potuit
641 3051 746 3116 neque,
769 3049 844 3115 quas
867 3030 970 3106 edidit,
994 3031 1150 3096 commode
1171 3035 1203 3097 et
1216 3052 1289 3115 per·

230 3141 334 3223 spicue
366 3158 487 3223 semper
508 3139 659 3223 exposuit,
694 3140 726 3204 in
758 3141 844 3204 textu
873 3137 1058 3203 recensendo
1083 3137 1149 3220 ipse
1180 3137 1286 3203 iudicii

229 3246 420 3313 contentionis
442 3249 473 3310 et
495 3246 534 3311 ad
555 3244 719 3311 artificiosa
740 3248 771 3309 et
791 3246 919 3311 obscura
939 3242 1136 3322 inclinantis,
1159 3262 1219 3308 nou
1240 3243 1289 3309 ita

230 3371 298 3418 raro
331 3351 572 3418 certissimarum
607 3348 852 3415 emendationum
880 3351 920 3416 ab
950 3349 1018 3415 aliis
1040 3349 1189 3414 factarum
1212 3368 1285 3415 con-

227 3460 377 3542 temptor,
411 3476 558 3523 novarum
579 3456 719 3534 inventor
739 3457 996 3522 subabsurdarum
1018 3456 1050 3520 et
1072 3475 1165 3539 prope
1186 3457 1286 3521 incre-

229 3566 379 3632 dibilium.
435 3562 514 3628 Sunt
535 3565 637 3627 autem
660 3562 707 3627 illi
729 3563 847 3630 codices
871 3563 993 3628 omnino
1013 3561 1104 3646 pauci
1124 3580 1181 3626 ncc
1203 3562 1287 3627 eius-

229 3673 299 3744 dem
334 3673 366 3736 in
402 3668 541 3739 omnibus
578 3668 719 3752 operibus
754 3670 944 3753 antiquitatis
976 3668 1194 3764 bonitqtisque,
1224 3668 1285 3734 alii

227 3778 404 3844 Horatianis
428 3775 493 3853 (scd
515 3775 605 3841 huius
626 3775 746 3860 generis
775 3776 925 3859 pluribus)
948 3779 1038 3841 aetnte
1059 3775 1109 3840 rix
1130 3773 1285 3853 cedentes,

227 3884 280 3950 alii
323 3884 501 3957 interiores,
536 3901 614 3947 uuus
658 3881 690 3945 et
719 3882 797 3946 alter
831 3881 965 3947 nondum
1012 3883 1095 3946 totns
1142 3879 1282 3945 collatus.

227 3991 292 4076 Ego
311 4009 378 4074 quae
398 3991 430 4055 in
452 3987 554 4054 Ovidii
575 3986 697 4070 scriptis
723 3986 848 4052 videbar
883 3987 960 4052 milri
987 3986 1115 4053 meliora
1144 3985 1284 4068 superio·

228 4096 312 4174 nibus
344 4093 524 4179 repperisse,
560 4112 630 4158 cum
661 4093 723 4159 alia
754 4094 888 4178 legerem
915 4093 1026 4176 saepins
1050 4094 1082 4157 et
1102 4091 1284 4175 diligentins
