<?xml version="1.0" encoding="UTF-8"?>
<!DOCTYPE html PUBLIC "-//W3C//DTD XHTML 1.0 Transitional//EN"
    "http://www.w3.org/TR/xhtml1/DTD/xhtml1-transitional.dtd">
<html xmlns="http://www.w3.org/1999/xhtml" xml:lang="en" lang="en">
 <head>
  <title>
</title>
<meta http-equiv="Content-Type" content="text/html;charset=utf-8" />
  <meta name='ocr-system' content='tesseract 3.04.00' />
  <meta name='ocr-capabilities' content='ocr_page ocr_carea ocr_par ocr_line ocrx_word'/>
</head>
<body>
  <div class='ocr_page' id='page_1' title='image "./ioniemadvigiiad00madvgoog_0323.png"; bbox 0 0 2626 5070; ppageno 0'>
   <div class='ocr_carea' id='block_1_1' title="bbox 219 207 858 306">
    <p class='ocr_par' dir='ltr' id='par_1_1' title="bbox 219 207 858 306">
     <span class='ocr_line' id='line_1_1' title="bbox 219 207 858 306; baseline -0.02 -33"><span class='ocrx_word' id='word_1_1' title='bbox 219 210 281 273; x_wconf 79' lang='lat'>312</span> <span class='ocrx_word' id='word_1_2' title='bbox 578 208 725 265; x_wconf 76' lang='lat' dir='ltr'>uiuum.</span> <span class='ocrx_word' id='word_1_3' title='bbox 743 207 858 306; x_wconf 50' lang='lat' dir='ltr'>esp-,u⁸</span> 
     </span>
    </p>
   </div>
   <div class='ocr_carea' id='block_1_2' title="bbox 177 405 1247 1129">
    <p class='ocr_par' dir='ltr' id='par_1_2' title="bbox 177 405 1247 1129">
     <span class='ocr_line' id='line_1_2' title="bbox 177 405 1242 495; baseline -0.003 -18"><span class='ocrx_word' id='word_1_4' title='bbox 177 411 277 477; x_wconf 91' lang='lat' dir='ltr'>editor</span> <span class='ocrx_word' id='word_1_5' title='bbox 302 408 485 495; x_wconf 84' lang='lat' dir='ltr'>Bipontiuus</span> <span class='ocrx_word' id='word_1_6' title='bbox 517 408 698 491; x_wconf 85' lang='lat' dir='ltr'>secutusque</span> <span class='ocrx_word' id='word_1_7' title='bbox 730 405 868 472; x_wconf 82' lang='lat' dir='ltr'>Kritzius</span> <span class='ocrx_word' id='word_1_8' title='bbox 904 408 1000 484; x_wconf 86' lang='lat' dir='ltr'>est.¹)</span> <span class='ocrx_word' id='word_1_9' title='bbox 1027 408 1114 476; x_wconf 58' lang='lat' dir='ltr'>&gt;Sed</span> <span class='ocrx_word' id='word_1_10' title='bbox 1150 429 1242 494; x_wconf 85' lang='lat' dir='ltr'>neque</span> 
     </span>
     <span class='ocr_line' id='line_1_3' title="bbox 179 511 1243 599; baseline -0.001 -18"><span class='ocrx_word' id='word_1_11' title='bbox 179 517 210 581; x_wconf 93' lang='lat' dir='ltr'>in</span> <span class='ocrx_word' id='word_1_12' title='bbox 246 517 284 581; x_wconf 92' lang='lat' dir='ltr'>id</span> <span class='ocrx_word' id='word_1_13' title='bbox 316 518 438 599; x_wconf 91' lang='lat' dir='ltr'>ipsum</span> <span class='ocrx_word' id='word_1_14' title='bbox 478 512 653 578; x_wconf 90' lang='lat' dir='ltr'>incendium</span> <span class='ocrx_word' id='word_1_15' title='bbox 692 513 855 592; x_wconf 85' lang='lat' dir='ltr'>(exercitus</span> <span class='ocrx_word' id='word_1_16' title='bbox 894 511 1090 595; x_wconf 79' lang='lat' dir='ltr'>Germanici)</span> <span class='ocrx_word' id='word_1_17' title='bbox 1128 515 1243 580; x_wconf 86' lang='lat' dir='ltr'>Drusus</span> 
     </span>
     <span class='ocr_line' id='line_1_4' title="bbox 180 615 1245 704; baseline -0.001 -17"><span class='ocrx_word' id='word_1_18' title='bbox 180 622 292 687; x_wconf 89' lang='lat' dir='ltr'>missus</span> <span class='ocrx_word' id='word_1_19' title='bbox 314 623 389 698; x_wconf 85' lang='lat' dir='ltr'>erat,</span> <span class='ocrx_word' id='word_1_20' title='bbox 421 619 477 686; x_wconf 89' lang='lat' dir='ltr'>sed</span> <span class='ocrx_word' id='word_1_21' title='bbox 505 619 537 683; x_wconf 91' lang='lat' dir='ltr'>in</span> <span class='ocrx_word' id='word_1_22' title='bbox 560 615 764 694; x_wconf 80' lang='lat' dir='ltr'>Pannoniam,</span> <span class='ocrx_word' id='word_1_23' title='bbox 800 617 994 701; x_wconf 86' lang='lat' dir='ltr'>nequeieni</span> <span class='ocrx_word' id='word_1_24' title='bbox 1015 620 1173 704; x_wconf 87' lang='lat' dir='ltr'>quidem</span> <span class='ocrx_word' id='word_1_25' title='bbox 1193 640 1245 704; x_wconf 92' lang='lat' dir='ltr'>po·</span> 
     </span>
     <span class='ocr_line' id='line_1_5' title="bbox 179 723 1244 800; baseline 0.001 -10"><span class='ocrx_word' id='word_1_26' title='bbox 179 728 256 800; x_wconf 88' lang='lat' dir='ltr'>test;</span> <span class='ocrx_word' id='word_1_27' title='bbox 302 726 411 791; x_wconf 89' lang='lat' dir='ltr'>deindo</span> <span class='ocrx_word' id='word_1_28' title='bbox 447 727 478 790; x_wconf 92' lang='lat' dir='ltr'>in</span> <span class='ocrx_word' id='word_1_29' title='bbox 511 726 647 791; x_wconf 92' lang='lat' dir='ltr'>timere</span> <span class='ocrx_word' id='word_1_30' title='bbox 683 723 882 790; x_wconf 83' lang='lat' dir='ltr'>manifestum</span> <span class='ocrx_word' id='word_1_31' title='bbox 923 727 1048 790; x_wconf 88' lang='lat' dir='ltr'>tenetur</span> <span class='ocrx_word' id='word_1_32' title='bbox 1090 725 1244 791; x_wconf 89' lang='lat' dir='ltr'>mendum.</span> 
     </span>
     <span class='ocr_line' id='line_1_6' title="bbox 181 830 1247 916; baseline 0.002 -20"><span class='ocrx_word' id='word_1_33' title='bbox 181 833 326 908; x_wconf 79' lang='lat' dir='ltr'>Velleius,</span> <span class='ocrx_word' id='word_1_34' title='bbox 361 836 396 899; x_wconf 86' lang='lat' dir='ltr'>ut</span> <span class='ocrx_word' id='word_1_35' title='bbox 427 834 459 898; x_wconf 90' lang='lat' dir='ltr'>et</span> <span class='ocrx_word' id='word_1_36' title='bbox 494 830 714 896; x_wconf 84' lang='lat' dir='ltr'>Germanicum</span> <span class='ocrx_word' id='word_1_37' title='bbox 753 831 786 894; x_wconf 89' lang='lat' dir='ltr'>et</span> <span class='ocrx_word' id='word_1_38' title='bbox 807 830 944 896; x_wconf 87' lang='lat' dir='ltr'>Drusum</span> <span class='ocrx_word' id='word_1_39' title='bbox 975 832 1103 897; x_wconf 87' lang='lat' dir='ltr'>laudare</span> <span class='ocrx_word' id='word_1_40' title='bbox 1138 833 1247 916; x_wconf 85' lang='lat' dir='ltr'>possit,</span> 
     </span>
     <span class='ocr_line' id='line_1_7' title="bbox 180 935 1244 1022; baseline 0.002 -20"><span class='ocrx_word' id='word_1_41' title='bbox 180 939 260 1003; x_wconf 92' lang='lat' dir='ltr'>huuc</span> <span class='ocrx_word' id='word_1_42' title='bbox 298 939 421 1022; x_wconf 88' lang='lat' dir='ltr'>quidem</span> <span class='ocrx_word' id='word_1_43' title='bbox 454 938 553 1002; x_wconf 90' lang='lat' dir='ltr'>multo</span> <span class='ocrx_word' id='word_1_44' title='bbox 591 936 769 1020; x_wconf 80' lang='lat' dir='ltr'>benignius,</span> <span class='ocrx_word' id='word_1_45' title='bbox 806 935 925 1020; x_wconf 88' lang='lat' dir='ltr'>aliquid</span> <span class='ocrx_word' id='word_1_46' title='bbox 966 937 1048 1002; x_wconf 85' lang='lat' dir='ltr'>inter</span> <span class='ocrx_word' id='word_1_47' title='bbox 1082 939 1244 1005; x_wconf 71' lang='lat' dir='ltr'>seditiones</span> 
     </span>
     <span class='ocr_line' id='line_1_8' title="bbox 181 1040 1245 1129; baseline 0.003 -23"><span class='ocrx_word' id='word_1_48' title='bbox 181 1045 357 1111; x_wconf 72' lang='lat' dir='ltr'>interfuisse</span> <span class='ocrx_word' id='word_1_49' title='bbox 378 1045 552 1129; x_wconf 81' lang='lat' dir='ltr'>siguificare</span> <span class='ocrx_word' id='word_1_50' title='bbox 575 1042 676 1107; x_wconf 87' lang='lat' dir='ltr'>debet.</span> <span class='ocrx_word' id='word_1_51' title='bbox 737 1040 939 1109; x_wconf 85' lang='lat' dir='ltr'>Scribendum</span> <span class='ocrx_word' id='word_1_52' title='bbox 960 1042 1099 1110; x_wconf 82' lang='lat' dir='ltr'>videtur:</span> <span class='ocrx_word' id='word_1_53' title='bbox 1146 1046 1245 1110; x_wconf 89' lang='lat' dir='ltr'>Dru·</span> 
     </span>
    </p>
   </div>
   <div class='ocr_carea' id='block_1_3' title="bbox 75 1146 1245 1235">
    <p class='ocr_par' dir='ltr' id='par_1_3' title="bbox 75 1146 1245 1235">
     <span class='ocr_line' id='line_1_9' title="bbox 75 1146 1245 1235; baseline -0.002 -21"><span class='ocrx_word' id='word_1_54' title='bbox 75 1146 76 1150; x_wconf 66' lang='grc'>’</span> <span class='ocrx_word' id='word_1_55' title='bbox 180 1168 258 1228; x_wconf 85' lang='lat' dir='ltr'>sus,</span> <span class='ocrx_word' id='word_1_56' title='bbox 294 1151 357 1234; x_wconf 85' lang='lat' dir='ltr'>qui</span> <span class='ocrx_word' id='word_1_57' title='bbox 390 1171 409 1216; x_wconf 90' lang='lat' dir='ltr'>a</span> <span class='ocrx_word' id='word_1_58' title='bbox 441 1153 550 1234; x_wconf 89' lang='lat' dir='ltr'>patre</span> <span class='ocrx_word' id='word_1_59' title='bbox 582 1148 619 1214; x_wconf 95' lang='lat' dir='ltr'>in</span> <span class='ocrx_word' id='word_1_60' title='bbox 653 1149 846 1211; x_wconf 83' lang='lat' dir='ltr'>diversum</span> <span class='ocrx_word' id='word_1_61' title='bbox 872 1147 1119 1235; x_wconf 82' lang='lat' dir='ltr'>plurimoque</span> <span class='ocrx_word' id='word_1_62' title='bbox 1152 1152 1245 1213; x_wconf 79' lang='lat' dir='ltr'>idem</span> 
     </span>
    </p>
   </div>
   <div class='ocr_carea' id='block_1_4' title="bbox 180 1253 1248 2929">
    <p class='ocr_par' dir='ltr' id='par_1_4' title="bbox 180 1253 1246 1550">
     <span class='ocr_line' id='line_1_10' title="bbox 180 1253 1245 1339; baseline 0.003 -21"><span class='ocrx_word' id='word_1_63' title='bbox 180 1255 270 1339; x_wconf 80' lang='lat' dir='ltr'>iguo</span> <span class='ocrx_word' id='word_1_64' title='bbox 293 1259 460 1323; x_wconf 88' lang='lat' dir='ltr'>emicans</span> <span class='ocrx_word' id='word_1_65' title='bbox 494 1255 713 1321; x_wconf 79' lang='lat' dir='ltr'>incendium</span> <span class='ocrx_word' id='word_1_66' title='bbox 746 1253 822 1319; x_wconf 81' lang='lat' dir='ltr'>mil</span> <span class='ocrx_word' id='word_1_67' title='bbox 849 1256 943 1321; x_wconf 84' lang='lat' dir='ltr'>tum.</span> <span class='ocrx_word' id='word_1_68' title='bbox 976 1255 1120 1322; x_wconf 85' lang='lat' dir='ltr'>missus</span> <span class='ocrx_word' id='word_1_69' title='bbox 1150 1258 1245 1323; x_wconf 74' lang='lat' dir='ltr'>erat»</span> 
     </span>
     <span class='ocr_line' id='line_1_11' title="bbox 264 1360 1246 1447; baseline 0.003 -20.782"><span class='ocrx_word' id='word_1_70' title='bbox 264 1363 456 1446; x_wconf 77' lang='lat' dir='ltr'>ancipitia</span> <span class='ocrx_word' id='word_1_71' title='bbox 477 1361 552 1427; x_wconf 87' lang='lat' dir='ltr'>sibi</span> <span class='ocrx_word' id='word_1_72' title='bbox 576 1360 746 1446; x_wconf 81' lang='lat' dir='ltr'>[maluit]</span> <span class='ocrx_word' id='word_1_73' title='bbox 784 1369 908 1422; x_wconf 79' lang='lat' dir='ltr'>tenere</span> <span class='ocrx_word' id='word_1_74' title='bbox 933 1380 1048 1444; x_wconf 82' lang='lat' dir='ltr'>quam</span> <span class='ocrx_word' id='word_1_75' title='bbox 1071 1364 1246 1447; x_wconf 82' lang='lat' dir='ltr'>exemplo</span> 
     </span>
     <span class='ocr_line' id='line_1_12' title="bbox 180 1465 1245 1550; baseline 0.005 -19"><span class='ocrx_word' id='word_1_76' title='bbox 180 1469 401 1550; x_wconf 90' lang='lat' dir='ltr'>perniciosa</span> <span class='ocrx_word' id='word_1_77' title='bbox 423 1472 481 1534; x_wconf 86' lang='lat' dir='ltr'>cet.</span> <span class='ocrx_word' id='word_1_78' title='bbox 530 1468 791 1550; x_wconf 83' lang='lat' dir='ltr'>(Plurimoque</span> <span class='ocrx_word' id='word_1_79' title='bbox 819 1465 920 1532; x_wconf 90' lang='lat' dir='ltr'>idem</span> <span class='ocrx_word' id='word_1_80' title='bbox 941 1467 1070 1535; x_wconf 84' lang='lat' dir='ltr'>Heinsio</span> <span class='ocrx_word' id='word_1_81' title='bbox 1092 1469 1245 1545; x_wconf 86' lang='lat' dir='ltr'>debetur.)</span> 
     </span>
    </p>

    <p class='ocr_par' dir='ltr' id='par_1_5' title="bbox 180 1572 1248 2929">
     <span class='ocr_line' id='line_1_13' title="bbox 282 1572 1246 1659; baseline 0.004 -22"><span class='ocrx_word' id='word_1_82' title='bbox 282 1574 395 1640; x_wconf 79' lang='lat' dir='ltr'>Eodem</span> <span class='ocrx_word' id='word_1_83' title='bbox 419 1574 529 1659; x_wconf 75' lang='lat' dir='ltr'>cup.§</span> <span class='ocrx_word' id='word_1_84' title='bbox 558 1575 593 1639; x_wconf 85' lang='lat'>5:</span> <span class='ocrx_word' id='word_1_85' title='bbox 638 1576 686 1639; x_wconf 82' lang='lat' dir='ltr'>At</span> <span class='ocrx_word' id='word_1_86' title='bbox 707 1572 923 1656; x_wconf 86' lang='lat' dir='ltr'>Hispanias</span> <span class='ocrx_word' id='word_1_87' title='bbox 951 1576 1246 1659; x_wconf 82' lang='lat' dir='ltr'>exercitumque</span> 
     </span>
     <span class='ocr_line' id='line_1_14' title="bbox 181 1672 1245 1763; baseline 0.005 -22"><span class='ocrx_word' id='word_1_88' title='bbox 181 1678 399 1746; x_wconf 85' lang='lat' dir='ltr'>virtutibus</span> <span class='ocrx_word' id='word_1_89' title='bbox 437 1681 766 1763; x_wconf 87' lang='lat' dir='ltr'>celeberrimaque</span> <span class='ocrx_word' id='word_1_90' title='bbox 804 1679 841 1742; x_wconf 92' lang='lat' dir='ltr'>iu</span> <span class='ocrx_word' id='word_1_91' title='bbox 883 1679 1045 1762; x_wconf 75' lang='lat' dir='ltr'>illyrico</span> <span class='ocrx_word' id='word_1_92' title='bbox 1083 1672 1245 1759; x_wconf 91' lang='lat' dir='ltr'>militia,</span> 
     </span>
     <span class='ocr_line' id='line_1_15' title="bbox 180 1784 1247 1884; baseline 0.006 -37"><span class='ocrx_word' id='word_1_93' title='bbox 180 1785 443 1865; x_wconf 78' lang='lat' dir='ltr'>praediximus,</span> <span class='ocrx_word' id='word_1_94' title='bbox 480 1806 561 1852; x_wconf 92' lang='lat' dir='ltr'>oum</span> <span class='ocrx_word' id='word_1_95' title='bbox 590 1786 755 1868; x_wconf 90' lang='lat' dir='ltr'>imperio</span> <span class='ocrx_word' id='word_1_96' title='bbox 778 1784 996 1863; x_wconf 82' lang='lat' dir='ltr'>obtineret,</span> <span class='ocrx_word' id='word_1_97' title='bbox 1027 1787 1064 1850; x_wconf 92' lang='lat' dir='ltr'>iu</span> <span class='ocrx_word' id='word_1_98' title='bbox 1095 1805 1247 1884; x_wconf 80' lang='lat' dir='ltr'>summa</span> 
     </span>
     <span class='ocr_line' id='line_1_16' title="bbox 181 1888 1247 1973; baseline 0.004 -21"><span class='ocrx_word' id='word_1_99' title='bbox 181 1908 272 1972; x_wconf 88' lang='lat' dir='ltr'>pace</span> <span class='ocrx_word' id='word_1_100' title='bbox 297 1894 336 1953; x_wconf 91' lang='lat' dir='ltr'>et</span> <span class='ocrx_word' id='word_1_101' title='bbox 359 1892 487 1973; x_wconf 85' lang='lat' dir='ltr'>quiete</span> <span class='ocrx_word' id='word_1_102' title='bbox 521 1892 728 1958; x_wconf 88' lang='lat' dir='ltr'>continuit.</span> <span class='ocrx_word' id='word_1_103' title='bbox 783 1888 869 1954; x_wconf 88' lang='lat' dir='ltr'>Nihil</span> <span class='ocrx_word' id='word_1_104' title='bbox 890 1891 1005 1955; x_wconf 89' lang='lat' dir='ltr'>certius</span> <span class='ocrx_word' id='word_1_105' title='bbox 1037 1893 1087 1957; x_wconf 88' lang='lat' dir='ltr'>est</span> <span class='ocrx_word' id='word_1_106' title='bbox 1119 1912 1156 1958; x_wconf 82' lang='lat' dir='ltr'>er</span> <span class='ocrx_word' id='word_1_107' title='bbox 1183 1896 1247 1959; x_wconf 81' lang='lat' dir='ltr'>tolo</span> 
     </span>
     <span class='ocr_line' id='line_1_17' title="bbox 183 1995 1246 2083; baseline 0.005 -23"><span class='ocrx_word' id='word_1_108' title='bbox 183 1996 327 2060; x_wconf 83' lang='lat' dir='ltr'>orationis</span> <span class='ocrx_word' id='word_1_109' title='bbox 362 2016 526 2081; x_wconf 85' lang='lat' dir='ltr'>progressu</span> <span class='ocrx_word' id='word_1_110' title='bbox 546 2000 579 2062; x_wconf 88' lang='lat' dir='ltr'>et</span> <span class='ocrx_word' id='word_1_111' title='bbox 599 2016 701 2062; x_wconf 88' lang='lat' dir='ltr'>rerum</span> <span class='ocrx_word' id='word_1_112' title='bbox 724 1995 812 2073; x_wconf 83' lang='lat' dir='ltr'>serie,</span> <span class='ocrx_word' id='word_1_113' title='bbox 835 2015 928 2078; x_wconf 92' lang='lat' dir='ltr'>quam</span> <span class='ocrx_word' id='word_1_114' title='bbox 949 1998 1000 2062; x_wconf 87' lang='lat' dir='ltr'>hic</span> <span class='ocrx_word' id='word_1_115' title='bbox 1020 1999 1051 2063; x_wconf 91' lang='lat' dir='ltr'>iu</span> <span class='ocrx_word' id='word_1_116' title='bbox 1074 2019 1156 2066; x_wconf 88' lang='lat' dir='ltr'>nova</span> <span class='ocrx_word' id='word_1_117' title='bbox 1178 2019 1246 2083; x_wconf 90' lang='lat' dir='ltr'>pro·</span> 
     </span>
     <span class='ocr_line' id='line_1_18' title="bbox 181 2100 1247 2186; baseline 0.006 -22"><span class='ocrx_word' id='word_1_118' title='bbox 181 2100 283 2166; x_wconf 87' lang='lat' dir='ltr'>vincia</span> <span class='ocrx_word' id='word_1_119' title='bbox 304 2105 428 2168; x_wconf 90' lang='lat' dir='ltr'>transiri</span> <span class='ocrx_word' id='word_1_120' title='bbox 463 2104 501 2169; x_wconf 87' lang='lat' dir='ltr'>ad</span> <span class='ocrx_word' id='word_1_121' title='bbox 531 2103 626 2168; x_wconf 89' lang='lat' dir='ltr'>aliurn</span> <span class='ocrx_word' id='word_1_122' title='bbox 648 2102 804 2168; x_wconf 90' lang='lat' dir='ltr'>hominem</span> <span class='ocrx_word' id='word_1_123' title='bbox 836 2109 867 2179; x_wconf 91' lang='lat' dir='ltr'>(a</span> <span class='ocrx_word' id='word_1_124' title='bbox 891 2122 950 2186; x_wconf 80' lang='lat' dir='ltr'>ouo</span> <span class='ocrx_word' id='word_1_125' title='bbox 976 2105 1125 2186; x_wconf 80' lang='lat' dir='ltr'>proximis</span> <span class='ocrx_word' id='word_1_126' title='bbox 1147 2106 1247 2172; x_wconf 86' lang='lat' dir='ltr'>verbis</span> 
     </span>
     <span class='ocr_line' id='line_1_19' title="bbox 183 2208 1247 2296; baseline 0.003 -23"><span class='ocrx_word' id='word_1_127' title='bbox 183 2208 222 2273; x_wconf 88' lang='lat' dir='ltr'>ad</span> <span class='ocrx_word' id='word_1_128' title='bbox 244 2209 434 2274; x_wconf 83' lang='lat' dir='ltr'>Dolabellam</span> <span class='ocrx_word' id='word_1_129' title='bbox 459 2209 631 2288; x_wconf 87' lang='lat' dir='ltr'>transitur);</span> <span class='ocrx_word' id='word_1_130' title='bbox 664 2209 769 2293; x_wconf 84' lang='lat' dir='ltr'>itaque</span> <span class='ocrx_word' id='word_1_131' title='bbox 796 2209 942 2273; x_wconf 83' lang='lat' dir='ltr'>hacteuus</span> <span class='ocrx_word' id='word_1_132' title='bbox 964 2211 1103 2278; x_wconf 85' lang='lat' dir='ltr'>veritatis</span> <span class='ocrx_word' id='word_1_133' title='bbox 1126 2215 1247 2296; x_wconf 85' lang='lat' dir='ltr'>partem</span> 
     </span>
     <span class='ocr_line' id='line_1_20' title="bbox 182 2314 1247 2399; baseline 0.002 -20"><span class='ocrx_word' id='word_1_134' title='bbox 182 2315 315 2380; x_wconf 77' lang='lat' dir='ltr'>Hessius</span> <span class='ocrx_word' id='word_1_135' title='bbox 342 2316 462 2399; x_wconf 67' lang='lat' dir='ltr'>artigia</span> <span class='ocrx_word' id='word_1_136' title='bbox 496 2316 550 2381; x_wconf 90' lang='lat' dir='ltr'>sed</span> <span class='ocrx_word' id='word_1_137' title='bbox 583 2316 789 2399; x_wconf 86' lang='lat' dir='ltr'>aporspicuis</span> <span class='ocrx_word' id='word_1_138' title='bbox 818 2314 912 2380; x_wconf 88' lang='lat' dir='ltr'>totius</span> <span class='ocrx_word' id='word_1_139' title='bbox 940 2314 1001 2378; x_wconf 92' lang='lat' dir='ltr'>loci</span> <span class='ocrx_word' id='word_1_140' title='bbox 1033 2315 1142 2383; x_wconf 83' lang='lat' dir='ltr'>iormae</span> <span class='ocrx_word' id='word_1_141' title='bbox 1168 2318 1247 2383; x_wconf 91' lang='lat' dir='ltr'>indi·</span> 
     </span>
     <span class='ocr_line' id='line_1_21' title="bbox 183 2418 1246 2502; baseline 0.004 -18"><span class='ocrx_word' id='word_1_142' title='bbox 183 2418 238 2484; x_wconf 91' lang='lat' dir='ltr'>ciis</span> <span class='ocrx_word' id='word_1_143' title='bbox 261 2421 423 2498; x_wconf 86' lang='lat' dir='ltr'>aberravit.</span> <span class='ocrx_word' id='word_1_144' title='bbox 475 2421 526 2487; x_wconf 88' lang='lat' dir='ltr'>Sic</span> <span class='ocrx_word' id='word_1_145' title='bbox 559 2422 642 2486; x_wconf 87' lang='lat' dir='ltr'>enim</span> <span class='ocrx_word' id='word_1_146' title='bbox 663 2421 799 2487; x_wconf 86' lang='lat' dir='ltr'>Velleius</span> <span class='ocrx_word' id='word_1_147' title='bbox 827 2420 950 2502; x_wconf 87' lang='lat' dir='ltr'>scripsit</span> <span class='ocrx_word' id='word_1_148' title='bbox 970 2421 1114 2488; x_wconf 83' lang='lat' dir='ltr'>universa</span> <span class='ocrx_word' id='word_1_149' title='bbox 1136 2423 1246 2498; x_wconf 84' lang='lat' dir='ltr'>forma,</span> 
     </span>
     <span class='ocr_line' id='line_1_22' title="bbox 182 2526 1247 2613; baseline 0.002 -22"><span class='ocrx_word' id='word_1_150' title='bbox 182 2526 210 2591; x_wconf 90' lang='lat' dir='ltr'>si</span> <span class='ocrx_word' id='word_1_151' title='bbox 232 2546 288 2590; x_wconf 90' lang='lat' dir='ltr'>nou</span> <span class='ocrx_word' id='word_1_152' title='bbox 312 2527 359 2592; x_wconf 91' lang='lat' dir='ltr'>bis</span> <span class='ocrx_word' id='word_1_153' title='bbox 384 2528 460 2612; x_wconf 86' lang='lat' dir='ltr'>ipsis</span> <span class='ocrx_word' id='word_1_154' title='bbox 483 2528 597 2592; x_wconf 89' lang='lat' dir='ltr'>verbis:</span> <span class='ocrx_word' id='word_1_155' title='bbox 641 2529 689 2591; x_wconf 84' lang='lat' dir='ltr'>At</span> <span class='ocrx_word' id='word_1_156' title='bbox 711 2527 924 2609; x_wconf 83' lang='lat' dir='ltr'>Hispanias</span> <span class='ocrx_word' id='word_1_157' title='bbox 953 2528 1247 2613; x_wconf 84' lang='lat' dir='ltr'>exercitumque</span> 
     </span>
     <span class='ocr_line' id='line_1_23' title="bbox 182 2628 1245 2717; baseline 0.008 -25"><span class='ocrx_word' id='word_1_158' title='bbox 182 2632 234 2715; x_wconf 82' lang='lat' dir='ltr'>[in</span> <span class='ocrx_word' id='word_1_159' title='bbox 258 2628 307 2694; x_wconf 79' lang='lat' dir='ltr'>e&#39;r&#39;e</span> <span class='ocrx_word' id='word_1_160' title='bbox 328 2657 408 2696; x_wconf 85' lang='lat' dir='ltr'>curn</span> <span class='ocrx_word' id='word_1_161' title='bbox 430 2634 477 2698; x_wconf 86' lang='lat' dir='ltr'>M.</span> <span class='ocrx_word' id='word_1_162' title='bbox 500 2633 689 2717; x_wconf 75' lang='lat' dir='ltr'>Lepidus,</span> <span class='ocrx_word' id='word_1_163' title='bbox 719 2632 760 2694; x_wconf 83' lang='lat' dir='ltr'>de</span> <span class='ocrx_word' id='word_1_164' title='bbox 788 2632 907 2716; x_wconf 78' lang='lat' dir='ltr'>curius]</span> <span class='ocrx_word' id='word_1_165' title='bbox 941 2633 1156 2699; x_wconf 73' lang='lat' dir='ltr'>virtutibus</span> <span class='ocrx_word' id='word_1_166' title='bbox 1182 2652 1245 2699; x_wconf 81' lang='lat' dir='ltr'>ce·</span> 
     </span>
     <span class='ocr_line' id='line_1_24' title="bbox 181 2737 1247 2824; baseline 0.001 -22"><span class='ocrx_word' id='word_1_167' title='bbox 181 2739 465 2824; x_wconf 83' lang='lat' dir='ltr'>laberrimaquc</span> <span class='ocrx_word' id='word_1_168' title='bbox 509 2741 546 2803; x_wconf 89' lang='lat' dir='ltr'>iu</span> <span class='ocrx_word' id='word_1_169' title='bbox 594 2739 755 2823; x_wconf 80' lang='lat' dir='ltr'>Illyrico</span> <span class='ocrx_word' id='word_1_170' title='bbox 797 2737 946 2802; x_wconf 87' lang='lat' dir='ltr'>militia</span> <span class='ocrx_word' id='word_1_171' title='bbox 986 2738 1247 2821; x_wconf 75' lang='lat' dir='ltr'>prediximus,</span> 
     </span>
     <span class='ocr_line' id='line_1_25' title="bbox 182 2845 1248 2929; baseline 0.002 -21"><span class='ocrx_word' id='word_1_172' title='bbox 182 2862 264 2908; x_wconf 90' lang='lat' dir='ltr'>cum</span> <span class='ocrx_word' id='word_1_173' title='bbox 295 2847 458 2929; x_wconf 92' lang='lat' dir='ltr'>imperio</span> <span class='ocrx_word' id='word_1_174' title='bbox 488 2846 704 2917; x_wconf 87' lang='lat' dir='ltr'>obtineret,</span> <span class='ocrx_word' id='word_1_175' title='bbox 740 2848 798 2910; x_wconf 89' lang='lat' dir='ltr'>oet.</span> <span class='ocrx_word' id='word_1_176' title='bbox 842 2845 970 2909; x_wconf 88' lang='lat' dir='ltr'>Nullam</span> <span class='ocrx_word' id='word_1_177' title='bbox 997 2845 1135 2910; x_wconf 88' lang='lat' dir='ltr'>litteram</span> <span class='ocrx_word' id='word_1_178' title='bbox 1164 2847 1248 2910; x_wconf 80' lang='lat' dir='ltr'>extra</span> 
     </span>
    </p>
   </div>
   <div class='ocr_carea' id='block_1_5' title="bbox 182 2944 1246 3129">
    <p class='ocr_par' dir='ltr' id='par_1_6' title="bbox 182 2944 1246 3129">
     <span class='ocr_line' id='line_1_26' title="bbox 182 2944 1246 3035; baseline -0.006 -20"><span class='ocrx_word' id='word_1_179' title='bbox 182 2952 325 3017; x_wconf 85' lang='lat' dir='ltr'>lacunam</span> <span class='ocrx_word' id='word_1_180' title='bbox 356 2953 484 3019; x_wconf 86' lang='lat' dir='ltr'>mutavi.</span> <span class='ocrx_word' id='word_1_181' title='bbox 532 2954 580 3019; x_wconf 90' lang='lat' dir='ltr'>De</span> <span class='ocrx_word' id='word_1_182' title='bbox 602 2951 710 3035; x_wconf 88' lang='lat' dir='ltr'>Lepidi</span> <span class='ocrx_word' id='word_1_183' title='bbox 737 2944 848 3017; x_wconf 89' lang='lat' dir='ltr'>militia</span> <span class='ocrx_word' id='word_1_184' title='bbox 872 2951 1008 3016; x_wconf 86' lang='lat' dir='ltr'>Velleius</span> <span class='ocrx_word' id='word_1_185' title='bbox 1036 2948 1246 3014; x_wconf 69' lang='lat' dir='ltr'>&lt;biritona</span> 
     </span>
     <span class='ocr_line' id='line_1_27' title="bbox 184 3060 445 3129; baseline 0.019 -5"><span class='ocrx_word' id='word_1_186' title='bbox 184 3062 215 3124; x_wconf 92' lang='lat' dir='ltr'>et</span> <span class='ocrx_word' id='word_1_187' title='bbox 239 3060 309 3123; x_wconf 81' lang='lat'>115.</span> <span class='ocrx_word' id='word_1_188' title='bbox 442 3122 445 3129; x_wconf 28' lang='lat' dir='ltr'><em>f</em></span> 
     </span>
    </p>
   </div>
   <div class='ocr_carea' id='block_1_6' title="bbox 183 3159 1250 3458">
    <p class='ocr_par' dir='ltr' id='par_1_7' title="bbox 183 3159 1250 3458">
     <span class='ocr_line' id='line_1_28' title="bbox 282 3159 1248 3247; baseline -0.004 -17"><span class='ocrx_word' id='word_1_189' title='bbox 282 3166 349 3231; x_wconf 91' lang='lat' dir='ltr'>lbd.</span> <span class='ocrx_word' id='word_1_190' title='bbox 376 3165 445 3243; x_wconf 83' lang='lat'>127,</span> <span class='ocrx_word' id='word_1_191' title='bbox 479 3166 513 3229; x_wconf 83' lang='lat'>2:</span> <span class='ocrx_word' id='word_1_192' title='bbox 556 3165 706 3231; x_wconf 87' lang='lat' dir='ltr'>lltenim</span> <span class='ocrx_word' id='word_1_193' title='bbox 739 3180 873 3245; x_wconf 79' lang='lat' dir='ltr'>magna</span> <span class='ocrx_word' id='word_1_194' title='bbox 903 3159 1062 3247; x_wconf 86' lang='lat' dir='ltr'>negotia</span> <span class='ocrx_word' id='word_1_195' title='bbox 1098 3161 1248 3245; x_wconf 83' lang='lat' dir='ltr'>maguis</span> 
     </span>
     <span class='ocr_line' id='line_1_29' title="bbox 184 3267 1250 3356; baseline -0.007 -19"><span class='ocrx_word' id='word_1_196' title='bbox 184 3272 428 3338; x_wconf 89' lang='lat' dir='ltr'>adiutoribus</span> <span class='ocrx_word' id='word_1_197' title='bbox 451 3273 564 3356; x_wconf 83' lang='lat' dir='ltr'>egent</span> <span class='ocrx_word' id='word_1_198' title='bbox 585 3289 704 3354; x_wconf 92' lang='lat' dir='ltr'>neque</span> <span class='ocrx_word' id='word_1_199' title='bbox 736 3271 773 3334; x_wconf 93' lang='lat' dir='ltr'>in</span> <span class='ocrx_word' id='word_1_200' title='bbox 795 3286 909 3351; x_wconf 86' lang='lat' dir='ltr'>parvo</span> <span class='ocrx_word' id='word_1_201' title='bbox 930 3267 1114 3350; x_wconf 88' lang='lat' dir='ltr'>paucitas</span> <span class='ocrx_word' id='word_1_202' title='bbox 1137 3267 1250 3331; x_wconf 91' lang='lat' dir='ltr'>mini·</span> 
     </span>
     <span class='ocr_line' id='line_1_30' title="bbox 183 3374 1250 3458; baseline -0.007 -14"><span class='ocrx_word' id='word_1_203' title='bbox 183 3379 307 3444; x_wconf 87' lang='lat' dir='ltr'>steria</span> <span class='ocrx_word' id='word_1_204' title='bbox 329 3379 482 3444; x_wconf 85' lang='lat' dir='ltr'>defecit.</span> <span class='ocrx_word' id='word_1_205' title='bbox 536 3378 692 3443; x_wconf 88' lang='lat' dir='ltr'>Posterior</span> <span class='ocrx_word' id='word_1_206' title='bbox 722 3393 793 3458; x_wconf 87' lang='lat' dir='ltr'>pars</span> <span class='ocrx_word' id='word_1_207' title='bbox 825 3374 985 3438; x_wconf 74' lang='lat' dir='ltr'>sententia</span> <span class='ocrx_word' id='word_1_208' title='bbox 1017 3390 1116 3454; x_wconf 86' lang='lat' dir='ltr'>neque</span> <span class='ocrx_word' id='word_1_209' title='bbox 1142 3391 1197 3454; x_wconf 89' lang='lat' dir='ltr'>per</span> <span class='ocrx_word' id='word_1_210' title='bbox 1216 3388 1250 3436; x_wconf 85' lang='lat' dir='ltr'>se</span> 
     </span>
    </p>
   </div>
   <div class='ocr_carea' id='block_1_7' title="bbox 213 3811 1256 4072">
    <p class='ocr_par' dir='ltr' id='par_1_8' title="bbox 213 3811 1256 4072">
     <span class='ocr_line' id='line_1_31' title="bbox 213 3811 1253 3883; baseline -0.005 -12"><span class='ocrx_word' id='word_1_211' title='bbox 213 3817 234 3883; x_wconf 89' lang='lat'>¹)</span> <span class='ocrx_word' id='word_1_212' title='bbox 253 3817 345 3871; x_wconf 79' lang='lat' dir='ltr'>Altera</span> <span class='ocrx_word' id='word_1_213' title='bbox 363 3835 404 3874; x_wconf 83' lang='lat' dir='ltr'>ure</span> <span class='ocrx_word' id='word_1_214' title='bbox 422 3823 480 3874; x_wconf 88' lang='lat' dir='ltr'>turn</span> <span class='ocrx_word' id='word_1_215' title='bbox 499 3815 575 3871; x_wconf 82' lang='lat' dir='ltr'>valde</span> <span class='ocrx_word' id='word_1_216' title='bbox 594 3815 745 3871; x_wconf 86' lang='lat' dir='ltr'>delectabat</span> <span class='ocrx_word' id='word_1_217' title='bbox 762 3812 924 3874; x_wconf 84' lang='lat' dir='ltr'>emendatio,</span> <span class='ocrx_word' id='word_1_218' title='bbox 952 3826 1005 3880; x_wconf 83' lang='lat' dir='ltr'>qua</span> <span class='ocrx_word' id='word_1_219' title='bbox 1023 3826 1046 3864; x_wconf 90' lang='lat' dir='ltr'>c.</span> <span class='ocrx_word' id='word_1_220' title='bbox 1065 3814 1111 3866; x_wconf 78' lang='lat'>121</span> <span class='ocrx_word' id='word_1_221' title='bbox 1134 3811 1253 3866; x_wconf 82' lang='lat' dir='ltr'>restitu-</span> 
     </span>
     <span class='ocr_line' id='line_1_32' title="bbox 254 3903 1256 3981; baseline -0.005 -18"><span class='ocrx_word' id='word_1_222' title='bbox 254 3928 324 3964; x_wconf 88' lang='lat' dir='ltr'>eram</span> <span class='ocrx_word' id='word_1_223' title='bbox 358 3911 514 3981; x_wconf 78' lang='lat' dir='ltr'>ingressi</span> <span class='ocrx_word' id='word_1_224' title='bbox 548 3909 774 3965; x_wconf 78' lang='lat' dir='ltr'>Germaniam.</span> <span class='ocrx_word' id='word_1_225' title='bbox 827 3906 895 3960; x_wconf 82' lang='lat' dir='ltr'>Eam</span> <span class='ocrx_word' id='word_1_226' title='bbox 929 3904 983 3958; x_wconf 90' lang='lat' dir='ltr'>iaur</span> <span class='ocrx_word' id='word_1_227' title='bbox 1017 3906 1076 3957; x_wconf 92' lang='lat' dir='ltr'>tum</span> <span class='ocrx_word' id='word_1_228' title='bbox 1110 3903 1256 3959; x_wconf 81' lang='lat' dir='ltr'>Bardilius</span> 
     </span>
     <span class='ocr_line' id='line_1_33' title="bbox 253 4009 435 4072; baseline 0.027 -17"><span class='ocrx_word' id='word_1_229' title='bbox 253 4009 435 4072; x_wconf 80' lang='lat' dir='ltr'>occupaverat.</span> 
     </span>
    </p>
   </div>
   <div class='ocr_carea' id='block_1_8' title="bbox 0 0 1328 5070">
    <p class='ocr_par' dir='ltr' id='par_1_9' title="bbox 0 0 1328 5070">
     <span class='ocr_line' id='line_1_34' title="bbox 0 0 1328 5070; baseline 0 0"><span class='ocrx_word' id='word_1_230' title='bbox 0 0 1328 5070; x_wconf 95' lang='lat' dir='ltr'> </span> 
     </span>
    </p>
   </div>
  </div>
 </body>
</html>
