2662 5062
317 280 437 372 398'
562 327 565 332 .
676 305 941 377 nourroapu.

244 548 246 552 -
276 503 380 588 quod
410 523 480 570 nec
514 502 725 570 desiderat
746 504 885 588 oepit,
922 522 958 593 ex
986 521 1045 587 quo
1071 503 1251 569 iaciendum

230 615 233 620 ’
276 610 377 696 quod
399 629 469 676 nee
491 606 702 676 desiderat
723 618 756 672 er
777 611 897 694 capit.

377 717 446 781 lbd.
477 714 515 791 8,
562 715 596 778 2:
640 717 785 779 Annua
816 715 1029 800 congiaria
1061 714 1250 781 hominos

277 823 440 890 tissimi
474 821 687 903 accipiunt
712 821 752 884 et
778 819 840 884 his
867 824 936 885 aut
965 838 1128 903 operam
1151 821 1223 885 aut
1243 819 1273 885 d]

281 927 461 1012 gentiam
495 945 606 994 snam
629 925 784 1002 looant;
821 944 933 990 nemo
965 925 1149 991 estimat
1176 915 1273 1008 temp

178 1069 181 1074 ·
283 1033 379 1098 Raeto
399 1033 521 1115 Lipsius
545 1030 749 1096 carissime
771 1030 905 1113 scripsit
938 1049 1009 1096 oum
1038 1030 1132 1113 pretii
1152 1032 1187 1096 et
1207 1032 1273 1096 aesti

277 1139 370 1205 tionis
413 1137 668 1223 significationem
705 1136 805 1200 inesse
842 1135 1040 1220 intelligeret
1096 1134 1159 1201 Sed
1196 1138 1273 1220 praet

277 1243 473 1310 scribendum
507 1242 630 1307 ridetur
662 1242 799 1306 Annua
841 1265 886 1305 oo
924 1243 1154 1328 congiaria,
1199 1259 1273 1325 quon

277 1368 379 1416 annue
424 1349 550 1426 (salaria
581 1347 809 1429 mercedisque)
838 1366 857 1412 a
894 1348 1055 1433 congiariis
1086 1349 1174 1413 extra
1205 1347 1273 1412 ordi

276 1456 358 1521 datis
381 1455 535 1520 differunt.
587 1454 647 1518 Pro
669 1452 862 1518 substantivo
883 1476 988 1515 annuo
1009 1452 1127 1519 Seneca
1149 1453 1216 1536 ipse
1240 1472 1273 1536 p<

276 1560 315 1625 de
336 1559 433 1626 benef.
456 1559 481 1637 1,
505 1559 536 1636 9,
556 1558 586 1622 4.
631 1559 727 1625 Panlo
749 1562 827 1642 post,
859 1558 911 1624 ubi
933 1558 1050 1624 editur:
1083 1559 1145 1623 -nt
1179 1559 1273 1624 eosd

276 1685 402 1751 aegros
434 1665 542 1743 vide,
575 1665 610 1731 si
641 1665 786 1729 mortis
818 1665 1047 1746 perieulum
1079 1665 1251 1747 propius

275 1773 494 1848 admotum,
515 1770 761 1836 medicorum
782 1790 912 1856 genna
933 1772 1172 1856 tangentes,
1194 1769 1273 1837 Sene

275 1876 435 1959 scripsisse
456 1878 579 1961 opinor:
603 1876 756 1955 videas,
779 1876 814 1941 si
836 1880 896 1942 eet.
953 1877 1041 1943 Alius
1064 1879 1113 1943 est
1134 1875 1219 1941 enim
1241 1878 1273 1942 in

280 1983 371 2047 nativi
392 1982 424 2046 in
446 1983 502 2048 tali
525 1974 784 2049 demonstratione
815 2002 889 2048 usus
917 1989 1058 2067 (aegros
1080 1983 1188 2060 vide;
1224 2005 1265 2050 re

282 2090 365 2155 ries
387 2092 477 2171 eos).
523 2089 639 2155 Deinde
659 2088 680 2174 ᾗ
700 2090 731 2164 4,
754 2089 806 2154 ubi
827 2092 891 2154 est:
924 2090 995 2155 sed
1026 2089 1099 2155 hoo
1129 2089 1262 2173 ipsum

275 2194 512 2269 detrahant,
545 2195 752 2272 nesciunt,
787 2194 985 2261 scribendum
1008 2195 1129 2261 videtur
1150 2197 1266 2262 litteris

275 2301 419 2367 minatis:
451 2300 521 2366 ssd
553 2301 623 2366 hoo
655 2301 783 2384 ipsum
805 2301 900 2364 ande
935 2301 1173 2380 detrahant;
1204 2303 1273 2369 elio<

276 2408 360 2472 enim
381 2406 613 2491 ponidebebat:
636 2425 676 2472 se
697 2406 915 2472 detrahere
936 2408 1136 2473 nesciunt.
1165 2408 1273 2473 Tum*

270 2496 373 2578 ‘exitus
405 2511 496 2576 huius
529 2512 638 2594 eapitis
677 2514 709 2576 et
745 2512 874 2594 proximi
910 2513 1034 2578 initium
1075 2514 1157 2596 apnd
1188 2513 1273 2580 Haas

276 2618 488 2683 tristissimam
500 2617 579 2682 hane
593 2617 850 2700 praefertiaoiem:
872 2619 1067 2684 Potestne
1083 2620 1273 2702 quicqua]

275 2722 363 2761 ***
396 2723 466 2800 (ΙΧ)
505 2724 652 2789 Sensus
691 2723 908 2799 hominum,
952 2743 1086 2790 eorum
1121 2725 1229 2804 diuo,

273 2827 535 2912 prudentiam
565 2830 741 2906 iactent,
775 2832 986 2913 operosius
1016 2830 1205 2914 occupati
1229 2850 1273 2896 sn

273 2938 317 2999 ut
342 2934 490 2998 melius
512 2937 673 3017 possint
695 2936 848 3012 vivere,
871 2935 1075 3018 impendio
1097 2935 1191 3002 vitae
1214 2938 1273 3004 vit

272 3040 503 3117 instruunt,
537 3047 609 3118 ost,
641 3042 672 3105 in
695 3060 755 3124 qua
776 3041 929 3123 scriptura
956 3061 1015 3125 qno
1030 3043 1208 3126 vpertineant
1230 3062 1273 3110 ser

273 3146 431 3210 hominnm
451 3148 592 3228 oooupati
624 3148 735 3230 etque
764 3147 915 3213 referatur
935 3149 1159 3231 comparativus
1182 3159 1267 3231 (ope

272 3251 373 3331 sius)
412 3254 444 3316 et
478 3252 551 3334 quid
584 3252 642 3318 sibi
676 3253 752 3318 velit
783 3272 917 3319 eorum
951 3253 1042 3318 dieo
1073 3254 1193 3336 aliaque
1226 3255 1273 3318 fra

273 3375 400 3439 quaeras.
449 3357 516 3423 Neo
544 3358 647 3432 ceteri,
678 3359 730 3442 qni
760 3360 877 3425 launna
904 3359 992 3443 signa
1018 3378 1078 3424 non
1100 3361 1273 3443 posuerunt

274 3462 455 3546 expediant;
493 3463 633 3547 expediet
668 3464 842 3529 emendatio
880 3463 979 3529 facilis
1015 3465 1048 3529 et
1083 3468 1167 3530 oerta
1199 3466 1273 3531 nodi

273 3569 405 3654 uestigia
426 3588 628 3653 persequens:
672 3569 868 3636 Potestne
890 3570 1102 3655 quiequam
1135 3592 1217 3633 esse
1248 3579 1273 3650 (e

272 3671 394 3757 tyroni)
428 3675 628 3739 hominum
661 3693 795 3740 eorum
829 3676 908 3739 ocio
941 3677 1036 3755 (otio),
1066 3677 1133 3760 qui
1160 3679 1273 3762 prud=

273 3779 372 3844 tiam
402 3780 580 3854 iactant,
616 3781 853 3862 operosius?
911 3781 1111 3866 Occupati
1145 3785 1260 3861 sunt,

274 3882 419 3947 melius
452 3885 614 3964 possint
645 3885 801 3965 vivere;
836 3887 1044 3972 impendio
1081 3890 1175 3954 vitre
1211 3889 1273 3954 vit

272 3987 491 4053 instruunt.
545 3989 661 4056 Putant
693 4010 726 4057 se
752 3992 783 4056 in
810 3992 871 4058 otio
900 4012 984 4072 esse;
1016 3994 1093 4060 nihil
1117 3997 1167 4060 est
1196 3995 1255 4061 hoo

173 4110 182 4121 ·
270 4092 436 4172 operosius.
