2662 5046
432 665 566 724 Ciosronis
584 667 733 726 Orationes
1015 675 1074 740 195

50 865 155 932 t‘ones
176 867 334 949 quattuor,
365 883 442 948 ques
462 865 664 934 Mmkhndus
687 866 875 934 ’8111781188
902 869 935 936 18
965 873 1118 956 suspicio-

53 989 122 1036 nem
144 973 301 1046 mearant,
323 971 362 1037 ad
385 970 451 1038 cod.
473 970 570 1038 Poris.
593 971 676 1036 7784
696 974 951 1055 pertractassem,
981 995 1010 1042 8.
1035 977 1116 1044 1819

55 1092 156 1142 uarum
174 1076 427 1142 emendationum
441 1077 614 1155 nonnullus,
638 1095 714 1160 qnas
729 1079 853 1161 propter
865 1081 1117 1165 perspionitatsm

57 1181 136 1249 rolla
161 1180 430 1266 argumentatione
457 1198 546 1265 egere
571 1182 728 1266 putatam,
766 1182 892 1251 Halmio
918 1189 1001 1264 misi,
1040 1209 1116 1275 qum

9 1291 11 1296 ’
59 1286 92 1352 81
111 1286 166 1351 illo
186 1287 334 1370 aooeptas
355 1284 513 1370 Kapserns
533 1286 597 1353 fere
619 1305 724 1354 omnes
743 1286 776 1353 in
796 1289 884 1355 textu
903 1310 967 1358 sua
988 1297 1020 1360 et
1042 1295 1117 1361 Bai-

61 1391 112 1458 tori
134 1391 282 1460 editionis
303 1391 417 1474 posuit
473 1392 533 1458 His
554 1393 621 1458 tam
642 1392 750 1458 multis
784 1395 900 1461 sensim
922 1399 1037 1480 sparsis
1064 1420 1117 1467 sn·

1 1573 2 1578 ,
62 1500 191 1578 possunt,
224 1516 293 1581 qne
315 1497 365 1561 hie
397 1495 541 1578 8888188,
562 1499 683 1581 'prater
702 1514 800 1579 pauoa
820 1501 961 1582 quedem
985 1503 1019 1568 in
1047 1506 1116 1572 aliis

1 1583 3 1691 1
62 1603 239 1668 orationibus
274 1601 409 1674 residua,
440 1620 488 1680 88,
520 1619 587 1686 qnae
618 1604 651 1668 in
672 1603 831 1685 quattuor.
846 1603 909 1671 illis
929 1607 1116 1676 orationibus

63 1708 148 1773 multo
175 1708 283 1791 plura,
313 1725 407 1790 quem
431 1724 499 1789 qua
526 1705 652 1774 Halmio
679 1705 769 1781 misi,
800 1710 960 1791 annotavi,
995 1711 1116 1793 deinde,

64 1830 118 1895 que
148 1813 187 1877 in¹
209 1812 311 1879 tribus
332 1811 512 1895 quattuorve
546 1811 616 1876 aliis
637 1811 825 1878 orationibus
854 1813 947 1880 leutio
969 1818 1116 1899 proximis

63 1917 138 1986 mnis
170 1916 213 1986 ad
247 1934 373 1983 sensnm
404 1915 548 1984 orttionis
589 1916 797 1985 Ciceronianae
827 1920 1035 1987 renovandum
1061 1924 1117 1989 ant

63 2019 143 2088 aium
165 2022 205 2088 oh
229 2040 357 2089 eausam
378 2023 522 2104 suscepta
546 2020 687 2110 suhieoit.
696 2021 721 2098 ¹)
1037 2023 1039 2027 '

79 2119 88 2138 '
149 2128 216 2195 Pro
237 2127 396 2202 Quinotioj
420 2127 461 2190 89
482 2125 599 2192 residet
629 2127 740 2192 vitium
762 2125 837 2195 olim
867 2142 887 2192 a
912 2147 962 2193 me
998 2135 1116 2213 (opuso.

63 2234 137 2300 mu
157 2234 189 2300 li
211 2254 242 2318 p.
264 2232 326 2296 218
348 2238 428 2317 sqq.)
454 2230 675 2315 reprehensum
694 2232 740 2295 et
768 2231 957 2312 convietum3
989 2236 1116 2302 namin

62 2336 117 2404 lis:
152 2338 233 2405 (liri
266 2338 417 2403 domum
443 2337 569 2403 Rome
598 2336 726 2402 inisse
748 2384 757 2401 .
780 2386 787 2402 .
811 2382 830 2412 .,
862 2357 992 2407 servos
1015 2360 1115 2409 oom-

0 2445 1 2449 ’
61 2443 201 2524 plures,
239 2462 281 2509 ex
313 2441 453 2527 quihus
474 2441 550 2507 iste
571 2439 789 2524 possederit
809 2442 1013 2521 neminem,
1034 2490 1043 2506 .
1064 2494 1073 2513 .
1096 2491 1116 2522 .‚

61 2565 161 2616 unum
182 2549 327 2624 fuisse,
362 2565 478 2632 quem
507 2546 708 2630 attingere
729 2547 890 2614 oonatus
912 2547 985 2624 sit;
1020 2567 1116 2631 pro·

61 2651 221 2721 lihitum
249 2654 393 2726 fnisse.
417 2652 622 2736 quievisse
656 2653 725 2729 oet,
750 2652 855 2735 aperte
876 2652 1117 2735 prohibitum

61 2756 177 2826 inisse
213 2768 279 2844 pro
300 2751 536 2842 prohibitum
575 2776 660 2824 esse
691 2757 824 2840 ponitur,
859 2758 1118 2841 quemadmodum

0 2884 1 2896 ¹
61 2863 181 2932 inlivii
204 2862 308 2930 codiee
328 2862 559 2930 vindobonensi
588 2862 683 2941 XLv,
715 2861 769 2938 23,
799 2862 819 2925 6
840 2863 952 2930 vitiose
974 2864 1119 2930 scribitur

61 2969 244 3050 prohibiti
275 2972 463 3054 prestare
491 2968 654 3044 fuimns,
685 2986 740 3051 pro
762 2966 1026 3061 quo‘pruestare
1053 2987 1118 3034 ne·

63 3074 259 3156 quivimus
292 3074 423 3140 restitui.
472 3073 565 3157 Apud
595 3073 783 3153 Ciceronem,
812 3074 946 3158 sublato
977 3074 1119 3154 fuisse,

63 3182 193 3264 superest
225 3181 363 3245 reatum:
405 3179 643 3264 prohibitum
677 3179 888 3264 quievisse.
945 3180 1006 3259 (De
1032 3179 1050 3264 5
1078 3180 1119 3245 71

0 3326 1 3348 i
64 3283 169 3353 dietum
192 3286 324 3380 estvol.
346 3283 363 3347 Ι
384 3305 415 3369 p.
440 3284 504 3364 89.)
719 3274 721 3276 ’

68 3490 255 3504 Q—-n—

83 3632 102 3699 ¹)
124 3632 193 3690 (ium
210 3650 237 3689 8.
258 3637 327 3691 1858
345 3632 485 3690 duodeoim
503 3633 568 3688 illas
585 3631 721 3688 orationes
739 3632 853 3688 solertes
871 3635 995 3702 quartum
1007 3630 1120 3698 oderem,

127 3726 255 3797 prefatus
282 3742 342 3780 smn
359 3725 490 3782 nonnulle
508 3724 541 3780 de
569 3725 690 3780 eohieum
708 3725 847 3794 seripturis
865 3724 980 3788 delectu,
1007 3723 1121 3778 maxime

127 3820 155 3874 in
174 3818 351 3883 Catilinariis,
370 3834 484 3888 quornm
504 3818 636 3872 rationem
654 3816 753 3871 vollem
772 3814 893 3870 habitam
910 3832 927 3871 8
945 3808 1076 3886 Kayserm
1106 3831 1121 3870 e

129 3911 303 3967 communali
321 3926 419 3981 genere
438 3909 601 3984 paucissima
618 3908 657 3965 ihi
677 3909 767 3980 posita
784 3909 862 3971 sunt,
892 3924 1006 3979 quornm
1032 3905 1123 3961 tribus

11 3990 14 4063 s
131 4005 188 4074 (pro
205 4003 284 4060 Boeo.
301 4005 363 4059 Am.
381 4005 417 4060 35
435 4004 465 4057 et
483 4005 549 4068 111,
577 4017 625 4072 pro
643 4001 733 4057 Deiot.
750 4004 796 4066 29)
815 4001 963 4071 Kaysernm
981 4015 1059 4053 nsum
1080 3999 1122 4053 vi-

0 4087 1 4096 ’
133 4096 187 4151 leo.
224 4096 356 4166 Denique,
376 4112 479 4150 ouma.
500 4097 587 4161 1867,
614 4093 743 4149 1181888118
760 4093 922 4163 Philippicis
940 4090 1051 4155 duabus,
1080 4105 1122 4144 re·

0 4186 1 4194 ’
133 4185 218 4257 liques
236 4188 328 4243 ‹leoem
350 4187 486 4242 orationes
510 4185 636 4255 quintum
654 4200 876 4254 reoognosoarem,
902 4183 935 4239 de
964 4181 1123 4238 oouieoturis
1195 4210 1198 4216 «

0 4291 1 4331 l
136 4295 216 4348 nuper
232 4280 262 4335 in
279 4279 323 4333 his
350 4277 519 4334 orationibus
549 4277 607 4331 sine
628 4276 687 4332 8118
708 4278 868 4332 necessitate
885 4290 1032 4346 pammqne
1050 4273 1123 4327 reete

138 4369 300 4437 siliohtero,
327 4371 442 4441 hangio,
468 4370 531 4425 aliis
557 4368 644 4433 188118,
672 4383 725 4421 888
752 4369 819 4423 satis
842 4367 958 4422 tirmiter
980 4364 1123 4419 resistente

0 4503 1 4532 ,
140 4458 255 4528 Halmio,
283 4463 339 4519 diri
358 4463 506 4526 88888118,
530 4478 591 4532 888
608 4458 769 4514 considerari
787 4457 926 4527 pervelim.
988 4539 993 4545 ,

877 4548 926 4600 la‘
