2678 5016
269 292 342 383 m·
626 289 1065 395 arnuncupnnffff⁵

127 466 138 489 ⁴
225 489 366 572 quonam
378 488 556 554 nuncque
577 488 622 553 su
643 487 805 553 nannum
828 487 921 552 sonu
943 487 1083 563 varunna,
1104 487 1165 552 nsi
1186 488 1292 554 nnn-

224 595 317 668 lerns‚
339 595 387 659 oui
408 594 498 658 huius
521 594 565 658 rei
585 593 732 658 iudicium
756 593 862 671 debeo,
883 593 1064 660 aberrasset.

327 700 392 764 lbd.
416 699 474 761 251
500 718 582 782 sqq:

617 842 618 846 =
709 804 872 887 Innuptam
895 803 1012 868 lumine
1033 803 1162 895 adibant

359 912 495 985 Pallada,
517 910 690 994 Munychiis
713 910 761 974 cui
777 929 836 974 nun
858 910 974 992 Argiva
997 927 1051 991 per
1072 910 1163 975 urbes

357 1018 534 1099 posthabita
556 1023 604 1080 est
625 1015 748 1079 Larissa
769 1014 857 1098 iugis.
998 1024 1001 1031 ’

324 1121 404 1201 Quid
440 1123 531 1188 sith.
562 1121 583 1184 l.
602 1142 660 1204 per
680 1121 768 1182 mbae
796 1138 893 1202 neque
921 1137 977 1202 ago
1012 1119 1152 1204 intelligo
1188 1140 1288 1205 neque

223 1228 438 1293 Lachmannus
461 1227 582 1292 videtur
613 1225 811 1302 intellexisse,
844 1229 897 1308 qui
918 1224 1071 1288 Plorouei
1091 1227 1285 1293 scribendum

223 1334 362 1399 coniecit.
407 1333 485 1397 Mihi
508 1333 540 1396 in
566 1336 701 1397 mentem
724 1335 865 1403 venerat,
905 1330 984 1413 quod
1006 1350 1085 1395 nunc
1106 1332 1195 1398 video
1218 1352 1286 1399 osse

222 1439 254 1503 iu
277 1440 381 1505 codiee
398 1439 618 1522 Bambergensi
649 1437 714 1515 (sed
736 1457 829 1519 supra
849 1437 961 1520 scripto
984 1441 1029 1515 o),
1047 1458 1106 1521 per
1128 1440 1213 1501 orbes
1234 1431 1286 1505 ¹rel

222 1546 322 1627 potius
338 1566 398 1629 peu
419 1546 529 1619 orlon,
555 1546 590 1610 ut
611 1543 835 1628 significaretur
856 1542 1015 1607 Palladem
1038 1561 1093 1625 per
1113 1548 1204 1627 grata
1225 1546 1285 1611 sibi

222 1650 340 1734 templa
362 1651 434 1715 orbo
456 1650 587 1732 quodam
610 1652 643 1714 et
662 1649 771 1725 ⁵ordino
793 1650 925 1733 migrare
947 1667 1041 1730 eaque
1062 1649 1205 1718 invisere.

322 1757 390 1821 lbd.
413 1755 476 1817 430
498 1774 564 1836 sqq.
588 1754 641 1818 urbi
660 1749 796 1819 Eteocles
816 1755 950 1838 Polynici
971 1755 1176 1840 paerdeum
1200 1757 1288 1842 lega·

222 1866 289 1928 tum
312 1862 492 1943 respondet:

355 1968 400 2032 Te
421 1985 512 2050 penes
535 1966 668 2031 Inachiae
691 1966 801 2030 dotalis
823 1966 907 2048 regia
929 1965 1004 2030 dono

355 2072 501 2156 coniugis,
524 2073 556 2136 et
581 2072 693 2136 Danaae
715 2072 799 2154 (quid
822 2072 902 2134 enim
925 2072 1091 2137 maioribus
1114 2073 1192 2138 actis

355 2178 547 2258 invideamP)
570 2178 763 2241 cumulentur
787 2196 869 2259 opes.

322 2281 467 2347 Decetia
489 2272 549 2347 nun
573 2283 684 2365 agitur,
708 2300 764 2347 nec
792 2275 829 2346 'oa
850 2302 920 2348 oum
944 2284 1057 2348 Danaae
1079 2285 1188 2367 opibus
1212 2304 1287 2351 oon·

220 2389 317 2453 iuncti
339 2388 502 2470 quicquam
526 2389 647 2452 habeut.
693 2389 872 2470 scripserat,
894 2392 930 2452 ut
951 2389 1069 2472 opinor,
1092 2390 1230 2456 Statius:

678 2494 751 2577 quid
775 2496 856 2559 enim
880 2494 1046 2560 maioribus
1068 2496 1149 2558 aulis

480 2600 658 2664 invideam?

238 2737 241 2742 ·
321 2706 469 2770 Maiorem
502 2705 705 2788 ditionemque
729 2707 881 2788 Polynicis
915 2724 981 2771 esso
1005 2707 1108 2770 aulam
1142 2723 1289 2790 aequone

221 2811 322 2875 animo
343 2811 421 2875 ferre
443 2813 496 2876 ait.
544 2811 643 2873 Aulon
665 2815 696 2876 et
717 2820 787 2871 acto
808 2809 900 2874 etiam
923 2811 997 2876 alibi
1019 2813 1181 2878 scribendo
1198 2834 1287 2879 com·

221 2919 339 2981 mutata
361 2917 525 2988 memini¹l
1079 2941 1081 2947 ’

319 3023 386 3088 lbd.
423 3023 485 3084 475
521 3022 572 3095 (de
613 3041 686 3104 apro
722 3021 847 3104 cuspide
883 3023 1004 3105 penitus
1042 3024 1177 3088 intrante
1213 3044 1285 3108 per·

85 3162 90 3167 ,„
219 3129 327 3205 fosso):
439 3151 441 3156 ’

349 3235 405 3308 To,
429 3234 594 3320 Meleagro,
616 3234 713 3308 sunit,
735 3234 785 3298 ibi
801 3234 924 3297 demum
948 3232 1072 3314 cuspide
1095 3236 1158 3300 lato

351 3340 442 3405 haesit
467 3342 499 3406 et
519 3342 627 3407 obnixo
649 3342 771 3404 serrum
785 3339 898 3407 laxauit
920 3340 950 3403 iu
974 3358 1068 3404 armo.
1162 3390 1165 3394 .

319 3445 518 3511 Scribendum
550 3444 681 3507 hascoit.
733 3445 834 3529 Longe
867 3444 958 3511 aliter
992 3446 1061 3512 silv.
1095 3446 1132 3523 V,
1165 3448 1197 3523 l,
1223 3449 1283 3512 199

218 3550 282 3633 (qui
304 3551 388 3615 locus
411 3569 429 3614 a
448 3551 597 3615 Muellero
620 3550 875 3628 citaturliuveuis
900 3552 1013 3615 fernum
1035 3553 1136 3617 lauare
1159 3554 1286 3631 dicitur,

246 3905 267 3972 ¹)
285 3903 318 3957 V.
337 3907 389 3959 322
413 3921 459 3975 pro
486 3908 584 3983 cumdio
602 3910 792 3993 adnotaveram
819 3910 940 3960 consilium
959 3910 1086 3978 genetivo
1105 3925 1168 3964 casu
1188 3911 1282 3978 (numm

287 3999 420 4065 concilium)
452 3998 620 4054 scribendum
638 4015 716 4054 ense.
755 3998 831 4054 Nune
857 4002 885 4054 in
910 4002 1044 4057 Puteaueo
1072 4006 1208 4072 repertum
1240 4005 1283 4059 ri·

286 4088 335 4144 deo
358 4093 451 4143 consilli
457 4112 465 4155 3
485 4091 578 4160 itaque
600 4108 631 4147 eo
649 4091 774 4161 genetivo
794 4095 934 4148 contentus
952 4110 1019 4150 sum.
