2654 5010
257 267 320 329 m
626 263 879 334 ωαψς

214 481 357 546 possea
392 458 524 526 videri
552 477 618 526 m
646 456 781 543 rupisse.
836 460 938 540 Quam
969 466 1267 546 supenoneteon
1319 501 1324 517 ι

208 569 344 636 eonfusa
365 567 438 643 sint¹
459 584 569 632 omues
590 566 757 642 norunt-¹³)

318 674 397 739 lbid.
428 671 553 749 111,3:
585 674 629 736 ut
660 675 801 737 erutos
834 691 992 756 quoqne
1024 693 1070 739 ae
1101 674 1269 757 providos
1320 709 1326 736 r

219 781 488 865 permoveret,
521 778 670 862 uulgus
700 782 740 842 et
766 779 896 844 reteri
926 798 1046 845 uuum
1069 782 1193 845 airum
1212 780 1269 844 du·
1321 815 1327 841 1

210 903 473 968 eamque...
497 882 690 951 laudibus
712 885 874 949 terrent.
927 883 1016 952 Sciro
1037 887 1141 963 velim
1162 885 1270 970 quinam

219 990 283 1056 sint
296 991 343 1056 illi
359 992 487 1056 eeteri
502 997 614 1073 praeter
628 989 749 1073 vulgus.
786 990 821 1055 In
837 990 944 1057 oudino
964 991 1049 1056 Med.
1071 995 1121 1057 est
1139 993 1270 1057 eeteru

212 1095 423 1161 Sedbendnm
443 1095 558 1179 igitur:
580 1096 726 1179 vulgus
746 1100 936 1163 ceterum.
970 1096 1114 1162 Emonam
1136 1097 1269 1163 obiecisse

215 1200 341 1265 ridetur
363 1200 492 1282 pluralis
514 1202 599 1268 uerbi
620 1219 776 1268 numerus.

320 1327 400 1394 ibid.
437 1330 474 1394 5:
517 1329 751 1395 Trabantur
786 1333 825 1394 in
861 1330 1002 1411 partes
1036 1329 1133 1397 Sido
1170 1337 1273 1415 atque

221 1436 395 1503 ltalieua
417 1436 784 1521 regeaSnesornm,
806 1437 895 1520 qnia
918 1436 1037 1500 retus
1060 1438 1272 1521 obsequium

210 1559 313 1626 erga
334 1542 532 1608 Romanoa
553 1547 593 1608 et
613 1560 713 1627 gens
729 1541 830 1607 fidei
852 1541 1111 1608 commissior
1131 1543 1273 1626 patien-

219 1647 309 1714 tior.
359 1649 412 1714 Sin
433 1649 527 1714 nodax
555 1648 637 1714 Med.
660 1649 812 1713 mendose.
856 1646 975 1713 Omitto
997 1651 1201 1722 eoniaeturas,
1222 1668 1274 1733 qua

218 1772 258 1819 ne
277 1755 353 1836 ipsis
369 1755 493 1839 qnidam
509 1755 685 1820 monitum
700 1755 776 1819 satis
791 1754 981 1836 placuerunt.
1019 1753 1092 1819 Non
1108 1754 1274 1820 mutandam

211 1877 287 1923 -esse
310 1860 342 1924 in
366 1880 412 1938 oo,
438 1863 519 1946 quod
541 1861 795 1927 summissior
815 1859 968 1934 scribitur.
998 1861 1205 1943 eomparatiri
1224 1859 1276 1925 for·

220 1983 301 2029 mam
336 1967 499 2031 admonere
532 1966 665 2033 debebat
691 1966 723 2032 in
751 1967 851 2032 altero
879 1967 1020 2033 membro
1049 1968 1186 2050 positum
1219 1985 1276 2049 pa·

218 2071 411 2149 tienlior‚
440 2073 522 2156 quod
552 2075 652 2154 ipsum
675 2072 812 2139 ostendit
832 2073 863 2136 in
886 2071 948 2138 fids
972 2074 1032 2138 duo
1057 2073 1143 2138 inter
1163 2092 1196 2137 se
1217 2091 1277 2138 eon·

220 2175 292 2241 ferri
324 2179 487 2244 coniuncta
520 2181 553 2244 et
584 2197 728 2245 connexa.
771 2179 847 2245 Inde
874 2178 940 2245 hae
960 2179 1102 2245 nascitur
1123 2179 1277 2245 oomeetio:

220 2284 456 2368 ganasidai,
486 2303 548 2370 que
576 2286 748 2361 renuam.
778 2285 1016 2369 patientior.
1060 2284 1155 2351 Suari
1178 2303 1213 2350 eo
1234 2301 1277 2367 pa·

221 2390 382 2458 tieutiores
403 2393 492 2457 erant
512 2391 594 2472 fidei,
617 2411 677 2475 quo
698 2393 855 2458 remissior
883 2411 938 2457 nee
969 2390 1108 2456 adducta
1130 2394 1164 2457 et
1186 2407 1279 2456 seuera

216 2499 296 2562 erat.
342 2496 500 2565 Omissum
522 2498 554 2563 in
578 2498 675 2564 altero
707 2500 842 2564 membro
870 2516 912 2563 eo
944 2495 1026 2579 apud
1048 2497 1194 2562 Tacitum
1214 2494 1280 2562 nihil

213 2621 296 2687 opus
319 2608 369 2669 est
390 2603 536 2688 exemplis
558 2604 746 2670 confirmare.

323 2732 399 2798 ibid.
422 2734 458 2796 9:
490 2733 775 2800 Flavianarum
797 2732 972 2816 partium
995 2730 1120 2796 dueea
1141 2731 1281 2795 omissa

219 2838 371 2918 prioris
417 2839 590 2905 fortuna
637 2840 871 2906 defensione
921 2855 989 2921 pro
1032 2836 1280 2920 Vespasiano
1322 2899 1323 2912 q

221 2943 453 3027 magnifiee,
471 2964 540 3028 pro
556 2964 674 3012 nausa
695 2947 891 3020 fidenter,
907 2943 952 3007 de
968 2942 1079 3008 exitu
1095 2943 1161 3020 (M:
1177 2963 1282 3010 exer·
1322 2927 1323 2959 ³

216 3048 320 3126 eila)
342 3052 492 3127 seeuri,
523 3052 562 3117 iu
584 3052 802 3118 Vitellium
824 3052 866 3118 ut
887 3048 1049 3114 inimici
1071 3067 1282 3131 prasump·

219 3171 307 3220 sore
330 3158 389 3220 oet.
434 3159 560 3224 Frustra
580 3157 647 3224 han
661 3161 767 3224 eontra
787 3156 1041 3234 Freinshemium
1064 3155 1120 3238 qni
1143 3153 1283 3220 violenter

219 3258 293 3324 sane
321 3265 574 3347 rescripsere
605 3264 751 3330 substitui
780 3261 911 3340 volebat,
941 3258 1168 3336 defenduntnr3
1192 3279 1283 3344 neque

219 3365 301 3431 enim
325 3371 380 3433 aut
401 3389 595 3451 praesumo
618 3371 656 3435 in
679 3371 854 3453 aliquem
873 3367 1013 3434 absoluta
1029 3385 1162 3451 usquam
1177 3367 1284 3433 dicitur

232 3605 236 3613 ⁴
272 3626 299 3682 *l
319 3626 346 3680 C.
374 3627 408 3682 93
435 3645 490 3682 non
517 3627 677 3682 mutandum
705 3635 765 3681 erat
793 3626 933 3692 violenter,
962 3633 992 3679 ut
1019 3623 1188 3679 Puteolanus
1216 3623 1285 3686 iecit

317 3720 483 3777 ariditate
502 3721 530 3775 in
549 3721 711 3787 aviditas,
736 3720 784 3774 sed
808 3718 900 3788 potius
924 3716 1076 3773 tollendum
1095 3723 1130 3771 et
1148 3734 1181 3773 ex
1199 3724 1283 3771 extre·

317 3813 367 3868 mis
405 3815 503 3869 litteris
537 3814 719 3885 praecedentis
752 3810 879 3867 vocabuli
911 3818 1013 3866 ortum:
1052 3810 1284 3865 Germanorum

317 3907 553 3975 Gallorumque
582 3949 615 3960 ..
645 3921 787 3976 corpora
814 3905 964 3959 fluminis
991 3904 1160 3959 ariditate
1188 3911 1284 3957 aestus

316 3999 532 4068 impatientia
570 4000 741 4056 labefecit.
797 3999 889 4053 AEstus
926 3998 1100 4066 impatientia
1131 3997 1284 4053 ariditatem

315 4089 432 4147 fluminis
451 4093 541 4148 effecit
560 4094 645 4148 etita
664 4108 781 4164 corpora
798 4091 934 4148 labefecit
