2648 5084
518 696 630 754 Gellius.
1001 700 1062 766 609
1083 644 1122 751 'c
1152 731 1158 740 ι

36 898 175 963 maxime
198 891 239 962 ad
262 891 396 982 τεχνικᾰ
429 897 532 962 animo
553 897 684 971 obiiciat
711 890 870 964 ¹intellexit
890 899 1051 967 Francken
1073 903 1105 967 in

37 1003 246 1070 coniectaneis
278 1002 343 1067 crr't,
375 1003 414 1068 ad
438 1002 471 1067 C.
494 1003 605 1068 Lucilii
632 1003 779 1071 librorum
805 1005 952 1072 decadem
974 1008 1105 1090 primam

36 1108 285 1189 (Ametelodami
314 1108 407 1186 1869)
440 1128 469 1192 p.
506 1108 559 1189 25,
589 1111 730 1192 recteque
763 1111 1047 1179 anisocratium
1070 1118 1107 1198 st

36 1217 177 1300 scripsit.
238 1215 345 1280 Deleto
381 1215 479 1280 altero
514 1215 664 1280 infinitivo
690 1216 855 1295 (visere),
883 1220 934 1303 qui
956 1219 1107 1303 interpre-

36 1318 134 1389 tandi
154 1340 245 1389 causa
266 1320 389 1387 additus
412 1324 469 1397 est,
492 1324 524 1386 et
545 1320 677 1396 sublata,
700 1322 733 1389 in
754 1341 815 1406 qna
836 1323 950 1389 frustra
972 1326 1106 1409 leporem

37 1431 196 1513 quaerunt,
218 1429 301 1493 vocis
323 1428 495 1492 nolueris
526 1427 607 1490 inter
629 1426 702 1493 duos
726 1447 831 1495 versus
854 1429 999 1497 divisione
1022 1433 1107 1500 locus

39 1537 90 1600 sic
117 1534 296 1599 scribendus
319 1536 380 1599 est:

107 1640 236 1720 Quando
258 1642 288 1705 in
311 1660 346 1705 eo
368 1658 494 1704 numero
518 1640 643 1716 mansti²
665 1659 725 1723 quo
747 1640 779 1706 in
804 1641 937 1708 maxima
958 1662 1039 1708 nunc
1061 1648 1109 1712 est
1180 1667 1183 1672 ·

106 1766 179 1830 pars
202 1746 372 1821 hominum,
393 1749 429 1810 ut
450 1745 585 1808 vicisse
607 1742 693 1823 velia
713 1767 804 1831 quern
828 1749 969 1825 nolueris,
992 1769 1061 1822 oum

111 1853 263 1918 debueris.
307 1850 373 1916 Hoc
396 1851 567 1928 „nolueris‘
592 1854 624 1917 et
649 1853 827 1927 „debueris“
851 1858 882 1920 te
1013 1901 1021 1908 r

1 2046 2 2049 Ἴ
110 1959 138 2024 si
161 1957 255 2023 minu’
278 1956 422 2032 delectat,
444 1957 525 2040 quod
547 1954 689 2044 ἄτεχνον
708 1959 928 2025 anisocratinm
951 1964 1008 2036 est

107 2057 336 2152 ’Oplquoque
359 2063 451 2127 simul
474 2067 574 2131 totum
598 2084 633 2130 ae
656 2066 959 2150 συμμειρακιώὸες,

108 2192 168 2239 non
191 2191 316 2255 operam
338 2169 440 2254 perdo.
590 2237 594 2246 ,
912 2241 915 2247 ¹

147 2278 214 2344 ibd
253 2278 307 2356 10,
344 2277 378 2338 5:
418 2276 523 2340 Hanc
557 2275 742 2362 loquendi
775 2281 1020 2363 imperitiam

40 2406 127 2454 curn
150 2386 189 2452 in
214 2403 256 2449 eo
276 2383 380 2449 docti
401 2381 579 2448 homines
686 2388 872 2468 tanquam
895 2387 933 2451 in
956 2376 1111 2452 minime
1183 2438 1185 2442 ,

41 2493 137 2559 utili
168 2491 312 2556 medico
347 2487 696 2556 offendissentcet.
768 2490 853 2556 Nihil
883 2493 943 2558 huc
978 2493 1113 2574 pertinet

42 2599 159 2666 medici
172 2597 301 2663 ‘utilitas
324 2603 427 2677 (quam
448 2587 533 2659 utilis
554 2595 693 2662 medicus
715 2597 778 2676 sit),
792 2616 857 2674 >nec
872 2600 1055 2681 „tanquam“
1079 2597 1111 2662 in

43 2706 166 2772 medico
196 2704 336 2770 homines
358 2700 545 2783 imperitiam
568 2702 763 2767 offenderant.
811 2703 964 2782 Nimirum
994 2703 1112 2770 Gellius

44 2813 186 2896 scripsit:
223 2813 402 2892 tanquam
437 2807 598 2871 minime
636 2807 766 2870 utilem
801 2808 953 2876 medico
990 2811 1113 2875 offen.

45 2921 209 2996 dissent,
231 2936 308 2983 nove
335 2912 483 2999 offendere
508 2913 692 2996 impediam
718 2933 841 2996 ponens.
880 2915 936 2999 [In
960 2935 1020 2981 orn.
1045 2916 1112 2983 cod.

46 3026 165 3110 Gnelt]
426 3029 437 3052 ·
753 3089 755 3094 ,
831 3016 832 3019 '
881 3029 889 3109 Ἰ
983 3006 985 3011 ’

150 3130 215 3195 lbd.
251 3128 311 3204 iz.
334 3126 373 3189 10
407 3126 484 3209 quod
508 3123 651 3205 Hertnius
675 3145 691 3191 e
714 3126 869 3219 codicibus
898 3128 1036 3209 reposuit
1057 3126 1112 3191 ad·

47 3238 188 3305 verbium
222 3232 498 3301 fermemodum
533 3238 616 3307 (narn
651 3233 823 3323 superiores
852 3237 975 3299 tantum
995 3234 1113 3301 ferme

47 3343 239 3420 habebant),
281 3360 342 3406 non
388 3339 493 3406 solum·
532 3338 704 3403 inauditum
739 3342 810 3419 est‚‘
848 3340 903 3407 sed
943 3338 1113 3405 incredibili

49 3452 152 3518 forma
185 3450 293 3514 fiotum
325 3455 411 3526 (nam
455 3444 724 3527 propemodum
760 3446 833 3530 quid
865 3447 921 3525 sit,
966 3449 1114 3530 apparet).

49 3559 117 3624 Ant
139 3556 258 3622 Gellius
287 3554 424 3637 scripsit:
447 3552 483 3617 in
512 3551 684 3616 omnibus
708 3552 912 3614 admodum
944 3554 1115 3617 veterum

51 3662 232 3745 scriptis,
254 3658 533 3743 interpretandique
557 3675 649 3722 cansa
681 3656 720 3741 ad
749 3646 956 3722 admodum
979 3656 1117 3740 adserip-

50 3774 120 3838 tum
144 3768 192 3834 est
213 3767 349 3840 ferme,
373 3768 426 3830 aut
447 3764 601 3829 coniunxit
622 3763 740 3827 ferme
763 3762 970 3826 admodum.

154 3875 221 3940 Lib.
243 3873 333 3948 XIX,
368 3873 404 3948 5,
441 3873 459 3934 5
489 3888 547 3935 non
571 3869 724 3951 intelligo,
757 3869 830 3951 quid
858 3869 899 3935 sit
922 3888 1001 3952 aqua
1022 3870 1118 3934 soli·

52 3985 140 4050 dius
183 3981 378 4063 latiusque
412 3977 603 4052 concreta,
646 3977 780 4058 putoque
817 3975 1013 4040 scribendum
1056 3965 1118 4036 or·
1182 3980 1183 3983 ’

53 4091 219 4172 tiaeque.
231 4087 255 4164 ¹)

82 4439 104 4507 ¹)
125 4438 161 4494 C:
176 4439 199 4499 7,
230 4440 264 4494 10
284 4437 426 4493 verietetis
451 4436 591 4492 annotatio
609 4437 685 4489 vetat
704 4436 853 4504 typothetae
881 4434 999 4491 tribuere
1029 4449 1121 4489 man-

125 4531 227 4586 eiclis
316 4534 391 4585 tene
409 4529 486 4585 illis
505 4547 553 4600 pro
572 4528 728 4584 tenellis.

101 4623 212 4659 urnvrau
224 4627 302 4659 name
314 4624 364 4659 cm.
388 4624 410 4658 n.
889 4625 921 4670 qq
