2678 5018
496 652 631 708 Horatius.
1009 652 1048 716 53

32 868 147 939 sensum
180 869 240 914 non
268 849 430 914 efficerent
456 868 512 916 nec
537 849 618 915 ferri
630 853 769 934 possent,
807 851 881 917 duos
903 870 1026 929 versus,
1057 852 1090 919 in

36 956 138 1039 quibus
158 956 330 1032 laboratur,
351 954 520 1041 peperit-l)

123 1063 258 1146 Reliqua
267 1061 376 1126 ordine
383 1080 608 1145 persequemm.
630 1063 880 1145 ltaqueprimum
894 1063 1084 1149 attingemus

124 1169 231 1235 Carm.
256 1174 280 1245 Ι1
303 1167 356 1240 32,
382 1165 420 1229 13
440 1187 522 1251 sqq.:

228 1274 255 1340 Ο
278 1274 372 1338 decus
384 1269 503 1339 *Pboebi
525 1276 557 1338 et
577 1273 706 1357 dapibus
726 1277 861 1357 supremi

227 1384 317 1465 grata
337 1382 462 1447 testudo
482 1381 576 1453 lovis,
598 1398 614 1444 o
635 1380 773 1445 laborum

229 1487 319 1552 dulce
341 1487 487 1561 lenimen,
508 1485 584 1550 mihi
606 1503 725 1568 cunque
748 1488 830 1554 selvo

637 1592 696 1658 rite
718 1592 847 1661 vocanti.

32 1821 229 1830 ———-

56 1975 77 2044 ¹)
94 1974 250 2031 Additum
268 1987 340 2025 mam
361 1949 437 2025 eliud
455 1971 603 2042 exemplum
622 1971 736 2040 strophe
755 1973 863 2040 propter
881 1971 960 2026 unius
969 1968 1090 2026 vocabuli

95 2066 227 2121 mendum
245 2064 377 2139 damnator
397 2063 485 2133 idque,
505 2063 576 2134 quod
594 2063 677 2130 doleo,
707 2063 818 2133 abipso
837 2064 962 2135 Hauptio,
983 2064 1029 2134 qni
1048 2063 1090 2120 his

97 2159 204 2214 duobus
225 2158 334 2212 omnino
352 2157 427 2219 loeis,
455 2157 567 2212 sirecte
592 2156 704 2222 attendi,
731 2156 959 2228 Peerlkampianre
976 2157 1089 2226 suspici·

96 2253 158 2307 onir
185 2251 343 2305 societatem
374 2265 427 2304 non
458 2250 573 2319 sprevit3
618 2249 665 2304 sed
692 2228 720 2305 id
749 2267 809 2305 cum
836 2252 865 2304 in
890 2248 986 2303 scholis
1010 2264 1089 2319 erpo-

96 2344 220 2407 suissern,
250 2342 405 2408 admonitus
428 2342 594 2413 rumpendo
624 2345 687 2397 ante
715 2344 835 2414 leepium
863 2357 954 2397 rerum
982 2340 1089 2396 vidisse.

98 2435 171 2491 Nam
192 2437 222 2490 in
241 2434 307 2491 libri
329 2437 442 2491 Ioarrn.
461 2439 479 2492 2
495 2436 604 2522 propter
621 2434 793 2493 intolerabile
820 2434 892 2490 illud
921 2436 1004 2489 audiet
1029 2438 1090 2489 cive

99 2533 196 2582 accim
208 2534 305 2597 ferrum
324 2528 407 2598 (quod
425 2528 558 2584 debebant
575 2543 639 2582 sane
657 2528 727 2582 civ'es
745 2527 838 2600 tacere,
853 2529 876 2584 si
894 2529 922 2582 in
933 2530 1027 2584 Persas
1042 2528 1091 2584 illo

96 2622 173 2676 usuri
183 2625 275 2691 erant;
285 2639 347 2676 nam
357 2627 417 2674 incer
429 2643 454 2674 se
467 2621 518 2674 uon
527 2620 616 2689 magis
625 2619 712 2675 audiri
722 2623 812 2689 potest
821 2638 900 2692 quam
910 2635 993 2675 conoe
1003 2623 1090 2677 Gallos

96 2718 147 2768 ant
162 2718 257 2769 eontra
269 2715 390 2785 quosvis)
403 2718 489 2769 totam
498 2713 635 2783 stropham
647 2714 683 2783 (v.
692 2715 807 2775 21—25)
822 2713 990 2778 damnarunt,
1002 2714 1090 2780 obliti,

97 2809 138 2861 sic
155 2809 244 2877 perire
263 2823 367 2862 omnem
386 2809 492 2862 sceleris
510 2808 593 2872 illius,
613 2805 684 2876 quod
695 2806 824 2862 Horatius
843 2811 912 2867 u29
931 2807 1090 2879 expiandum

17 2901 19 2905 ’
97 2900 180 2963 dicit,
225 2901 457 2970 significationem.
493 2901 599 2970 leopins
631 2900 776 2962 intellexit,
808 2900 949 2957 Horatium
982 2901 1088 2968 dixisse,

99 2993 209 3057 ferrum,
238 3010 290 3064 quo
309 2993 405 3048 malins
422 2994 510 3048 Peme
529 2994 653 3063 perirent,
673 2997 781 3060 rapsace
811 2997 839 3049 et
857 2996 984 3050 occidisse
1009 2995 1088 3059 cives,

98 3088 239 3156 aptissime
259 3087 399 3141 contrariis
424 3087 520 3157 positis
537 3087 640 3141 civibus
666 3089 694 3141 et
711 3087 811 3142 Persis:
844 3088 901 3159 Ego
920 3088 1022 3165 pridem
1032 3092 1090 3157 fer·

98 3201 151 3231 run
175 3179 328 3234 subiectum
356 3195 413 3233 esse
440 3179 566 3243 videram,
595 3178 713 3234 nondum
731 3179 821 3249 ipsum
840 3180 949 3235 verbum
967 3196 1089 3251 reppere-

97 3289 165 3338 ram,
185 3272 232 3328 sod
250 3272 339 3341 initio!
358 3288 419 3327 cum
428 3276 527 3325 secuisse
536 3273 565 3326 in
584 3275 702 3326 mentem
712 3273 836 3338 venisset,
852 3273 923 3344 ¹mibi
938 3289 990 3328 non
1008 3273 1088 3328 satis-

96 3364 239 3421 faciebam.
276 3366 354 3420 Hunc
371 3382 526 3420 eonsensum
545 3365 730 3420 confirmandae
748 3366 944 3421 emendationis
961 3383 1041 3421 oeusa
1059 3382 1089 3421 eo

96 3459 187 3529 mgis
218 3475 399 3523 commemoro,
427 3459 497 3529 quod
522 3460 550 3512 in
583 3457 686 3513 talibus
716 3459 781 3515 locis
809 3460 956 3514 difficulter
983 3459 1091 3513 veritati

95 3551 261 3607 maceditur.
289 3553 377 3608 Unum
395 3552 499 3607 eddam.
530 3551 643 3605 Prorsus
660 3552 780 3631 concedo,
799 3554 829 3608 in
847 3553 909 3608 libr.
923 3552 961 3606 IV
974 3567 1054 3608 carm.
1072 3555 1090 3608 4

96 3660 123 3699 r.
152 3648 259 3702 18-22
285 3647 395 3701 minime
417 3629 489 3700 recto
513 3644 613 3699 indicio
642 3644 676 3699 ab
695 3645 805 3700 Horatio
825 3646 1009 3715 interpositam
1034 3659 1090 3700 esse

96 3738 200 3792 securis
227 3739 380 3794 Ammonia
406 3737 480 3810 apud
508 3737 661 3792 Vindelicos
685 3740 792 3793 nsitstae
819 3740 989 3794 mentionem.
1039 3737 1091 3792 Sed

96 3836 190 3885 tamen
222 3831 374 3901 intelligere
404 3847 524 3904 possum,
556 3831 603 3901 qui
630 3831 745 3886 Horatio
763 3832 847 3886 alium
868 3832 980 3887 fortasse
1008 3832 1092 3900 scrip-

96 3929 184 3979 torem
201 3926 327 3994 tangenti
346 3925 394 3981 hoc
412 3927 581 3994 interponere
599 3926 628 3978 in
644 3929 761 3980 mentem
779 3926 900 3991 venerit;
919 3926 966 3996 qni
985 3924 1091 3979 Horatii

98 4018 205 4079 lectori,
215 4019 397 4088 cuiuscunque
406 4019 430 4072 is
442 4020 570 4088 temporis
582 4018 703 4087 fingitur,
714 4017 825 4072 libuerit
834 4019 884 4075 hoc
893 4035 1000 4089 operose
1009 4020 1091 4074 versi·

98 4109 148 4164 bur
158 4110 380 4180 comprehensum
386 4110 533 4167 Horatiano
543 4110 807 4175 carminiinclndere,
820 4128 853 4165 ne
864 4113 973 4183 stropha
982 4112 1091 4183 quidem

98 4208 157 4259 tota
175 4204 278 4269 addita
297 4205 345 4261 sed
362 4206 417 4260 suis
435 4204 529 4260 media
543 4204 659 4276 strophe
677 4204 820 4259 artificiosa
838 4205 998 4270 intertextis,
1019 4221 1091 4274 pror·

97 4314 144 4351 cnr
172 4315 228 4353 non
256 4299 388 4370 intelligo.
430 4300 527 4369 ltaque
550 4314 584 4353 ne
608 4299 741 4352 mirantur
758 4313 824 4352 neve
842 4297 1018 4360 offendantur,
1037 4313 1092 4352 rem

100 4392 195 4446 multis
222 4392 346 4462 partibus
373 4377 565 4447 mirabiliorem
584 4392 699 4462 lingunt,
731 4390 778 4446 sod
795 4390 828 4445 ad
847 4390 895 4444 boo
914 4407 994 4445 snum·
1010 4390 1091 4445 mira-

102 4468 190 4542 cilum
210 4501 318 4556 prorsus
337 4486 489 4542 connivent.
