2662 5062
449 703 481 759 L
501 703 602 760 Seneca
619 703 652 760 de
670 705 721 761 ire
1020 705 1082 770 387

48 905 116 985 (Sic
136 903 275 970 Hessius
296 901 345 967 III
365 920 395 984 p.
417 900 536 966 XXIII.
559 901 577 985 ἓ
597 902 619 963 4
641 905 744 968 cetere
764 902 792 968 ie
814 906 897 969 reete
918 904 1124 990 Bongersinm

48 1013 198 1083 secntnsr
232 1007 287 1074 sed
308 1007 504 1074 retinendum
527 1009 607 1073 eret:
644 1008 823 1090 putabet,
853 1010 896 1073 ut
1014 1012 1125 1096 cupi.

48 1118 222 1185 dissimi
272 1116 402 1180 Iretns
424 1116 483 1178 cet.
527 1111 621 1180 Codd.
644 1115 782 1197 pntet.)

156 1327 203 1394 ne
224 1326 277 1393 ire
298 1325 351 1390 lib.
371 1324 386 1389 I
410 1342 477 1406 cap.
502 1326 535 1403 l,
558 1325 594 1388 7:
627 1324 761 1409 Neque
783 1326 883 1392 cnIm
906 1326 987 1391 ulle
1006 1328 1125 1393 rebe·

51 1433 230 1499 mentior
250 1432 357 1497 intre
376 1429 565 1514 cogitatio
590 1432 659 1509 est,
685 1450 764 1515 quse
785 1431 882 1497 nihil
902 1436 1062 1498 moveat
1087 1433 1125 1499 in

52 1539 180 1604 rnltu.
223 1535 292 1602 Non
314 1536 352 1601 de
380 1535 564 1620 egrtetnne
586 1536 698 1619 egitur,
720 1535 775 1602 sod
797 1535 1028 1614 dentientibus,
1053 1538 1125 1604 libi·

16 1624 22 1631 ⁴
54 1645 140 1724 dine,
168 1647 270 1718 metu,
293 1639 431 1706 audacie
482 1640 702 1707 scribendum:
733 1640 840 1707 intre
860 1641 1026 1726 epitecto
1048 1645 1125 1714 est.

59 1751 200 1815 Primum
221 1750 338 1814 sectum
360 1748 409 1812 est
436 1746 709 1830 introgitetio,
738 1749 806 1811 tum
834 1764 927 1829 preve
955 1746 1124 1831 supplendo

57 1856 164 1921 intre
186 1852 385 1938 cogitatio.
433 1851 509 1930 (cfr.
532 1850 569 1916 de
594 1852 674 1916 brev.
697 1852 751 1918 vit
774 1852 804 1929 9,
826 1851 890 1936 3.)·

158 1961 225 2025 Ibd.
249 1959 287 2038 2,
326 1958 347 2021 3
374 1958 445 2022 ente
466 1956 610 2021 lacunam
632 1960 664 2022 et
686 1958 718 2021 tn
740 1958 770 2022 A
792 1958 834 2035 (In
856 1976 916 2042 quo
937 1957 1040 2023 omnio
1060 1957 1126 2023 heo

66 2067 134 2129 ente
152 2065 293 2130 leonnem
315 2063 451 2129 secunda
472 2081 565 2127 menn
587 2062 730 2145 supplete
751 2066 839 2144 sunt)
861 2065 893 2128 et
912 2064 983 2128 inB
1006 2063 1126 2129 cetero·

1 2236 2 2239 ,
68 2188 187 2253 rumque
220 2170 373 2252 plerisque
419 2169 579 2235 scribitur:
625 2171 663 2233 et
706 2169 744 2233 in
786 2167 1002 2252 perniciem
1036 2188 1125 2252 pro-

1 2258 4 2339 i
73 2273 252 2340 mironem
273 2277 381 2341 totos
402 2273 558 2358 populos
581 2273 726 2356 cepitis
749 2273 892 2339 domne.
942 2274 1013 2341 Non
1036 2294 1125 2360 pes·

79 2395 130 2442 sos
149 2380 317 2446 addendum
339 2380 414 2453 eret,
438 2379 493 2444 sed
514 2380 649 2464 syllaba:
672 2378 884 2445 damnator.

80 2566 82 2569 v
163 2487 227 2552 Ibd.
252 2486 290 2562 3,
324 2485 410 2550 isio
442 2485 535 2550 verbe
562 2483 722 2549 scribenda
750 2486 782 2550 et
803 2486 1014 2571 coniungendo
1037 2492 1125 2554 eunt:

1 2669 2 2675 η
82 2582 158 2653 Iota
177 2590 336 2657 illorum
365 2592 409 2656 nt
430 2591 555 2668 extre,
582 2590 641 2654 ite
666 2589 775 2658 intre
809 2592 930 2657 forme
950 2593 1125 2660 bumenae

1 2717 2 2748 1
83 2687 267 2761 dissimilis
289 2697 366 2771 est,
403 2696 550 2780 regium
576 2694 676 2759 illnd
706 2695 743 2759 st
771 2696 987 2778 principale
1008 2699 1126 2764 eliter
1248 2691 1249 2694 '

1 2865 2 2870 ἵ
84 2792 225 2867 ductum.
268 2802 409 2868 Utvor
431 2802 490 2868 est
510 2799 665 2883 quidem
693 2847 758 2879 ...,
791 2803 849 2865 ite
870 2801 995 2883 ipsum
1016 2803 1126 2886 prio-

85 2897 186 2982 ripole
204 2908 263 2973 oet.
564 2894 565 2898 ¹

163 3009 225 3078 lbd.
258 3013 287 3088 6,
324 3012 358 3076 22
392 3011 432 3077 Si
458 3029 500 3076 ne
533 3009 577 3074 ed
610 3010 680 3075 hoo
717 3011 869 3095 quidem
897 3014 1125 3096 respondet,

83 3106 267 3186 interdicit
307 3116 472 3199 (medicus)
506 3116 603 3181 cibis
636 3117 674 3180 et
704 3117 950 3183 abstinentia
985 3137 1144 3202 eorpus·

86 3228 259 3290 exonerat:
272 3223 391 3305 Neque,
414 3241 473 3305 quo
496 3221 563 3286 hoo
585 3221 751 3301 referetur,
773 3242 882 3307 neque,
906 3224 1127 3308 quodsitsub·

85 3317 174 3393 iccium
193 3330 279 3396 verbi
301 3327 533 3412 respondet,
569 3329 705 3410 apparet.
762 3329 980 3396 scribendum:
1017 3332 1050 3397 si
1082 3350 1126 3396 no

83 3421 137 3492 hoc
165 3436 317 3519 quidem
354 3433 576 3515 respondet,
615 3427 769 3510 hoo‘est,
802 3436 869 3519 spei
900 3436 1064 3519 respondet
1096 3438 1128 3502 et

83 3535 179 3610 proficit
203 3538 415 3623 succedibqn03
449 3538 508 3603 vid.
539 3541 614 3617 len,
648 3539 734 3606 velut
756 3539 904 3606 Schelleri
926 3561 956 3623 p.
979 3540 1061 3604 9397
1094 3541 1127 3606 in

84 3633 106 3698 d
141 3647 206 3727 (94
228 3647 318 3731 qnia
340 3646 435 3724 vivi,
470 3644 549 3729 qnod
570 3644 725 3727 Hauptins
747 3646 780 3712 II
800 3666 830 3729 p.
863 3646 889 3708 4·
918 3645 1011 3712 scribi
1032 3647 1126 3726 iubet,

86 3756 107 3801 ³»
126 3746 193 3816 1863
214 3753 248 3818 in
270 3751 410 3835 margine
432 3755 673 3829 annotaveram.)

162 3858 225 3925 lbd.
260 3857 315 3934 13,
360 3858 394 3920 I:
437 3856 583 3922 Deinde
620 3876 698 3941 quae
743 3855 920 3921 habende
962 3860 1050 3924 sunt
1090 3860 1127 3924 in

83 3945 188 4041 bonis,
224 3982 295 4046 qno
336 3961 495 4040 maiore,
534 3981 575 4028 eo
615 3961 783 4028 meliora
815 3962 853 4026 et
888 3961 1128 4043 optabiliore

83 4066 160 4129 runt.
202 4065 375 4131 Verborum
407 4066 444 4130 in
475 4067 587 4133 bonis
624 4067 744 4131 nullum
775 4064 994 4157 inloodieibns
1029 4069 1072 4151 (A
1100 4069 1126 4134 Β

84 4161 140 4240 oet·)
171 4171 336 4255 vestigium
368 4172 426 4237 est.
470 4173 579 4254 Itaque
611 4172 705 4238 fuisse
736 4173 826 4254 puto:
872 4171 1018 4238 Deinde
1047 4193 1127 4257 qnae

84 4276 204 4337 creoda
232 4276 336 4351 sunt,
375 4295 444 4360 qno
473 4297 534 4357 m.,
565 4297 590 4343 e.
619 4297 660 4342 m.
766 4279 867 4343 sunt.
913 4274 1018 4342 Cicero
1039 4299 1128 4341 overe

84 4361 336 4457 bectonemdirit
357 4383 517 4448 Lucretius
540 4381 622 4466 qood
642 4402 763 4444 avernos
785 4384 818 4447 et
838 4382 899 4448 alie
917 4382 1040 4461 similis,
1062 4384 1127 4451 Ho-

81 4474 159 4547 fsstids
178 4487 258 4572 qnod
278 4487 397 4551 eseber.

876 4596 923 4648 ne'
