2654 5010
264 278 325 340 m
630 274 887 346 ὠπὴν

225 495 265 541 ee
286 474 467 540 eontulit
490 479 549 540 eet
591 472 645 540 Sio
672 475 803 554 moise,
833 497 905 556 non,
936 476 1024 560 quod
1045 477 1261 542 substituituriu

224 581 381 664 plerisque
412 581 608 657 editionibus,
636 582 962 649 translntieium.
1023 583 1125 650 Prone
1152 583 1264 648 ndieet‘ri

227 685 404 753 terminatio
425 687 464 752 de
485 686 646 752 sententio
667 706 787 773 quoque
808 690 885 755 vitio
906 691 1078 767 admonet3
1100 689 1266 774 nequeenim

228 793 292 859 ius
320 792 508 858 mehtioium
540 793 607 859 ullo
635 796 777 860 meroede
807 799 970 878 empturus
1003 802 1075 862 erut
1099 795 1269 867 &humor

228 899 425 981 publicum
457 899 584 983 quidem
616 900 665 966 ius
700 901 762 966 aiio
793 912 879 968 nerto
908 902 1142 986 signifiontione
1172 901 1270 966 deon.

230 1004 431 1070 Soribendum
464 1007 528 1071 est:
562 1025 608 1072 ne
639 1007 843 1090 publicum
866 1008 1032 1091 quidem
1062 1012 1103 1073 et
1122 1006 1272 1073 trnnsln·

229 1110 371 1175 tioium
394 1126 518 1176 nune
568 1110 725 1178 Siereote
745 1113 837 1179 huius
866 1114 971 1178 aetetis
1003 1132 1064 1179 mn
1097 1114 1273 1198 poblicum
1326 1151 1327 1159 κ

229 1234 283 1299 pro
305 1215 459 1281 communi
480 1236 517 1282 ue
537 1217 657 1303 vulgari
679 1219 800 1285 dieitur.

331 1392 400 1458 ‘fin
424 1394 481 1460 17:
514 1394 590 1460 Sed
611 1394 658 1460 de
679 1397 912 1480 cognomine
934 1394 1076 1471 e'liieerio
1100 1394 1275 1468 deoernendor

231 1499 475 1566 intercessit
495 1502 721 1586 Augustus.
749 1521 790 1566 eo
816 1505 1057 1567 contentum
1083 1503 1277 1584 repromit-

232 1609 338 1680 tens.
360 1608 463 1690 quod
484 1627 525 1674 se
546 1606 738 1673 defuneto
759 1612 1027 1690 suscepturus
1051 1611 1171 1673 esset
1190 1607 1277 1689 Neque

232 1714 523 1797 repromittere
544 1733 599 1798 pro
621 1714 857 1797 promittere
877 1714 1070 1796 simpliciter
1085 1733 1224 1798 umquem
1242 1713 1278 1776 di·

232 1820 322 1895 eitun,
345 1822 484 1903 quemvis
506 1820 539 1885 id
555 1819 687 1886 wolfius
708 1824 739 1884 et
759 1817 813 1884 eiii
827 1818 993 1896 sffirmeut
1009 1839 1116 1904 neque
1131 1819 1278 1886 infinitivus

232 1924 1279 2009 abesseposseridetur(promittoTiberiumoontentun);

232 2049 303 2094 nem
331 2032 424 2112 poulo
452 2033 543 2098 eliter
572 2034 683 2099 dieitur
711 2031 899 2115 (Ang.'10):
933 2034 1161 2099 Antonium
1185 2034 1280 2098 edin·

232 2142 358 2203 terem
381 2144 627 2222 speraverat
681 2138 716 2202 ln
738 2136 850 2203 litteris
872 2156 911 2202 re
933 2138 1014 2203 lutet
1035 2140 1200 2222 vestigium
1219 2140 1279 2210 eius

236 2243 317 2328 qnod
341 2244 505 2310 Suetonius
533 2245 713 2328 scripserat:
746 2264 788 2310 eo
811 2245 1045 2309 contentum
1070 2244 1145 2311 ione
1166 2244 1280 2332 prenit-

235 2355 318 2417 tem.
373 2351 476 2416 Etiam
499 2350 572 2416 Otb.
599 2354 619 2413 4
646 2350 784 2433 euspieor
811 2350 885 2414 olim
913 2349 1066 2432 semotum
1098 2350 1207 2415 tuisse:
1232 2349 1278 2414 in-

235 2461 420 2542 persone·
442 2475 595 2541 qnoque
617 2457 728 2523 brevi
748 2458 819 2523 tene
841 2456 1045 2541 promittens

335 2621 414 2688 ibid.
446 2623 505 2686 28:
544 2622 687 2689 Exstat
719 2624 758 2688 et
794 2639 922 2686 sermo
958 2623 1049 2687 eins
1083 2620 1222 2698 (tiberii)
1250 2618 1280 2682 in

233 2731 380 2794 eeoetn
414 2728 648 2812 peroiriiis:
692 2730 730 2794 Si
770 2727 926 2812 quidem
970 2726 1140 2793 leontos
1175 2726 1283 2792 aliter

234 2835 377 2910 inerit.
399 2833 499 2900 dabo
520 2854 692 2918 operum,
714 2839 756 2900 ut
776 2833 973 2899 rationem
998 2832 1197 2898 foetorum
1218 2850 1282 2896 me·

233 2960 341 3008 orum
365 2941 645 3025 dictorumque
671 2938 848 3015 reddem3
881 2938 915 3004 si
948 2936 1281 3022 perseveraverit,

232 3049 270 3113 in
293 3050 418 3114 ricem
440 3067 525 3114 enm
545 3047 672 3115 odero.
731 3047 839 3131 Neque
866 3046 899 3110 ei
928 3045 1091 3128 quidem
1113 3063 1169 3128 pro
1189 3043 1221 3108 si
1240 3059 1283 3127 po·

232 3156 327 3220 eitum
359 3154 409 3220 hie
440 3153 536 3220 ulium
569 3153 662 3220 hebet
692 3153 927 3228 exeusationem,
957 3153 1128 3235 praesertim
1151 3152 1283 3234 sequente

232 3260 330 3326 altero
352 3260 405 3337 ei,
432 3279 530 3344 neque
552 3261 723 3326 mbieetnm
745 3260 851 3324 abesse
873 3257 1053 3323 ullomodo
1075 3261 1178 3340 potest
1199 3271 1282 3338 neque

232 3365 424 3452 significatio,
458 3366 496 3430 de
528 3385 588 3451 qno
620 3367 744 3432 homine
773 3365 823 3431 vei
851 3382 885 3429 re
914 3362 1027 3446 uliquis
1050 3383 1110 3429 non
1134 3360 1284 3429 honorifioe

231 3473 383 3556 loquetur.
436 3472 631 3562 Sepnrsndae.
653 3471 766 3539 reotins
797 3470 910 3535 litterae
939 3473 973 3534 et
993 3488 1056 3535 unu
1083 3469 1231 3546 nddende,
1256 3476 1285 3530 ut

232 3580 303 3645 tint:
337 3580 377 3645 Si
401 3579 456 3663 qui
477 3579 576 3666 (quis)
599 3579 640 3646 de
662 3597 711 3646 ne
738 3579 898 3644 loeutus
930 3575 1056 3643 aliter
1087 3577 1216 3642 inerit
1234 3582 1284 3640 oet.

230 3686 374 3752 Ceterum
405 3685 642 3752 inusitatissime
674 3684 786 3751 dieitur
818 3685 981 3750 loeutus
1013 3684 1143 3750 oiiter
1175 3702 1226 3769 pro
1244 3699 1283 3754 eo.

231 3791 313 3875 quod
334 3794 384 3858 est
404 3811 536 3868 eeoue,
560 3793 617 3858 hoo
637 3796 695 3870 est,
718 3793 749 3857 in
771 3790 950 3857 deteriorem
968 3792 1100 3873 purtem,
1116 3809 1175 3856 neo
1187 3787 1287 3856 iniurir

230 3897 362 3964 dubitari
390 3901 502 3983 potest,
531 3905 634 3965 utrum
664 3901 709 3965 sie
737 3897 901 3968 Suetonius
929 3898 1097 3979 scripserit,
1120 3916 1160 3962 on
1190 3913 1285 3978 super·

229 4004 378 4086 seriptum
402 4004 624 4090 interpretandi
645 4024 738 4073 neuen
761 4004 848 4070 elteri
878 4004 1021 4071 adverbio
1049 4002 1157 4070 minus
1186 4003 1287 4068 usitnto

228 4111 293 4186 hoo,
325 4111 408 4193 qued
440 4131 523 4178 nono
558 4112 681 4197 legitur,
716 4112 746 4177 in
777 4113 950 4178 contextum
973 4111 1146 4177 orationem
1170 4106 1286 4180 venerit
