2580 5054
499 103 706 160 Demosthenes,
883 142 887 151 »
1053 102 1093 166 39

0 280 239 373 ἱἳ--θόντας
260 296 333 385 χρή,
363 303 416 365 καὶ
447 295 517 367 τότ’
539 296 583 367 ἄν
601 295 784 368 οἷδικουντα
814 298 874 385 ὁρζι
897 327 960 375 τις,
983 294 1025 367 ού
1050 326 1137 385 προ-

52 400 280 490 ναρπόζειν
314 431 342 473 κ.
365 433 393 472 τ.
417 409 444 472 λ.
498 410 534 474 ln
557 410 604 474 his
627 410 680 474 acri
704 403 773 475 τότ’
794 404 838 475 οἲν
853 401 884 474 or'.
902 401 964 492 ὁρᾷ
978 432 1030 480 τις
1052 406 1136 471 nulle

19 505 107 570 81·-
144 513 293 579 orationis
315 515 488 592 struotura;
511 517 573 581 erit
594 518 679 581 recta
702 519 734 581 et
754 515 903 599 legitima,
920 513 945 577 si
962 511 1135 594 scripseris:

15 616 120 680 ἴεαὶ
151 613 219 687 τότ’
241 613 298 685 ὅτ’
320 615 364 686 οἲν
387 614 572 687 α’δικοῦντυ
595 616 654 707 ὁρᾷ
677 647 737 696 τις.
779 622 857 687 Duae
879 619 1034 704 ponuntur
1055 617 1136 682 iuste

21 716 262 793 adversarios
297 727 500 810 persequendi
522 729 722 805 condiciones,
740 730 830 811 prior,
847 729 881 790 ut
895 726 962 809 ipse
978 730 1009 790 tc
1024 724 1137 789 iudicio

19 807 253 911 defenderis,
276 832 381 908 altera,
404 839 440 898 ut
460 833 650 899 adversarios
679 854 786 916 reapse
814 835 846 897 iu
876 831 978 915 atiquo
1001 830 1136 895 facinore

32 914 316 1018 deprehenderis.
365 939 509 1005 Ceterum
536 941 618 1004 recte
640 939 796 1005 Bekberus
819 942 851 1005 et
875 938 1044 1022 superiores
1066 956 1133 1002 oum

34 1024 273 1113 <leuceoron
306 1043 462 1112 codicibus
494 1039 697 1119 ἀδικοῦντας
730 1046 878 1121 scribunt,
910 1046 1048 1128 alioquin
1084 1047 1137 1112 de-

44 1125 165 1218 heber
194 1172 277 1218 esse:
319 1145 502 1219 ιῖδικουντοῖ
526 1180 614 1237 σινιι,
647 1152 749 1217 minus
781 1153 853 1235 apte
886 1154 1137 1219 concurrentibus

47 1256 147 1326 ‘trad
171 1270 203 1325 et
224 1260 284 1333 τίς.

176 1426 256 1495 Ibid.
273 1424 349 1486 189:
367 1427 398 1488 εἰ
404 1429 521 1506 μέντοι
532 1417 641 1510 ῥήτωρ
654 1423 744 1489 ἐστὶν
756 1430 849 1495 οἴους
861 1421 971 1494 ἐνίους
993 1423 1061 1487 τών
1084 1424 1138 1486 λε-

60 1521 204 1610 γόντοιν
227 1523 288 1615 ἐγώ
312 1532 366 1595 καὶ
390 1526 490 1613 ripaeis
513 1533 546 1597 δὲ
569 1525 682 1614 ὁρᾶτε,
709 1523 860 1602 α’ναιδεῑς
883 1530 936 1594 καὶ
960 1522 1017 1614 e‘p'
1040 1523 1138 1614 ὑμῶν

70 1629 367 1717 πεπλουτηκότας,
390 1631 451 1704 oo'n
475 1633 518 1704 ἄν
542 1643 616 1726 εἴην
639 1627 738 1711 οὗτος
761 1629 834 1723 ἐγώ.
889 1634 976 1700 Nihil
999 1629 1136 1703 estsine

68 1742 133 1806 τοὺ
167 1733 280 1826 δήμου
312 1747 483 1821 πλουτεῖν,
521 1746 665 1829 quoniam
693 1745 724 1809 in
754 1745 844 1808 verbo
868 1746 1031 1809 πλουτεῖν
1053 1745 1138 1810 nulla

67 1849 250 1915 huiusmodi
272 1852 410 1934 patiendi
431 1852 614 1937 significatio
636 1852 711 1935 fingi
732 1851 845 1932 potest,
868 1851 968 1931 qualis
991 1854 1039 1917 est
1053 1853 1138 1917 verbi

64 1975 174 2033 causa,
206 1976 274 2022 curn
309 1957 420 2024 dicitur
451 1953 620 2045 θνήσκειν
635 1952 703 2025 ὐσιό
732 1983 834 2030 τινος.
880 1955 988 2039 Neque
1005 1958 1138 2041 populus

66 2065 137 2146 ipse
160 2061 337 2129 huiusmodi
359 2064 506 2146 homines,
529 2065 567 2131 de
589 2066 700 2149 quibus
722 2064 834 2148 agitur,
858 2063 987 2142 uitabat,
1017 2064 1070 2128 sed
1092 2063 1138 2130 illi

66 2169 220 2251 pupulum
255 2168 471 2235 defraudantes
503 2170 646 2253 peculatu
680 2169 803 2235 divitias
836 2168 1045 2241 concedebant.
1084 2169 1141 2236 hoc

63 2277 130 2355 est,
153 2268 222 2341 cirre*
247 2278 307 2342 coci
332 2270 444 2361 δήμου
467 2271 667 2342 ἐπλούτουν.
723 2275 923 2341 Scribendum
952 2275 1048 2359 igitur
1075 2269 1141 2361 (ἐφ’

64 2377 180 2469 ὑμῶν.
224 2383 291 2464 [Sic
312 2383 373 2449 iam
396 2384 552 2462 Cobotes]

172 2547 275 2619 XXII.
309 2547 364 2611 20:
408 2543 460 2613 ὅτι
486 2550 604 2612 τοίνυν
639 2538 712 2612 ov'd'
745 2549 854 2619 αἴτιος
887 2541 989 2619 ἄλλος
1027 2541 1139 2622 οὐδεὶς

64 2649 271 2738 despuisse
305 2657 372 2721 ἐστὶ
406 2656 469 2721 τοῦ
499 2649 549 2738 μή
583 2654 799 2738 πεποιῆσθαι
829 2650 891 2727 τοὶς
921 2654 1016 2729 ναῦς,
1038 2656 1142 2721 τοῦτο

65 2762 189 2848 σαφῶς
209 2756 295 2845 ὑμῖν
318 2762 480 2837 ἐπιδείξω·
505 2753 674 2828 αὐελουσοι
697 2756 762 2848 yoip
785 2754 936 2848 ἡβυυλή
952 2758 1014 2827 τόν
1029 2755 1139 2848 νόμον

65 2872 197 2938 τουτον
212 2862 462 2955 ἐχειροτόνησεν
477 2863 575 2956 αὐτῇ.
609 2868 661 2933 Sic
679 2871 717 2935 Σ.
751 2866 812 2948 Qui
827 2869 1010 2949 interpolate
1026 2865 1138 2957 ου’τήν

64 2976 269 3059 scripserunt,
303 2976 339 3039 ut
372 2975 450 3039 nibil
482 2975 520 3039 de
553 2976 706 3041 sententia
738 2973 839 3038 dicam
866 2972 955 3056 (quid
978 2976 1025 3039 est
1046 2974 1137 3051 enim,

66 3088 213 3151 senatum
230 3086 327 3147 semet
342 3082 444 3165 ipsum
464 3082 627 3166 creasses),
643 3101 702 3146 non
719 3080 1002 3145 animadverterunt
1016 3082 1139 3146 τοῦτον

64 3188 188 3257 obiecti
219 3188 283 3253 loce
316 3189 469 3270 pertinere
498 3188 537 3253 ad
568 3181 829 3274 ἐχειροτόνησεν,
851 3203 911 3251 uon
933 3186 1033 3252 solum
1057 3185 1138 3269 quod

66 3296 120 3363 bis
157 3313 249 3376 supra
283 3293 314 3358 iu
348 3292 405 3358 bac
436 3293 503 3376 ipsa
539 3294 730 3378 paragrapho
762 3291 945 3376 simpliciter
977 3286 996 3358 o‘
1030 3287 1138 3375 νόμος

66 3401 197 3475 dicitur,
220 3420 278 3465 nou
302 3389 435 3474 οὗτοςὸ
457 3394 573 3486 νόμος,
596 3403 649 3466 sed
664 3400 745 3484 quod
761 3399 1140 3482 necessarioAndrotionis

67 3524 203 3592 persona
235 3507 266 3571 in
299 3507 377 3574 hanc
410 3507 594 3574 senteutiam
628 3507 742 3573 includi
766 3511 888 3572 etcum
911 3507 1037 3570 senatus
1059 3506 1139 3572 facto

68 3613 215 3697 coniungi
249 3614 348 3688 debet,
379 3616 524 3698 quoniam
558 3612 694 3696 alioquin
727 3613 811 3678 nulla
843 3611 908 3677 eius
931 3612 1021 3695 culpa
1042 3611 1139 3698 signi-

67 3720 192 3786 ficatur.
220 3719 351 3786 Senatus
366 3721 460 3805 igitur
475 3719 698 3786 Androtionem
715 3711 966 3807 ἐχειροτόνησεν
981 3718 1013 3784 et
1027 3738 1139 3784 munus

69 3828 100 3893 ei
135 3826 260 3909 aliquod
293 3828 505 3904 demandarit3
540 3826 697 3909 quodnam
730 3825 764 3890 id
796 3825 878 3890 fuit?
920 3824 957 3889 In
978 3825 1036 3891 bac
1058 3828 1140 3892 enim

63 3935 140 4018 ipsa
172 3932 306 4000 muneris
338 3932 573 4000 demandatione
607 3934 674 3998 tota
703 3931 928 4017 argumentatio
957 3933 1060 4015 posita
1082 3934 1138 3998 est.
