2678 5016
526 573 816 669 oenn'
1047 616 1088 679 aa

59 829 171 879 nomen
208 811 247 876 de
277 809 413 876 summis
449 807 635 874 eruciatibus
671 807 835 885 Herculis,
876 812 1130 898 intelorabileque

59 919 94 985 fit
115 917 312 1001 superposite
330 916 365 979 in
387 912 497 982 eodm
517 932 609 980 versu
633 914 708 978 derra
732 915 936 995 menuctus.)

158 1019 299 1191 IX&
313 1041 441 1190 ggnlnum
462 1143 575 1209 magne
596 1128 683 1209 petet
702 1127 759 1192 hos
782 1126 932 1193 Acheloia
952 1127 1081 1211 supplex

210 1233 251 1297 ab
271 1233 344 1297 iove
366 1228 522 1296 Caiirrhoe
544 1231 626 1296 uatis
647 1231 943 1310 infantibusanucs,

209 1354 288 1401 neve
308 1353 415 1400 necem
437 1334 518 1400 siuet
538 1354 606 1404 esse
627 1337 687 1410 diu,
701 1321 825 1403 uictoris
846 1337 988 1403 multam.
1130 1329 1134 1334 ⁴
1246 1319 1248 1322 Α

58 1443 107 1508 Sic
127 1444 214 1507 reete
237 1441 404 1508 Merkeiins
438 1459 475 1507 er
506 1442 593 1508 bonis
624 1442 779 1523 codicibus
810 1443 924 1523 edidit,
957 1442 1018 1509 nisi
1044 1443 1126 1526 qued

58 1548 181 1611 victoris
201 1546 339 1612 retinuit
382 1546 465 1613 Nam
482 1565 580 1630 neque
600 1549 696 1612 uictor
716 1549 831 1615 ultione
853 1552 934 1634 eget,
955 1567 1054 1631 neque
1075 1549 1125 1613 ai-

60 1654 99 1719 cit
115 1654 279 1719 Alcmaeon
294 1672 313 1717 a
327 1651 449 1737 Phegeu
463 1653 653 1734 interiectus,
670 1672 769 1737 neque
782 1655 906 1720 omnino
927 1653 982 1720 illc
1004 1654 1127 1719 nomine

59 1759 227 1845 significari
258 1760 370 1841 petest.
414 1758 574 1823 Innectum
608 1755 640 1823 id
673 1762 722 1825 est
759 1758 923 1831 munifeata
957 1759 1125 1841 interpela-

59 1866 139 1931 tione
172 1864 215 1930 ud
247 1861 464 1929 occultandum
496 1864 615 1928 hiatum
647 1863 840 1930 tolerabilem
872 1864 903 1929 in
935 1865 998 1930 arsi
1032 1866 1066 1930 et
1093 1865 1126 1930 iu

60 1971 198 2038 eiusdem
220 1970 322 2054 longae
345 1969 460 2035 venalis
482 1978 641 2036 concursu.
688 1970 730 2034 ut
755 1968 862 2034 uteru
883 1988 995 2038 nomen
1016 1988 1125 2037 neces·

60 2078 174 2143 sarium
196 2078 248 2141 est
268 2093 329 2139 non
351 2075 451 2140 selum
470 2075 510 2141 ad
530 2093 694 2158 persenam
716 2075 971 2159 significandum,
1008 2076 1064 2142 sed
1085 2076 1139 2144 ad.

60 2201 187 2250 acumen
204 2181 406 2246 efficiendum
427 2179 547 2260 (alteru
568 2180 719 2259 inuitum),
741 2184 774 2246 et
794 2181 866 2254 ἀίω
889 2200 961 2247 nam
983 2173 1125 2248 celeritas

59 2288 184 2353 ulturus
205 2286 383 2370 potetatem
404 2286 514 2357 ulcisci
535 2287 655 2370 patrem
676 2290 815 2369 peterent
836 2287 901 2365 filii,
923 2286 1048 2361 etiamsi
1070 2306 1123 2351 er·

60 2395 253 2476 spectassent
274 2391 469 2457 communem
490 2390 685 2457 adoleseendi
717 2392 846 2477 legem„
884 2393 1124 2467 (Laurentianus

59 2499 163 2564 hient
185 2517 269 2581 saepe
291 2516 363 2564 cum
389 2490 581 2580 interpolatis
594 2493 696 2572 'facin
718 2500 770 2581 qui
792 2518 821 2564 v.
843 2493 978 2570 413'tee
999 2498 1123 2579 habeut,

58 2607 120 2669 turn
143 2606 224 2666 415:
248 2604 365 2679 addas,
396 2621 473 2688 neae
505 2621 614 2668 necem
636 2603 720 2668 sinet
742 2623 810 2670 esse
824 2603 942 2674 ,ultoris
964 2602 1124 2682 inultam.)

154 2710 212 2788 lx,
235 2710 297 2772 728
319 2729 385 2793 sqq.
408 2709 452 2786 (in
474 2708 591 2790 Iphidis
614 2709 757 2790 querelis)
777 2709 878 2774 editur
900 2704 995 2776 nunc:

546 2811 580 2878 Si
602 2812 633 2877 di
655 2815 731 2879 mihi
753 2834 878 2897 parcere
899 2815 1022 2888 uellent,

197 2920 339 2985 naturale
361 2919 477 2985 malum
496 2919 609 2984 saltem
629 2921 661 2984 et
682 2918 719 2983 de
741 2939 826 2985 mere
848 2920 1016 2994 dedissent,

58 3025 149 3091 eiecto
168 3043 271 3103 versu,
292 3027 345 3109 qui
366 3025 398 3089 iu
420 3024 575 3090 codicibus
597 3025 800 3107 interponitur
819 3025 885 3091 hic:
1047 3112 1049 3115 Ι

196 3142 322 3215 parcere
349 3131 405 3212 (al.
428 3116 576 3215 perdere)
595 3129 763 3196 debuerant
790 3131 817 3197 si
843 3149 904 3195 non
934 3131 966 3196 et
995 3129 1123 3213 perdere
1231 3124 1233 3127 ’

776 3294 777 3297 ,
869 3236 1013 3314 .velleut‚

58 3336 214 3411 sentemin
243 3341 408 3407 manifeste
440 3340 577 3418 nassae
609 3359 683 3405 nem
713 3343 763 3407 eui
794 3341 826 3406 di
857 3359 982 3425 parcere
1015 3342 1123 3408 velunt

55 3452 122 3527 (nisi
156 3449 328 3516 sceleratus
354 3446 571 3531 mnssimnm
592 3464 715 3529 punam
745 3448 875 3522 meruit,
908 3468 974 3531 quae
996 3448 1120 3514 mitiore

55 3558 215 3632 mutetur,
249 3552 421 3618 cuiusmodi
453 3550 530 3616 nihil
563 3551 613 3616 hie
647 3551 870 3635 significetur),
900 3572 959 3618 neu
981 3548 1120 3618 naturale
1151 3603 1154 3610 ,

54 3663 170 3728 nulum
193 3660 279 3737 dant,
301 3655 358 3723 sed
377 3656 507 3722 nullum.
553 3656 615 3723 Sed
642 3656 721 3723 iliud
746 3658 853 3721 vellent
882 3660 984 3722 crtum
1012 3659 1061 3722 est
1085 3676 1121 3724 er

55 3769 100 3834 illc
122 3766 223 3832 altero
245 3782 344 3839 versu,
366 3763 419 3847 qui
443 3762 560 3828 nnllam
583 3763 692 3831 habuit
710 3765 772 3830 nisi
793 3766 833 3831 ab
848 3763 956 3829 Ouidio
975 3763 1120 3830 nascendi

57 3891 178 3940 ansam
207 3869 406 3951 adhibitaque
433 3869 617 3943 correctione
645 3872 717 3952 apte
744 3871 777 3935 et
804 3889 874 3934 cum
903 3870 1045 3936 acumine
1065 3888 1120 3952 pe·

56 3981 148 4045 nitur:

475 4079 509 4145 Si
529 4081 562 4147 di
582 4081 660 4146 mihi
680 4096 806 4164 parcere
825 4081 938 4144 nuttam
958 4118 997 4129 -

199 4205 327 4271 parcere
350 4185 534 4264 debuerant;
556 4187 642 4252 —si
662 4204 733 4260 nou,
756 4188 788 4252 et
807 4186 935 4270 perdere
957 4186 1082 4265 vellent

200 4292 343 4363 sauma
363 4291 483 4368 mnium
507 4292 620 4363 saitem
639 4294 672 4358 et
693 4290 730 4355 de
751 4309 846 4364 mure,
861 4290 1027 4360 dedissent
1187 4290 1189 4293 ’

62 4397 253 4484 interrumpit
272 4399 444 4466 oraticnem
474 4398 569 4480 Iphis,
596 4416 654 4462 uec
675 4399 780 4464 umen
806 4398 896 4479 plane
917 4394 1112 4478 parenthesin
