2678 5018
256 344 277 405 4
631 338 746 394 marl.
767 339 831 408 cap.
841 339 863 394 1.

215 539 348 623 primum
383 537 580 619 respondebo,
614 556 663 602 me
696 537 859 620 diligenter
892 537 1124 611 attendentem,
1146 538 1173 602 si
1195 539 1282 621 quid,

216 642 296 726 quod
319 643 409 724 paulo
444 642 537 708 latius
560 644 687 726 pateret,
723 644 806 707 certa
827 641 1028 725 prudentique
1067 645 1283 709 observatione

216 748 373 830 repertum
396 747 560 822 videretur,
583 746 757 820 adscivisse,
790 765 849 811 non
880 764 977 827 pauca
1000 747 1119 825 minora¹
1152 767 1281 818 acom-¹

216 853 303 916 muni
325 853 391 916 arte
414 851 545 916 arcenda
566 852 698 935 putasse,
722 851 869 915 nonnulla
891 869 1013 932 prorsus
1033 856 1068 918 ut
1089 853 1206 919 incerta
1225 858 1284 920 aut

217 957 295 1023 falsa
317 957 478 1038 sprevisse,
491 956 611 1021 deinde
625 960 729 1021 autem
752 951 854 1021 me'de
875 958 941 1022 toto
963 959 1185 1041 grammaticas,
1211 978 1282 1041 quae

215 1063 388 1128 scholarum
422 1062 454 1126 et
483 1061 620 1144 ipsorum
652 1061 875 1146 philologorum
909 1079 1002 1127 causa
1034 1061 1074 1127 ad
1096 1063 1279 1143 scriptorum

218 1167 455 1251 intelligentiam
479 1168 686 1249 componatur,
717 1165 915 1232 fundamento
942 1169 974 1232 in
996 1168 1145 1233 sermonis
1167 1168 1280 1234 exculti

220 1273 252 1336 et
273 1272 445 1336 confirmati
471 1290 528 1336 usu
550 1270 762 1336 constituendo
777 1272 868 1353 paulo
878 1272 968 1337 aliter
979 1273 1101 1346 sentire,
1123 1275 1283 1353 postremo

216 1377 249 1441 id
270 1395 388 1459 quoque
420 1376 602 1458 intelligere,
635 1375 738 1440 Plauti
770 1376 923 1441 comediis
955 1395 994 1441 ue
1028 1377 1117 1460 plane
1139 1377 1280 1443 nativum

217 1482 341 1565 quidem
376 1467 559 1545 sermonem
584 1480 727 1545 Latinum
760 1483 792 1546 et
822 1482 929 1564 suopte
957 1481 1079 1564 ingenio
1109 1500 1177 1546 sese
1211 1475 1284 1548 mo'-

216 1588 339 1651 verbm
362 1584 521 1660 contineri,
555 1583 690 1650 sednon
716 1603 783 1650 raro
811 1586 918 1652 (iraeca
939 1585 1096 1659 vertendo,
1118 1587 1283 1662 imitando,

218 1708 329 1755 novam
362 1708 467 1754 versus
500 1688 632 1754 formem
654 1691 807 1772 sequendo
829 1693 861 1755 et
882 1691 910 1755 ei
932 1690 1099 1756 obediendo
1121 1692 1279 1757 inflexum.

218 1795 262 1860 Ut
282 1796 387 1858 tamen
410 1795 570 1859 certiorem
591 1796 685 1860 totius
718 1796 807 1861 huius
839 1795 933 1861 studii
954 1795 1089 1860 Plautini
1110 1797 1281 1880 imaginem

217 1899 320 1964 auimo
357 1899 562 1973 informarem,
606 1904 678 1966 ante
720 1920 832 1984 paucos
872 1919 970 1964 annos
1006 1899 1138 1982 quinque
1176 1901 1281 1967 Plauti

217 2005 337 2070 fabulas
380 2005 498 2086 sumpsi
539 2006 630 2087 paulo
673 2007 785 2071 leutius
827 2003 1036 2088 perlegendos,
1079 2007 1224 2087 quattuor
1263 2027 1282 2072 a

217 2108 386 2175 Ritschelio
429 2110 544 2186 editas,
587 2109 802 2186 Menaechmos,
846 2110 999 2186 Militem,
1042 2109 1285 2189 Mostellariam,

217 2214 441 2291 Trinummum,
474 2233 568 2278 uuam
601 2213 736 2278 nondum
759 2214 798 2278 ab
819 2234 855 2278 eo
877 2214 1002 2288 editam,
1036 2215 1190 2297 Captivos,
1223 2217 1284 2281 ad·

217 2319 323 2384 hibitis
358 2318 455 2383 Bririi
499 2320 532 2383 ot
564 2317 702 2382 Loreuzii
739 2319 885 2400 exemplis
929 2320 972 2396 (in
1013 2319 1154 2402 Captivis
1182 2321 1281 2386 etiam

217 2425 374 2508 Ussiugiil.
414 2422 600 2487 Admirabar
619 2422 845 2505 laudabamque
865 2424 1061 2490 instrumenti
1083 2426 1180 2491 critici
1205 2443 1283 2490 con-

217 2529 411 2612 quisitionem
443 2528 794 2610 pervestigatiouemque
816 2530 1080 2595 accuratissimam
1103 2534 1135 2596 et
1154 2531 1185 2594 iu
1210 2550 1280 2596 om·

216 2635 306 2699 nibus
339 2633 487 2697 rimandis
520 2631 724 2714 diligentiam,
758 2633 856 2698 multa
890 2636 1002 2718 partim
1042 2635 1074 2699 in
1114 2636 1281 2700 verborum

216 2737 351 2819 antiquis
372 2737 480 2802 formis
495 2736 706 2820 protrahendis
726 2738 992 2822 restituendisque,
1014 2740 1125 2823 partim
1147 2740 1180 2803 in
1202 2741 1282 2823 ipsis

215 2840 328 2916 verbis,
356 2840 465 2921 quibus
487 2859 607 2923 quoque
628 2841 696 2907 loco
718 2842 847 2907 Plautus
878 2864 952 2910 usus
975 2845 1068 2919 esset,
1090 2845 1282 2927 reperiendis

215 2945 360 3029 perdocte
382 2947 414 3008 et
435 2945 513 3009 scite
534 2945 749 3012 administrate
770 2948 921 3023 ridebam,
944 2947 998 3012 sed
1020 2947 1105 3012 idem
1125 2949 1171 3013 ita
1195 2949 1280 3014 iudi·

214 3068 284 3114 care
297 3049 433 3135 cogebar,
450 3050 523 3114 dum
536 3050 725 3118 Ritscheliue
748 3053 957 3145 prescriptam
978 3070 1123 3117 vemuum
1146 3055 1279 3120 formam

213 3157 374 3240 legemque
409 3155 528 3236 explere
561 3157 700 3221 studeret
720 3157 884 3240 omniaque
905 3158 945 3222 ad
966 3177 1023 3223 sue
1043 3161 1196 3242 precepta
1216 3177 1277 3225 nou

212 3261 325 3343 ubique
360 3260 445 3324 certa
478 3261 531 3323 aut
551 3280 624 3325 vera
645 3262 787 3345 erigeret,
810 3263 914 3328 omnia
937 3262 1076 3345 denique,
1109 3263 1142 3327 iu
1165 3263 1278 3345 quibus

212 3359 399 3439 adhaesisset,
447 3365 611 3447 corrigeret
650 3385 707 3431 uec
750 3370 879 3451 ἐπέχειν
910 3365 1005 3430 sciret
1039 3368 1186 3442 relletve,
1232 3370 1278 3434 sic

212 3487 290 3551 saepe
313 3487 332 3532 a
354 3468 494 3551 vestigiis
516 3469 653 3533 codicum
676 3472 914 3554 certissimisque
947 3471 1070 3537 iudiciis
1103 3473 1276 3538 discessum

212 3591 288 3648 esse,
322 3573 368 3638 sic
388 3574 505 3666 ‘omnia
538 3592 638 3652 versa,
672 3575 716 3639 sic
751 3577 891 3659 quadam
916 3577 998 3651 fieta,
1021 3597 1082 3663 nou
1104 3579 1172 3643 sine
1196 3579 1274 3644 falso

210 3677 369 3742 verborum
405 3697 462 3744 usu
496 3679 715 3761 sententiaque
749 3681 958 3757 incommodis,
994 3684 1030 3746 ut
1065 3683 1275 3748 temeritatem

208 3781 353 3846 mirarerv
372 3783 524 3866 simulque
569 3782 644 3847 artis
681 3783 793 3848 criticae
830 3786 1088 3868 perturbationem
1125 3787 1273 3852 dolerem.

207 3887 294 3952 Nibil
317 3891 366 3954 est
393 3889 475 3954 enim
508 3889 540 3952 in
573 3906 611 3951 ea
631 3887 806 3953 damnosius
835 3890 1133 3956 hacconsuetudine
1155 3911 1215 3957 uon
1239 3911 1275 3959 er

207 3995 297 4058 certis
328 3993 450 4067 indiciis
472 3992 569 4071 firmae
600 3993 640 4067 et,
663 3993 711 4056 cui
744 3993 810 4074 ipse
833 4013 904 4059 rere
934 3996 1048 4084 credas,
1079 3999 1276 4064 correctionis

205 4098 356 4178 peteuda,
390 4096 455 4170 sed,
493 4095 566 4160 dum
589 4097 691 4161 omnia
714 4098 853 4180 expedire
875 4100 960 4179 velis,
993 4102 1131 4167 instabili
1154 4102 1276 4167 coniec·
