2662 5062
412 300 442 356 L
462 299 561 355 Saum
578 300 685 371 qusstt
703 301 792 355 natur.
1032 296 1094 361 443

76 502 129 566 ant
149 498 320 566 tollendum
343 497 469 563 verbnm
492 505 585 573 (nec,
620 498 661 562 ut
681 495 864 573 flumina,
890 499 1002 563 certo
1024 496 1137 562 alveo

73 605 140 671 sed
248 603 374 682 radit).

172 710 240 776 lbd.
255 708 351 790 13,1:
374 707 447 773 Sed
461 725 684 792 nosquoque
699 706 815 773 aut-in
832 706 963 773 eadem
979 708 1135 772 senteu-

71 817 127 882 tia
160 820 230 881 aut
260 816 299 880 in
334 814 473 880 ultima
504 814 586 879 eius
622 831 761 878 sumus.
813 813 946 879 rreum
977 811 1135 889 ultime,

70 922 195 1004 pravius
226 920 367 986 ultima
389 920 479 986 eius.
537 919 691 1002 Hauptius
718 917 763 1000 (Il
784 938 815 1000 p.
840 917 892 996 18)
925 918 1070 983 cituma
1102 916 1135 981 ei

70 1026 206 1108 scripsit,
228 1030 356 1109 utroque
378 1024 523 1090 vocabule
544 1025 675 1098 mutato,
695 1023 847 1100 adiectiri,
868 1024 949 1106 quod
970 1027 1018 1089 est
1038 1024 1136 1089 citu·

69 1151 153 1197 mus
186 1133 287 1204 (cuins
320 1149 462 1214 perrarus
483 1132 555 1213 post
576 1128 754 1195 Ciceronem
776 1131 850 1195 ante
871 1128 1037 1212 Apuleium
1058 1147 1135 1194 usus

69 1240 139 1315 est),
164 1256 235 1302 oum
257 1236 361 1302 dabre
382 1236 474 1320 positi
495 1238 582 1316 (ante
612 1235 790 1317 Apuleium)
812 1252 872 1322 uno
893 1235 1010 1317 prelato
1031 1253 1136 1299 exem·

68 1345 119 1426 plo
141 1342 297 1408 Ciceronis
331 1342 498 1408 admodum
519 1342 611 1407 dubio
644 1360 662 1405 e
693 1360 790 1406 somn.
812 1339 895 1423 Scip.
917 1357 943 1405 c.
971 1338 991 1403 3
1013 1338 1048 1424 (ξ
1072 1338 1136 1421 16),

69 1450 121 1513 ubi
158 1448 354 1513 scribendum
382 1447 518 1513 ridetur:
556 1447 699 1512 ultima
733 1465 752 1511 a
785 1446 894 1523 celo,
936 1446 1081 1512 cituma
1115 1466 1137 1506 a

68 1555 203 1620 terris.
247 1555 371 1620 Seneeae
396 1555 463 1619 sine
485 1552 576 1618 dubio
597 1551 822 1618 restituendum
845 1553 907 1617 est:
940 1550 978 1614 in
1001 1550 1134 1616 eadem

68 1659 270 1727 sententia
290 1661 356 1724 ent
377 1658 415 1724 in
438 1659 587 1721 uicinia
609 1658 690 1724 eius
712 1675 849 1722 sumus.
888 1654 992 1740 [Grut.
1013 1656 1053 1720 in
1075 1656 1135 1720 ri-

70 1763 332 1848 oinssumns.]

171 1870 236 1935 lbd.
261 1870 315 1942 16,
353 1870 386 1932 l:
430 1868 713 1952 Supervacuum
745 1870 805 1934 est
832 1868 1032 1934 nominare
1054 1868 1135 1933 sin-

69 1977 165 2062 gula>
192 1976 358 2041 flumine
489 1977 527 2039 et
550 1974 792 2039 occasionem
825 1975 1000 2059 singulis
1034 1993 1134 2059 quae·

69 2101 169 2148 rere.
240 2078 440 2147 Scribendum
483 2078 603 2143 videtur
646 2083 731 2160 (post
772 2088 817 2153 m)
866 2080 908 2142 in
951 2080 1133 2165 singulis.

69 2189 201 2254 Delirus
224 2188 273 2252 vir
294 2185 367 2252 ferri
388 2185 499 2266 potest.
553 2186 574 2265 S
596 2183 615 2245 5
638 2186 765 2270 egregie
783 2186 959 2251 emendavit
979 2186 1135 2267 Hauptius

71 2293 115 2372 (ΙΙ
146 2312 177 2375 p.
211 2291 261 2367 19)
294 2291 437 2356 restituto
470 2288 579 2355 lacus
612 2290 740 2373 ampli.
794 2291 854 2357 Sed
887 2293 1035 2374 praeteree
1066 2292 1136 2373 post

71 2397 150 2462 haee:
184 2398 276 2462 sunt
307 2397 346 2460 et
379 2394 471 2460 illic
502 2414 645 2477 specus
755 2401 846 2463 sunt
882 2395 1038 2478 abrupti

70 2503 204 2568 hiatus
239 2502 304 2582 (cui
334 2504 415 2585 parti
440 2500 598 2566 adherent
627 2501 699 2567 illa:
735 2503 811 2567 baee
843 2502 990 2586 spiritu
1019 2500 1135 2583 plena

68 2612 158 2675 sunt
186 2657 193 2673 .
221 2657 228 2673 .
256 2608 409 2673 ‚inane
453 2609 526 2687 est)
555 2608 669 2691 requiri
710 2607 846 2673 uidetur:
888 2617 974 2670 auct
1016 2607 1132 2672 etiam

69 2715 210 2796 stagna
231 2714 290 2779 cet.
333 2713 375 2777 Et
394 2710 483 2776 labile
505 2715 574 2794 post
594 2722 627 2774 et
648 2713 759 2778 excidit
779 2714 883 2779 suut.
1209 2758 1213 2763 -

168 2813 236 2884 Ibd.
273 2818 329 2894 17,
361 2815 395 2882 3:
450 2816 500 2881 Hi
545 2819 648 2895 runc,
686 2819 750 2901 qui
793 2819 945 2885 fabulas
980 2821 1133 2903 putant,

68 2923 215 3004 piscem
247 2940 359 3006 posse
395 2922 522 2988 vivere
554 2924 624 2988 sub
668 2926 778 2989 terre
820 2929 858 2992 et
889 2924 1024 2999 effodi,
1061 2942 1132 2989 non

69 3029 182 3112 oapi?
224 3027 338 3107 Quam
371 3028 609 3094 incredibile
649 3030 705 3094 eis
741 3030 956 3105 videretur,
998 3031 1031 3096 si
1064 3048 1133 3094 au·

67 3132 196 3197 ditent
229 3135 367 3200 natare
407 3134 446 3198 in
477 3150 571 3218 garo
603 3135 752 3219 piscem
783 3155 851 3202 neo
878 3155 987 3201 ooeuae
1016 3154 1134 3200 causa

66 3239 260 3304 occidisse
291 3257 405 3323 super
441 3256 602 3317 eoenam,
646 3258 727 3306 cum
762 3242 922 3307 multum
954 3243 991 3308 in
1026 3241 1131 3307 deli·
1271 3228 1281 3252 ᾖ

66 3343 138 3408 ciis
182 3344 259 3409 luit
302 3347 339 3410 et
381 3343 514 3410 oculos
557 3349 644 3410 ante
686 3346 964 3431 quam-gulam
1002 3346 1134 3428 parit?

64 3446 224 3531 Nusquam
246 3448 378 3515 refertur
398 3450 454 3525 bi;
490 3469 563 3516 nam
590 3453 662 3516 ante
688 3453 830 3518 universe
857 3451 1029 3517 luxuriosus
1062 3469 1132 3516 mos

65 3553 165 3635 pisces
188 3553 273 3619 riuos
293 3554 325 3618 in
355 3554 529 3620 convivium
551 3555 705 3630 afferendi,
728 3560 763 3622 ut
783 3557 827 3622 ibi
848 3557 973 3622 demum
996 3557 1131 3621 morian-

64 3659 122 3735 tur,
145 3662 403 3725 commemoratus
424 3661 485 3733 est,
519 3678 580 3725 nou
600 3661 748 3735 homines,
783 3664 815 3728 et
836 3662 862 3728 si
883 3662 1035 3739 homines,
1069 3679 1129 3726 nou

64 3780 137 3828 sane
158 3762 193 3841 ii,
216 3764 268 3846 qui
290 3764 434 3831 hocloco
456 3765 677 3848 significantur,
704 3767 852 3833 inereduli
872 3768 904 3832 iu
928 3772 1047 3834 neturae
1070 3767 1131 3831 mi-

64 3868 185 3947 raculis,
208 3869 318 3952 quibus
340 3871 437 3936 multo
458 3869 685 3938 incredibiliora
706 3872 803 3938 vidmi
832 3872 950 3942 Seneca
978 3875 1044 3939 uult
1065 3875 1131 3939 baec

63 3971 187 4038 luxuriae
213 3975 346 4040 iuuenta.
394 3975 594 4042 Scribendum
627 3980 690 4044 est:
740 3977 813 4042 Ubi
843 3980 951 4054 suut,
979 3980 1041 4064 qui
1072 3979 1131 4043 fa·

65 4075 171 4144 bulas
207 4083 345 4161 putant
376 4084 436 4147 cet.
482 4082 599 4147 Adesse
631 4084 717 4149 iubet
740 4087 772 4149 et
792 4086 892 4171 magis
914 4086 994 4151 mire
1014 4084 1131 4150 audire.
