2662 5062
359 677 392 736 L.
411 679 510 736 Seneca
523 678 560 746 ‚de
576 681 684 751 trauqu
702 681 794 738 ammi
1013 683 1073 749 381

3 922 4 929 ,
83 867 138 939 illa
162 880 190 945 ot
217 878 320 963 ipsum
350 895 405 960 per
437 895 471 943 se
493 880 526 942 et
546 896 672 944 numero
701 897 831 961 pravum
852 879 984 949 editores
1004 885 1116 966 praeter

3 1041 6 1078 ,
81 972 203 1050 Qium
224 983 430 1058 sustulerunt3
456 982 652 1048 scribendum
668 987 749 1051 erat:
772 984 840 1051 sed
861 987 953 1069 quia
973 988 1028 1052 ito
1047 990 1115 1056 im·

3 1079 6 1150 i
79 1097 174 1161 peras.
196 1089 385 1174 (sempr)
404 1079 764 1166 (lin'ecdemdllaaaius
775 1092 910 1174 proxime
922 1095 994 1161 ante
1004 1093 1115 1161 edidit:

5 1183 6 1186 ’
79 1183 644 1279 Quandoounque..iubebitur,
665 1215 736 1262 non
758 1194 940 1280 queretur
961 1247 1028 1280 ...,
1050 1200 1116 1268 aad
1181 1281 1186 1285 ,

78 1287 153 1364 dicit
178 1319 232 1383 pro
262 1301 376 1368 dicet
428 1300 497 1367 Hoc
524 1302 573 1367 est
600 1303 687 1369 bonis
714 1302 885 1384 codicibus,
909 1304 943 1370 id
970 1307 1112 1384 estnon

75 1394 256 1489 interpolatis,
292 1406 544 1490 adscriptorum
575 1408 743 1474 orationem
775 1410 1030 1493 corrumpendam
1050 1412 1114 1488 uti;

6 1581 7 1584 Ἴ
75 1506 115 1572 ted
143 1511 173 1577 in
206 1513 266 1579 boc
299 1530 412 1597 genere
447 1513 601 1594 permulta
635 1513 748 1581 delicte
780 1516 899 1593 sunt²)
951 1515 987 1581 In
1030 1515 1049 1598 ἕ
1091 1516 1111 1579 6

73 1623 148 1699 loque
197 1619 262 1702 qui
304 1619 404 1685 sciat
447 1618 607 1685 ferendum
649 1639 747 1704 neque
789 1622 851 1705 qui
893 1619 986 1697 scit,
1030 1619 1112 1702 quod

72 1723 309 1791 01llrcsmianae
350 1724 461 1807 prioris
503 1743 603 1792 errore
634 1729 837 1811 propagetum
869 1727 934 1807 eat,
975 1724 1030 1791 sed
1063 1743 1113 1790 re-

71 1823 239 1896 utendum
289 1849 326 1897 er
375 1831 598 1914 antiquissimis
645 1833 712 1900 edd.
763 1832 825 1916 qui
875 1832 986 1898 sciet.
1050 1830 1112 1897 Sed

69 1935 134 2000 recte
181 1936 320 2004 codices:
368 1937 467 2003 nibil
512 1955 675 2020 unquam
717 1955 784 2021 pro
832 1936 982 2003 homine
1025 1938 1111 2005 uiro

5 2079 6 2084 κ
67 2028 179 2121 faciet,
199 2043 259 2109 hcc
280 2043 337 2120 eat,
358 2045 507 2126 tanquam
528 2060 600 2107 vero
618 2043 706 2109 viana
729 2060 766 2108 ac
787 2060 845 2107 non
867 2045 1110 2123 semimortuus.)

66 2132 145 2213 lenio
165 2147 206 2213 ad
227 2147 245 2232 ἓ
268 2149 303 2224 7,
334 2167 394 2232 quo
415 2148 481 2215 loco
502 2147 605 2238 nescio
626 2167 666 2214 an
692 2147 795 2215 nullae
814 2147 912 2232 aptior
932 2149 975 2224 sit
996 2149 1035 2215 ad
1057 2149 1111 2217 de·

3 2273 7 2336 p
64 2253 290 2328 nontrandum,
312 2273 406 2338 qnam
427 2254 529 2320 omnia
547 2253 580 2319 in
604 2254 651 2320 inis
673 2254 760 2321 lnbris
781 2273 800 2320 a
825 2253 937 2321 codicis
959 2256 989 2320 A
1009 2256 1110 2340 prima

3 2400 5 2431 .
62 2363 139 2426 tirno
159 2359 326 2444 pendeant,
355 2359 488 2444 quidque
520 2360 550 2425 ei
581 2361 623 2427 ait
659 2360 882 2430 adtn'bendum.
898 2361 1013 2429 auxilii.
1062 2362 1114 2429 Sic

3 2431 6 2564 J
63 2464 130 2531 inim
164 2467 198 2532 in
231 2484 266 2532 eo
301 2467 459 2533 scribitur:
500 2464 643 2532 Mtltcs
677 2467 811 2542 exiis,
851 2486 942 2551 quos
976 2469 1120 2544 iorum,

3 2565 6 2710 s
61 2571 167 2649 turia,
205 2589 327 2638 sermo
359 2589 504 2638 mecum
536 2573 800 2648 contraxerat,
835 2593 905 2640 nor
939 2573 1112 2640 abstulit

3 2711 5 2754 p
61 2677 88 2741 tt
114 2678 274 2745 iunctas
307 2679 352 2744 ed
387 2678 574 2745 sodalium
609 2696 740 2744 manus
772 2679 953 2762 copuataa
985 2678 1110 2763 inter·

58 2783 172 2850 scidit.
221 2783 268 2850 Er
290 2785 472 2867 copuataa
494 2786 645 2851 corrector
665 2785 741 2849 iecit
761 2784 974 2866 copulatam
1004 2783 1108 2866 itaque

56 2886 89 2953 aio
115 2889 149 2954 in
182 2890 293 2957 ceteris
323 2889 481 2968 scribitur,
498 2890 569 2957 ‘aed
595 2891 627 2955 in
659 2891 828 2970 iunctas,
863 2892 899 2956 nt
923 2890 1002 2956 solet
1029 2889 1108 2970 fieri,

55 2992 189 3062 obarrm
210 2996 350 3062 nonnulli
371 2996 410 3061 ad
431 2997 586 3064 vinctas
608 2997 778 3075 (victas),
799 3014 854 3079 pro
876 2994 1109 3062 interscidit

52 3098 181 3186 pemque
196 3103 307 3184 preter
327 3102 355 3167 B
379 3101 585 3169 intercidit
605 3105 659 3169 ant
680 3101 900 3169 intercidit.
933 3102 1014 3168 Tum
1035 3119 1128 3195 aero*

52 3202 158 3273 lactum
173 3208 208 3273 in
231 3207 337 3277 (lolon.
361 3208 647 3293 copulataeque.
692 3206 843 3287 Editores,
863 3226 934 3273 cum
958 3208 1105 3274 Erasmus

51 3315 123 3380 recte
136 3314 314 3398 scripsisset
334 3314 381 3380 ad
402 3313 636 3391 sodalitium,
661 3316 733 3380 ante
750 3312 1004 3381 Fickertumhac
1015 3313 1107 3379 tenu·

52 3422 144 3487 eraut:
176 3421 215 3485 ot
242 3420 395 3487 vinctas
421 3419 469 3485 ad
495 3419 723 3486 sodalitium
744 3439 877 3491 manus
900 3420 1106 3504 copulatae

51 3520 255 3592 intercidit
277 3524 454 3592 inoffensus
465 3525 578 3593 vitiosa
589 3527 816 3612 participiorum
824 3525 1035 3593 coniunctione
1046 3542 1100 3607 pro

54 3758 240 3776 *ua-nn·—

71 3926 89 3995 ¹)
111 3929 151 3986 De
177 3931 262 3987 const.
290 3943 346 3998 sap.
378 3929 403 3992 l,
429 3931 444 3984 l
469 3931 541 3984 recte
565 3928 706 3987 edebatur:
737 3928 828 3985 dicas
847 3927 903 3995 ita,
934 3929 972 3982 ut
998 3926 1103 3994 soles,

113 4020 226 4079 Hessius
244 4038 260 4078 a
277 4020 415 4077 codicibus
432 4019 540 4079 uitiosa:
558 4021 655 4076 dicas
673 4022 756 4087 ista,
775 4023 813 4077 ut
831 4020 927 4076 soles.

74 4118 91 4188 ²)
112 4124 235 4194 Deiral,
249 4120 518 4193 12,1hso'llaasius
531 4125 712 4183 coadunavit:
731 4142 794 4182 non
813 4125 998 4189 irascitur,
1012 4124 1059 4182 ai.
1074 4163 1102 4181 ..
1231 4114 1232 4118 ’

114 4217 261 4275 viderit?
278 4219 352 4274 Non
365 4218 548 4283 irascetur,
569 4217 625 4274 sed
645 4218 857 4285 vindicabitp
875 4216 933 4273 ibd.
947 4220 989 4284 16,
1002 4216 1102 4273 illac:

114 4309 316 4383 temptabit,
367 4310 619 4374 continebaris,
678 4310 853 4374 mitteris,
907 4308 1101 4366 cohibetur.

116 4401 197 4475 Equo
214 4419 305 4475 prare,
323 4406 405 4474 atque
421 4403 466 4460 lrlo
484 4403 588 4473 dicit,
619 4418 642 4458 c.
660 4405 695 4461 16
718 4403 782 4460 init.
800 4416 817 4458 a
834 4402 959 4459 Fickerto
978 4404 1007 4459 et
1026 4401 1101 4459 Haa-

116 4494 151 4550 rio
167 4499 331 4569 sequetur
348 4514 397 4569 pro
414 4497 572 4569 seqnitur
588 4496 737 4569 repositum
755 4498 805 4552 est
