2626 5070
252 301 314 366 340
612 299 669 354 nu.
677 299 753 355 vnr.
763 300 827 370 cap.
835 299 874 353 11.

211 525 227 565 o
247 502 451 584 (luctabor)
469 500 536 562 orta
558 502 646 574 sunt;
683 498 738 562 sed
766 488 808 561 er'
824 515 869 572 oo,
896 497 976 579 quod
1000 498 1031 560 in
1053 498 1120 582 ipso
1141 499 1250 569 nunu

211 605 527 677 oonsuulntubor,
571 603 632 666 aliu
672 601 888 684 propagatione
932 607 1040 667 nutum
1088 606 1148 668 est:
1184 617 1248 666 oon

211 711 287 775 biis
309 709 481 791 undique
503 706 756 773 consultator
778 703 862 783 (Pul.
896 705 917 766 2
952 710 984 772 et
1017 707 1106 786 Cot),
1139 707 1246 791 quodin

211 815 326 897 primus
349 814 495 878 editiones
528 813 571 878 siu
594 813 726 884 transiit,
758 815 794 876 ut
824 812 938 876 sensim
963 819 1151 880 nosceretur:
1185 830 1244 878 eun

210 920 284 984 diis
327 918 493 1001 undique
535 918 776 1002 consultubo.
835 917 915 981 Illud
951 921 1056 983 tumen
1095 921 1246 987 robustioris

211 1025 356 1101 audonis,
391 1024 480 1107 qnod,
502 1024 585 1088 nullo
607 1023 733 1088 minimo
755 1023 885 1106 vestigio
913 1024 1004 1106 primi
1028 1029 1133 1092 mendi
1155 1026 1247 1095 relico,

79 1186 81 1192 .
210 1133 239 1195 in
265 1130 332 1196 Pul.
355 1129 375 1193 3
398 1134 430 1194 et
442 1128 567 1194 Vintisl.
580 1128 741 1192 scribitur:
767 1146 848 1193 eum
870 1128 961 1194 deus
984 1132 1170 1217 undique,
1191 1147 1248 1216 qus
1307 1203 1309 1208 ἱ

212 1254 280 1300 suu
301 1240 407 1312 sunt,
430 1236 613 1317 requirat.
657 1233 715 1321 His
736 1233 860 1317 gemina
883 1235 1062 1302 ecciderunt
1083 1241 1113 1302 in
1136 1238 1249 1304 einsden

210 1342 280 1406 libri
306 1360 332 1406 o.
358 1340 407 1415 13,
428 1338 458 1414 3,
481 1338 543 1413 ubi,
565 1357 634 1402 eum
656 1356 710 1419 pro
731 1356 776 1412 eo,
798 1340 877 1420 quod
900 1340 959 1405 vol.
983 1342 997 1404 Ι
1019 1362 1048 1425 p.
1071 1343 1112 1407 32
1133 1341 1250 1410 restitui:
1308 1333 1311 1346 '

210 1447 415 1529 inscriptio
438 1445 535 1528 ipsu,
572 1443 746 1507 excitans
768 1444 951 1519 animum:
983 1467 1060 1529 qnae
1082 1455 1176 1526 stet,
1205 1449 1251 1513 in-

211 1542 399 1618 venerunt
434 1550 547 1627 vitiu,
583 1549 614 1612 in
640 1552 676 1622 Δ,
708 1549 822 1614 littoris
856 1553 938 1616 malo
971 1553 1086 1631 divisis,
1124 1544 1255 1637 scripturn

211 1660 308 1724 esset:
331 1677 410 1741 qnae
432 1657 568 1720 stetim
590 1658 779 1719 venerunt
801 1656 913 1733 vitiu,
934 1658 966 1721 id
989 1659 1020 1722 in
1044 1660 1115 1726 BG
1140 1665 1172 1726 et
1192 1680 1257 1744 pno-

209 1772 292 1829 teres
314 1765 344 1827 in
368 1763 433 1827 Pal.
457 1761 476 1822 2
500 1763 531 1825 et
552 1760 572 1822 4
594 1765 747 1826 servatum
772 1764 830 1837 est,
852 1761 906 1826 sed
928 1763 959 1827 in
983 1767 1092 1830 esteris
1114 1786 1150 1831 er
1172 1768 1259 1832 ultera

209 1856 424 1951 pertensium
448 1868 667 1949 estprimum=
700 1885 777 1949 quse
810 1868 944 1932 stetim
978 1877 1260 1937 enerventeun

209 1974 402 2038 venerunt
435 1971 533 2035 vitiu
563 1971 638 2047 (Pul.
674 1970 721 2052 3),
761 1971 831 2035 dein
862 1993 991 2056 quem,
1028 1981 1130 2042 uetera
1164 1979 1262 2042 eadum

210 2079 361 2155 (thisl),
384 2079 505 2143 breuius
528 2078 632 2143 autern
656 2078 687 2140 in
710 2075 791 2141 uon:
815 2098 921 2160 quem
952 2085 1135 2146 enervant
1157 2083 1265 2153 vitiu,

209 2207 243 2251 ex
276 2187 373 2250 alteru
394 2184 546 2266 (addendo
575 2185 647 2247 unte
669 2201 836 2265 pronomen
869 2186 976 2267 quae):
999 2188 1174 2253 excitans
1197 2189 1265 2253 uni·

210 2311 305 2357 mum
328 2281 372 2357 ud
395 2309 436 2355 eu
466 2287 707 2372 depellenda,
739 2307 817 2371 quae
847 2291 980 2355 statim
1003 2296 1196 2357 venerunt
1215 2293 1268 2356 vi-

209 2399 263 2462 tiu
285 2395 422 2474 (Mediol.
444 2396 473 2470 4,
498 2394 547 2476 5),
580 2394 648 2458 aliu.
694 2394 728 2457 Iu
764 2393 958 2475 editionibus,
996 2400 1091 2463 stium
1126 2398 1268 2473 Fickerti,

210 2507 336 2585 uterque
369 2501 459 2566 foetm
494 2499 539 2563 siu
560 2499 721 2564 oonflutur:
759 2501 934 2566 excitans
965 2503 1129 2567 animum
1164 2505 1269 2568 adea

211 2605 467 2690 depellenda,
488 2624 571 2688 quae
593 2604 725 2669 stetim
748 2610 948 2684 enervant,
964 2627 1046 2673 eum
1070 2613 1268 2680 venerunt,

89 2796 91 2799 v
208 2714 315 2779 vitiu.
347 2714 449 2794 Atque
460 2712 526 2776 haeo
541 2710 665 2793 quidum
677 2710 810 2775 Hessius
824 2711 946 2790 abiecit,
967 2714 1021 2779 sed
1043 2714 1120 2796 ipsu,
1142 2717 1267 2782 retentis

210 2819 322 2884 oodiois
348 2820 373 2882 A
397 2820 429 2881 et
454 2817 656 2902 proximorum
684 2814 806 2893 litteris,
830 2817 970 2883 mirabile
991 2819 1177 2902 interposuit
1197 2840 1268 2903 sup·

208 2927 397 3007 plumentum
432 2930 503 3005 (qno
532 2922 701 3005 corrigendi
724 2941 836 3007 genere
863 2942 943 3007 saepe
970 2926 1134 3003 abutitur):
1174 2928 1267 2992 eroi-

207 3035 292 3096 tuns
321 3030 500 3105 animum,
531 3047 609 3110 qnae
641 3030 775 3093 statim
807 3029 978 3114 [puratos
1007 3032 1192 3098 ostendat
1223 3033 1265 3098 ud

205 3136 424 3203 ubiioiendu
450 3153 530 3199 oum
564 3132 721 3217 quibus]
746 3140 938 3202 uenerunt
959 3136 1067 3202 vitiu.
1121 3139 1265 3223 {Inscrip-

203 3243 246 3307 tio
269 3243 301 3306 et
322 3241 436 3306 eruitut
457 3244 490 3306 et
510 3241 645 3305 ostendit
666 3242 767 3305 neseio
790 3259 866 3324 qnos
887 3242 949 3306 ium
971 3247 1094 3323 puratos
1102 3246 1122 3319 i)
1152 3244 1197 3310 Ut
1217 3244 1265 3309 hie

206 3350 316 3429 praeter
349 3347 373 3409 B
400 3353 464 3411 tres
496 3346 548 3410 ulii
576 3346 697 3410 oodioes
731 3347 875 3411 mondum
907 3347 1020 3412 uodiois
1050 3349 1079 3413 A
1109 3350 1263 3433 integrum

205 3458 374 3525 servarunt,
411 3452 455 3516 sie
488 3450 561 3514 alibi
592 3451 622 3514 in
655 3452 765 3516 ueteris
801 3470 920 3536 quoquo
959 3453 1121 3518 minimum
1159 3456 1199 3520 ub
1231 3475 1264 3521 eo

204 3556 380 3631 disceditur,
402 3556 456 3621 ssd
478 3560 582 3620 tumen
605 3556 743 3633 tuntum,
766 3563 802 3621 ut
829 3576 878 3623 res
900 3558 1105 3644 intelligutur,
1139 3580 1176 3625 ex
1200 3563 1264 3627 eius

204 3663 356 3729 erroribus
378 3667 492 3727 eeteros
515 3663 687 3745 pendereet
701 3663 771 3728 inde
785 3664 957 3730 deflectere.
1000 3664 1080 3731 Nem
1103 3668 1134 3732 in
1158 3670 1262 3734 eodem

201 3766 279 3832 libro
302 3787 327 3832 u.
353 3769 391 3830 14
413 3769 480 3834 init.
503 3768 583 3853 quod
606 3769 721 3833 editur:
765 3770 893 3835 Primo
926 3773 1050 3838 virtus
1083 3775 1151 3849 sit;
1186 3775 1262 3840 haeo

201 3872 300 3938 ferat
329 3875 454 3956 signe,
486 3875 518 3940 in
550 3876 633 3940 nullo
667 3876 710 3941 sio
738 3875 883 3941 scribitur
909 3877 1029 3953 codiee,
1063 3880 1119 3945 sed
1151 3881 1184 3945 in
1217 3885 1261 3946 A:

201 3977 329 4041 Primo
359 3980 483 4045 virtus
515 3984 555 4044 ut
586 3982 662 4046 huc
693 3981 794 4047 feret
814 3983 940 4066 signu,
975 4003 1011 4047 ex
1032 4002 1092 4065 quo
1114 3986 1206 4053 fueilo
1230 3992 1262 4052 et

197 4086 291 4161 corto,
319 4088 456 4150 'retractu
483 4105 500 4151 e
527 4089 741 4174 ingerendi,
771 4087 920 4154 officitur:
974 4088 1101 4154 Prima
1135 4093 1262 4158 virtus
