2662 5062
442 725 474 782 Iu
494 720 596 779 Sonent
612 721 645 780 de
663 721 750 782 toust
1023 714 1084 788 421

56 923 115 988 ris
137 921 295 988 numeni
320 904 514 988 irruentis
541 924 736 1007 impetum.
792 920 900 1007 Iongs
920 923 1011 989 aliter
1029 927 1127 1009 g'euus

56 1028 232 1094 humanum
253 1046 341 1094 ruere
362 1029 483 1096 dicitur.

161 1134 231 1198 Ibd.
253 1132 305 1212 38,
335 1133 371 1200 δε
420 1137 657 1222 Agricolam·
676 1152 836 1203 unuonae
868 1136 1016 1202 ouritus
1049 1136 1128 1201 eri·

57 1239 132 1325 git3
170 1240 404 1324 eloquentiae
432 1243 598 1327 pretium
628 1242 809 1326 exceptat
837 1242 967 1308 litium
994 1246 1128 1307 uume-

57 1365 141 1422 rus3
163 1345 329 1412 medicis
350 1349 484 1432 grecis
512 1367 631 1414 unuus
651 1349 689 1413 iu
712 1349 861 1432 questu
882 1348 942 1411 est
963 1347 1022 1424 (eie
1043 1350 1126 1414 recto

58 1450 129 1516 edd
152 1450 341 1534 supsuorec·
373 1472 431 1520 non
458 1455 499 1519 iu
530 1455 740 1538 questum).
794 1453 937 1536 Ineptum
964 1452 1042 1518 illud
1064 1472 1128 1518 en-

58 1559 192 1640 eeptut
212 1558 350 1640 pluribus
371 1559 472 1626 modis
494 1560 649 1626 tentatum
671 1561 730 1638 est,
752 1559 836 1625 nullo
860 1558 1002 1625 feliciter.
1028 1559 1125 1624 Scrib.

58 1663 296 1748 eloquentie
328 1666 498 1747 pretium
534 1667 724 1751 disceptat
757 1666 804 1742 (et
835 1663 874 1729 dc
910 1682 945 1730 eo
974 1663 1125 1743 decernit)

58 1769 195 1834 litium
221 1771 445 1852 nn‘merus.¹)
722 1807 726 1813 ·

161 1872 229 1938 Lib.
266 1868 344 1952 vll‘,
386 1875 417 1951 4,
454 1876 492 1940 5:
550 1874 873 1956 Quemadmodum
902 1877 1126 1963 ,probemus

59 1980 210 2046 omniu?
249 1998 350 2045 nuuc
379 1981 480 2047 enim
513 1979 641 2047 omniu
674 1981 869 2065 sapientis
902 1999 992 2047 esse
1023 1983 1128 2048 iuter

58 2084 156 2151 duos
190 2087 387 2163 convenitc
424 2087 540 2161 illud,
573 2087 673 2172 qnod
705 2087 904 2170 queritur,
936 2087 1136 2172 colligum·-

58 2192 148 2257 dum
179 2192 253 2267 est,
293 2193 477 2276 quemodo
511 2193 772 2260 liberalitatis
799 2193 962 2260 muteris
990 2194 1128 2260 eduen-

59 2316 129 2364 cus
159 2316 240 2363 eum
268 2300 455 2381 supersit,
491 2300 601 2364 cuius
633 2298 820 2364 universo
855 2317 940 2365 esse
968 2317 1128 2368 conces-

58 2403 190 2470 cimus.
237 2401 344 2468 Nemo
375 2405 529 2488 postulem
556 2406 692 2488 poterut,
722 2405 759 2470 ut
784 2403 901 2470 Seneca
927 2408 1032 2472 omniu
1057 2427 1132 2491 pro··

59 2510 149 2575 buret
178 2508 265 2592 (qnid
294 2509 378 2574 euim
407 2509 463 2575 hoc
492 2512 588 2589 esti),
620 2510 676 2576 sed
706 2510 743 2574 ut
770 2509 819 2585 id,
859 2511 897 2575 de
924 2530 983 2595 quo
1010 2513 1127 2597 ugitu13

58 2614 167 2680 differt
186 2614 293 2678 summ
315 2634 352 2680 en
372 2615 429 2680 hoc
450 2635 542 2682 nuum
564 2618 693 2699 purtem,
717 2615 755 2680 de
778 2636 839 2700 quu
860 2618 1018 2694 couvenit3
1048 2617 1129 2683 ulte-

59 2738 138 2797 rum,
161 2720 200 2784 de
222 2715 290 2804 quo
303 2739 385 2787 nunc
413 2723 574 2806 qnaen‘tur,
604 2720 846 2786 confirmandum
873 2723 978 2788 sumit.
1021 2722 1130 2806 Itaque

57 2826 101 2892 ud
138 2826 220 2892 huuc
255 2825 386 2892 formam
422 2825 540 2892 Seneca
578 2827 760 2908 scripserat:
804 2825 1128 2907 Que'mudmodum

57 2932 265 3015 probemus
315 2931 692 3018 omniu‘[sopientie
739 2952 833 3009 cece,
880 2933 1125 3018 videbimcm]

57 3055 160 3101 nunc
204 3038 315 3103 enim>
351 3039 455 3106 iuter
495 3034 564 3104 uos
610 3037 809 3114 conveu'it3
856 3037 971 3117 illud,
1017 3040 1129 3122 'quod

57 3142 264 3226 quaeritur,
304 3144 569 3228 colligendum
603 3145 678 3222 est,
714 3145 773 3208 cet.
827 3143 907 3211 Cum
942 3145 1129 3213 excidissent

57 3250 143 3315 haec:
189 3250 315 3316 omniu
358 3251 551 3333 sepientis
597 3268 696 3325 esse,
739 3247 956 3317 videbimus
989 3255 1130 3335 (propter

56 3356 268 3439 probemus
291 3359 330 3420 et
349 3356 572 3421 videbimus
605 3356 749 3422 similiter
770 3357 970 3435 terminato),
1002 3357 1128 3440 supple·

56 3464 202 3528 mentum
230 3462 433 3547 exlmurgiue
464 3461 495 3525 iu
526 3464 701 3527 contextum
728 3461 898 3528 cretionem
929 3481 1000 3527 oum
1028 3481 1128 3528 errore

55 3567 183 3634 illatum
227 3571 285 3634 est.
349 3568 397 3632 De
443 3566 666 3633 videbimus
691 3563 874 3638 'differendi'
910 3568 1129 3652 significatione

57 3675 159 3760 posito
192 3673 310 3740 dicetur
338 3676 379 3738 ud
411 3692 459 3756 cp.
493 3672 544 3754 75,
581 3673 611 3735 5.
654 3673 763 3737 Inter
797 3692 865 3738 uos
896 3691 1014 3754 omues}
1037 3656 1130 3757 supe·

64 3899 263 3908 -..—.--—-—-

90 4052 111 4121 ¹)
128 4051 158 4110 C.
176 4054 211 4110 37
229 4054 297 4108 extu.
316 4051 413 4107 Latine
426 4068 484 4134 non
508 4051 609 4109 dicitur
633 4050 756 4120 obsolute
785 4069 834 4103 esse
858 4051 955 4121 aliquid
979 4057 1003 4106 ic
1019 4058 1128 4123 patroci-

52 4198 54 4202 ,
134 4149 206 4210 nium,
224 4164 274 4198 esee
292 4149 316 4197 iu
332 4146 436 4214 plocium
455 4161 502 4216 pro
520 4160 565 4208 00,
596 4141 668 4212 quod
689 4146 731 4196 est
745 4147 891 4212 patrocinio,
908 4147 1002 4215 pierius.
1047 4146 1129 4202 Recte

135 4235 233 4292 (licitur
260 4240 284 4288 in
303 4242 472 4306 patrocinium,
500 4242 525 4290 u'n
549 4237 653 4305 plurium
680 4234 768 4290 satis
793 4256 850 4291 esse.
888 4235 941 4292 Sed
963 4239 1020 4291 tum
1046 4235 1129 4291 audla-

1 4353 4 4394 1
131 4329 386 4400 cemsuspiciouenn
414 4328 575 4396 (addendum
599 4343 656 4383 esse
680 4327 767 4384 sotis
792 4331 855 4384 unte
873 4332 935 4399 est)
960 4329 989 4384 in
1007 4329 1129 4400 margine

6 4413 7 4416 ’
138 4435 203 4489 pono
230 4438 261 4477 ce
284 4420 396 4478 fortusse
426 4421 553 4478 mendum
576 4423 705 4492 tunquam
728 4421 837 4478 incerte
867 4421 1006 4479 medicine
1034 4412 1141 4478 notur'e¹

138 4514 285 4582 Μωδαῒ.
