2662 5046
257 278 318 342 m
601 273 879 347 .mem

314 439 455 557 be⁸lege
476 471 611 557 agrame
632 472 819 538 orationibus
839 473 872 538 et
892 472 939 547 ei,
971 488 1040 554 que
1068 491 1126 556 pro
1147 472 1281 543 Murena

214 579 399 652 moreest
418 577 503 660 quid
521 595 621 660 nuper
641 576 803 643 accidisset
822 577 913 642 mela
933 576 1075 655 fortune,
1107 577 1282 662 significum

215 684 278 750 vol.
303 683 320 748 I
340 702 370 766 p.
392 681 432 744 81
461 701 489 747 n.
536 680 661 755 Utimnr
687 683 769 748 enim
795 684 842 748 in*
857 680 915 748 bac
941 683 1077 749 oratione
1103 684 1178 750 solis
1208 703 1283 769 opo·

215 788 339 874 graphis
367 786 478 852 codicis
510 806 529 852 a
557 787 673 872 Poggio
700 789 837 867 inventi,
866 788 900 853 in
926 787 989 853 illis
1013 790 1203 873 apographis
1224 790 1281 858 iis·

215 895 287 960 dem
313 896 346 959 et
366 895 515 977 praterea
536 892 641 957 codice
661 878 835 958 Erfurtensi
861 895 952 976 paulo
975 894 1156 976 antiquiore.
1218 896 1282 962 Sed

215 1018 288 1066 cum
319 1002 400 1082 Aug.
427 996 464 1064 G.
486 997 661 1080 Zumptius,
693 998 742 1062 vir
763 998 870 1063 doctus
892 999 1127 1083 litterarumque
1148 998 1278 1067 Iatino-

214 1124 284 1170 rum
305 1106 337 1170 et
357 1121 460 1168 rerum
482 1103 692 1168 Romanorum
711 1102 972 1183 studiosissimus,
1001 1105 1083 1170 inter
1115 1105 1239 1174 codices
1261 1125 1281 1173 a

214 1209 444 1296 Logomersiuio
465 1208 593 1273 collatos
613 1207 763 1272 inunum
785 1207 948 1290 (xuvlll,
985 1209 1021 1293 9)
1048 1229 1085 1277 er
1110 1210 1176 1276 illis
1205 1231 1279 1295 opo·

214 1316 341 1403 grepbis
362 1314 520 1383 incidisset
542 1312 719 1378 notabiliter
738 1333 759 1379 a
779 1313 893 1379 ceteris
913 1312 1102 1398 discrepans,
1130 1317 1279 1384 nouitatis

213 1424 316 1508 specie
337 1424 445 1506 ceptus
466 1438 523 1485 uec
542 1418 804 1506 manifestissimis
825 1418 866 1484 ad
880 1418 1098 1485 deterrendum
1119 1422 1200 1487 notis
1221 1423 1277 1487 ad-

213 1530 357 1604 monitus,
379 1526 496 1592 infelici
517 1543 616 1590 errore
636 1524 815 1588 thesaurum
837 1525 995 1608 egregium
1026 1527 1058 1617 et
1078 1526 1189 1591 ducem
1210 1541 1281 1594 esr-

212 1637 281 1701 tum
301 1652 335 1699 se
355 1631 526 1715 repperisse
546 1633 642 1707 ratus,
665 1628 853 1694 confidenter
873 1629 1008 1711 primum
1030 1631 1200 1709 orationem
1221 1652 1277 1716 pro

212 1739 352 1818 Murcus,
386 1736 496 1803 deinde
517 1743 556 1815 (a,
580 1734 673 1811 1861)
695 1734 832 1818 spurias
853 1735 982 1800 mirifice
1009 1738 1187 1818 corruptum
1209 1739 1277 1807 ivit

212 1845 259 1910 De
287 1863 347 1927 qua
377 1861 410 1907 re
440 1860 511 1907 cum
544 1839 774 1905 constituissem
797 1842 869 1922 post
897 1838 1059 1905 Halmium
1086 1842 1162 1908 stibi
1191 1846 1279 1924 (nam

212 1948 263 2013 hic
295 1946 420 2030 quidem
442 1946 508 2011 eins
541 1963 641 2010 ceusce
673 1943 813 2027 pluribus
845 1945 970 2028 agenda
1001 1945 1086 2012 locus
1120 1965 1181 2013 uon
1215 1952 1279 2030 est)

212 2053 304 2138 penio
315 2051 467 2135 copiosius
488 2050 599 2129 dicere,
620 2049 700 2132 quod
720 2049 873 2132 reliquias
887 2051 1036 2132 quasdam
1060 2052 1171 2119 erroris
1194 2055 1279 2140 apud

211 2159 386 2243 Kayserum
421 2157 453 2221 et
479 2156 555 2222 elios
581 2155 725 2221 ridebam
752 2172 912 2238 superesse
934 2157 966 2221 et
987 2155 1098 2222 saltem
1119 2173 1279 2226 memora-

210 2263 306 2329 bilem
326 2262 416 2327 illum
437 2261 542 2327 heberi
564 2261 700 2325 codicem
720 2279 776 2325 nec
796 2261 1066 2341 contemnendum,
1087 2282 1177 2343 nuuc,
1201 2285 1278 2349 quo-

209 2370 294 2434 nism
326 2370 358 2434 ct
378 2386 428 2433 res
449 2367 611 2452 perspicus
644 2366 762 2432 estrei
783 2365 980 2432 mediocriter
1000 2367 1041 2433 ed
1062 2367 1179 2434 iudicia
1211 2373 1278 2437 reri

211 2475 244 2540 et
264 2474 381 2540 fraudis
402 2475 435 2539 in
456 2474 514 2538 hoc
533 2490 646 2557 genere
667 2463 941 2540 animadvertenda
963 2473 996 2537 et
1016 2473 1200 2540 estimanda
1222 2495 1280 2541 ex*

210 2580 347 2646 ercitutis
369 2582 401 2645 et
422 2578 565 2662 displicet
592 2589 727 2643 errorem
748 2577 806 2642 uiri
837 2576 961 2643 honesti
992 2578 1048 2644 sed
1078 2579 1112 2648 in
1132 2581 1205 2646 noui
1226 2569 1278 2648 iu·

209 2686 294 2752 venti
322 2685 423 2769 specie
445 2683 538 2748 nimis
561 2683 599 2748 sd
620 2682 807 2748 credendum
826 2682 926 2748 facilis
948 2686 980 2748 ct
1001 2684 1179 2767 pertinacis·
1192 2689 1277 2753 mul·

208 2791 251 2856 tis
284 2791 387 2856 verbis
419 2788 559 2872 persequi
596 2789 628 2853 et
659 2789 768 2854 acerbe
803 2788 993 2870 exprobrare,
1026 2789 1102 2855 satis
1139 2790 1276 2874 ridetur,

208 2895 402 2978 paucissimis
437 2893 620 2977 quibusdam
652 2887 774 2959 iudiciis
810 2895 843 2957 et
879 2893 1028 2977 exemplis
1061 2896 1094 2959 iu
1130 2898 1275 2981 margine

208 3000 398 3080 monstratis,
419 2999 552 3065 breuiter
574 2998 685 3075 dicere,
707 2998 793 3079 nulls
812 2999 935 3064 omnino
962 3018 995 3063 re
1019 3000 1156 3067 codicem
1182 3002 1276 3069 illuns

208 3125 227 3171 a
257 3105 367 3172 ceteris
399 3107 535 3188 separari
565 3105 626 3170 nisi
658 3122 780 3169 summa
806 3103 996 3187 negligentia
1034 3106 1066 3170 et
1096 3107 1273 3175 incredibili

207 3212 415 3295 interpolandi
439 3211 573 3289 licentis,
601 3213 646 3287 ut,
670 3208 779 3281 doletis
807 3209 989 3292 simpliciter
1014 3212 1166 3288 omnibus,
1201 3233 1270 3297 quse

206 3316 300 3382 illinc-
322 3319 471 3400 tauquem
502 3315 671 3383 testimonii
706 3313 768 3379 fide
796 3313 886 3379 illste
920 3317 994 3381 sunt
1024 3318 1057 3381 et
1082 3317 1204 3388 minore
1235 3338 1273 3385 ex

207 3536 405 3547 -.-.-.-.—...

274 3698 400 3739 numerus
419 3682 530 3753 sederet.
575 3682 614 3735 Et
631 3698 658 3736 se
676 3682 835 3751 promittere
860 3681 951 3736 cicero
975 3683 1081 3751 poterat
1108 3683 1187 3739 illem
1204 3702 1270 3749 cau·

276 3789 340 3836 sem,
360 3772 543 3830 sisCluentio
556 3776 748 3844 rogatoresset
765 3772 791 3840 (i
796 3759 957 3840 ortissu),¹
969 3776 1108 3841 acturum3
1126 3780 1270 3845 pretorem

182 3933 184 3935 ‚
276 3881 436 3935 quamquem
454 3865 536 3930 exiis,
553 3865 600 3935 qui
615 3880 686 3920 nunc
704 3864 842 3930 sedebsut,
861 3864 999 3930 dsturum.
1014 3867 1062 3935 qui
1080 3870 1189 3937 poterat
1203 3886 1272 3939 prrs-

274 3957 383 4014 dicere?
418 3958 471 4013 Tot
487 3957 516 4013 in
535 3973 590 4013 une
607 3957 702 4013 littera
717 3958 787 4013 ritis
803 3959 869 4013 sunt
885 3959 1036 4015 autentis.
