2626 5070
177 256 337 342 'ms
625 258 897 348 mmmm

234 478 330 545 Paulo
350 480 419 561 post
435 478 499 560 eb),
520 478 572 543 ubi
593 478 624 542 in
648 480 676 543 Δ
693 478 742 554 (B,
754 477 838 555 aliis)
860 478 904 542 sic
925 475 1087 542 scribitur:
1108 475 1196 542 Haec
1216 495 1288 559 qua

234 582 342 649 rides
373 601 459 648 ossa
500 584 641 649 circum
674 585 803 658 uobis,
840 601 979 648 neruos
1011 586 1050 648 et
1085 582 1288 648 obductum

233 693 358 754 cutem
374 689 842 771 voltumque...,vinoula
863 689 1073 754 animorum
1095 687 1288 752 tenebra·

233 793 529 877 quespnt,quod
554 794 586 861 F.
610 800 641 860 et
665 795 706 860 Η.
729 794 904 860 ediderunt:
947 794 1036 858 Haec
1069 812 1150 877 quae
1186 790 1291 856 vidos

234 918 321 965 ossa
343 901 595 966 circumiecta
630 900 753 974 nobis,
779 918 916 967 nervos
940 902 976 965 et
995 900 1208 965 obductam
1232 915 1289 962 ou-

232 1010 329 1082 tem,
365 1006 397 1072 id
428 1008 566 1091 coarguit
590 1008 752 1072 verborum
775 1005 858 1085 ordo,
884 1024 976 1087 prave
997 1005 1119 1071 ossibus
1140 1000 1288 1085 separatis

232 1130 251 1176 a
280 1114 404 1188 ceteris,
437 1114 469 1176 et
497 1129 592 1193 prava
616 1109 720 1203 imago
750 1112 865 1176 ossium
895 1109 1182 1183 circumiectomm,
1214 1105 1288 1190 quod

231 1218 359 1284 verbum
386 1223 493 1302 aptum
524 1219 607 1283 esset
642 1215 681 1280 ad
697 1203 824 1282 cutem.
875 1217 986 1283 Forma
1013 1215 1164 1282 orationis
1186 1212 1289 1277 huius·

112 1310 132 1340 '²
231 1325 314 1390 modi
349 1325 412 1389 fere
446 1324 520 1388 fuit:
563 1322 649 1388 Haec
684 1341 763 1405 quse
799 1322 929 1400 uides,
963 1341 1048 1387 ossa
1081 1340 1125 1387 uc
1152 1321 1290 1386 circum

233 1429 373 1513 [dorca]
412 1431 557 1493 ossibus
588 1447 726 1493 nervos
762 1430 801 1493 et
831 1429 1038 1494 obductam
1071 1428 1207 1492 entem.
1232 1428 1289 1488 oet.

231 1534 318 1614 Quod
339 1536 477 1618 sequitur
501 1535 532 1600 iu
554 1534 722 1600 codicibus:
763 1532 956 1599 Obruitur
982 1534 1059 1612 his,
1082 1530 1292 1614 effugatur

231 1639 269 1717 (B
311 1640 528 1719 offocatur),
569 1641 771 1715 inficitur,
810 1644 963 1709 arcetur
994 1638 1165 1712 auersis,
1211 1637 1290 1699 recte

229 1744 295 1810 iam
326 1745 444 1827 pridem
471 1747 649 1812 restitutum
678 1750 727 1813 est
754 1764 774 1810 a
801 1747 924 1820 reris,
941 1745 1162 1828 'probabiliter
1193 1740 1291 1807 offu-

146 1875 148 1879 >
230 1851 361 1914 scetnr
379 1869 433 1932 pro
455 1852 664 1936 effugatur,
702 1838 761 1917 etsi
783 1851 1001 1936 potest-etiam
1021 1851 1053 1915 iu
1075 1851 1215 1915 merrtem
1239 1865 1291 1910 ve·

229 1953 295 2018 nire
316 1954 818 2044 suffocaturffleminatalittero
838 1957 1048 2039 praedestin
1070 1953 1296 2032 effocetur,

230 2058 309 2142 quod
330 2060 464 2128 Hessius
485 2065 596 2147 posuit,
619 2067 790 2138 serebant
812 2065 955 2129 Latinum
978 2064 1029 2142 sit,
1051 2061 1112 2128 etsi
1134 2062 1232 2126 etiam
1255 2061 1291 2124 de

229 2165 312 2232 brer.
345 2167 400 2233 vit.
428 2168 456 2243 2,
485 2169 506 2230 4
535 2170 657 2253 legitur,
689 2169 797 2234 itidem
830 2169 1022 2252 precedente
1044 2190 1067 2232 e.
1112 2167 1176 2233 Sed
1211 2164 1296 2250 qnod

229 2270 262 2335 in
284 2273 438 2340 codicibus
460 2274 641 2357 quibusdam
661 2274 855 2357 interpolatis
877 2278 909 2339 et
932 2274 1114 2340 editionibus
1136 2276 1208 2355 post
1232 2273 1296 2337 bie

229 2377 353 2443 additur
375 2380 537 2459 animus,
568 2379 733 2445 videndum
760 2384 817 2460 est,
841 2400 879 2446 ue
901 2378 1019 2446 Seneca
1040 2398 1076 2445 eo
1098 2397 1223 2463 genere,
1258 2378 1296 2442 de

230 2502 289 2566 quo
322 2483 382 2549 dixi
410 2488 449 2551 ad
479 2487 541 2553 tio.
575 2487 627 2551 fin.
660 2487 702 2564 ll,
734 2485 774 2548 22
808 2493 849 2571 (p.
879 2487 939 2550 179
963 2487 1010 2551 od.
1038 2487 1095 2567 ΙΙ),
1128 2504 1149 2550 a
1181 2485 1296 2568 plurali

228 2590 468 2668 (animorum)
508 2591 547 2656 ad
584 2591 771 2675 singularem
810 2593 984 2670 transierit;
1028 2591 1210 2658 simillimus
1246 2594 1296 2656 est

229 2694 384 2762 Ciceronis
410 2696 493 2762 locus
522 2696 566 2762 ibi
593 2698 717 2763 notatus
739 2699 777 2764 de
800 2702 863 2764 net.
886 2699 967 2764 deor.
995 2699 1022 2776 I,
1044 2699 1096 2766 50.
1146 2701 1296 2769 Extremo

229 2802 339 2884 capite,
370 2803 422 2868 nbi
455 2802 532 2867 miro
564 2821 663 2868 errore
684 2804 817 2870 Haasins
839 2823 955 2889 grave
976 2823 1030 2885 pro
1053 2808 1166 2890 gravi
1192 2811 1296 2892 posuit

228 2911 307 2988 (quse
328 2908 466 2973 animum
488 2908 621 2991 pondere
641 2912 750 2993 gruum
769 2913 802 2975 et
813 2910 980 2994 deprimit),
1002 2912 1200 2983 scribendum
1229 2920 1291 2982 est:

227 3011 373 3078 nititur
393 3013 478 3095 illo,
511 3013 611 3081 unde
643 3014 829 3102 demissae
853 3020 913 3082 est
934 3017 1003 3095 (hoc
1024 3020 1082 3093 est,
1104 3019 1136 3083 iu
1160 3023 1285 3096 coeluur,

156 3118 158 3120 ’
225 3117 307 3182 unde
328 3118 360 3183 iu
382 3119 463 3186 hunc
483 3118 661 3187 terrestrem
682 3117 784 3186 locum
801 3122 963 3206 depressus
986 3124 1291 3209 estetdesceudit);

227 3225 315 3289 codd.
338 3228 370 3290 ct
391 3226 458 3291 edd
481 3227 673 3292 dimissus.
717 3226 842 3294 Dimitti
872 3229 939 3294 uult
960 3217 1083 3296 animus
1112 3249 1129 3296 e
1158 3251 1291 3316 corpore,

227 3350 287 3397 non
310 3330 456 3398 dimissus
481 3338 537 3398 est.
947 3388 950 3392 .

326 3436 393 3501 Ibd.
428 3438 478 3513 25,
515 3440 544 3517 1,
576 3438 628 3502 ubi
653 3437 812 3504 Fickertns
849 3440 950 3506 subito
985 3442 1125 3524 suspicax
1158 3461 1289 3526 eumque

226 3545 349 3608 secutus
368 3542 502 3610 Haasins
524 3546 589 3627 (qui
610 3547 715 3610 tarum
737 3565 806 3610 ann.
830 3546 898 3610 crit.
920 3566 948 3630 p.
975 3548 1013 3610 19
1036 3549 1075 3613 ab
1097 3567 1199 3613 errore
1222 3548 1289 3613 red·

224 3647 271 3722 iit,
304 3646 359 3713 sed
381 3648 443 3713 alia
473 3652 576 3716 tentat
606 3669 666 3715 uon
699 3651 884 3727 necessaria)
914 3655 1059 3735 quattuor
1079 3655 1177 3719 verba
1200 3654 1288 3719 uncis

223 3752 414 3818 incluserunt
434 3757 518 3819 certa
539 3756 732 3839 antiquitatis
754 3762 827 3823 rrota
848 3756 1114 3842 impressa(modo
1136 3760 1289 3842 excipit

225 3875 296 3922 cum
318 3860 521 3942 superioribus
544 3861 659 3927 scribas
691 3881 745 3944 pro
769 3865 935 3948 excepit3
970 3864 1030 3942 vid.
1052 3865 1091 3930 ad
1115 3865 1195 3930 Vell.
1219 3866 1288 3930 Pat.

223 3962 265 4041 11,
290 3964 359 4041 127,
382 3965 425 4046 2),
447 3968 551 4031 omnia
571 3986 647 4033 sana
667 3970 699 4033 et
719 3969 880 4052 perspicua
901 3975 992 4036 erunt
1013 3972 1058 4038 sic
1079 3970 1284 4048 interpuncta,

224 4069 361 4135 adbibita
381 4071 472 4137 unius
504 4073 617 4139 vocalis
638 4077 842 4143 correctione:
876 4076 1017 4143 deiude
1049 4075 1099 4141 ad
1131 4084 1289 4149 excelsa
