2656 5056
442 698 582 752 Ciceronis
600 701 708 753 Brutus.
1014 703 1069 764 107

7 926 29 967 -ς,
44 893 123 958 ritas
153 891 212 957 hoc
240 898 342 958 tamen
375 895 442 959 loco
472 900 641 969 excusatur,
669 897 750 980 quod
780 901 862 963 recte
889 896 985 963 sensit
1010 897 1114 980 inepte

16 999 106 1077 3oici
128 998 262 1082 aliquem
287 1000 365 1065 vivis
387 999 453 1066 eins
476 1002 646 1084 aeqnnlibus
669 1007 819 1069 oratorem
844 1004 955 1068 bonum
972 1003 1113 1069 habitum

16 1144 19 1184 1
46 1125 121 1172 esse.
180 1104 260 1184 Quid
290 1107 423 1189 aequales
453 1108 490 1171 de
520 1107 621 1190 aliquo
645 1108 782 1173 iudicent
805 1108 1016 1189 iudicariutve‚
1038 1109 1113 1193 qnid

18 1252 29 1292 ς
42 1210 170 1292 posteri.
195 1213 350 1294 quaritur,
367 1233 427 1278 non
446 1214 527 1297 qnirl
540 1215 618 1278 vivis
634 1215 802 1298 aequalibus
817 1214 988 1280 iudicatum
1006 1217 1112 1291 suerit3

0 1363 26 1377 .
45 1316 159 1381 mortui
183 1318 264 1381 enirn
287 1317 367 1382 nibil
388 1318 534 1385 indicant.
586 1321 647 1385 Sed
669 1321 774 1385 mendi
797 1320 951 1386 manifesti
976 1321 1118 1388 difficilis

9 1470 22 1514 p
42 1426 76 1488 et
98 1423 216 1488 incerta
237 1425 382 1489 correctio
405 1428 462 1508 est,
492 1426 552 1491 nisi
576 1427 655 1509 quod
677 1426 853 1508 praepositio
875 1430 920 1493 ab
943 1429 1114 1494 necessario

15 1578 23 1622 ¹3
46 1529 160 1611 requiri
195 1530 316 1594 ridetur
355 1532 413 1602 (ab
453 1532 676 1616 aeqnalibus
721 1577 759 1593 ..
803 1535 1113 1606 numerabatur).

1 1723 17 1727 q
45 1635 110 1700 Hoc
142 1654 327 1720 persequens
361 1638 526 1720 vestigium
560 1637 710 1722 originem
741 1640 844 1704 mendi
870 1658 919 1702 me
941 1638 1112 1719 repperisse

17 1776 26 1833 ,ᾗ
47 1742 121 1822 puto
144 1741 276 1824 positam
298 1742 330 1807 iu
352 1742 515 1809 omissione
539 1745 659 1827 aliquot
680 1746 864 1821 litterarum,
895 1744 975 1826 quod
998 1744 1114 1807 eaerlem

12 1898 27 1939 ‚3
40 1851 101 1914 aut
121 1867 214 1931 prope
237 1848 350 1913 eaedem
376 1851 423 1915 bis
445 1851 613 1917 scribendae
636 1853 747 1915 essent.
801 1850 916 1932 Opinoi·
931 1850 1011 1913 enim
1029 1850 1115 1913 Cice·

18 1975 151 2031 ⁴renem
184 1955 359 2036 scripsisse:
390 1959 527 2021 orator
560 1959 690 2021 antem
714 1960 776 2038 <a
797 1954 993 2041 tem>poris
1027 1954 1115 2019 eius
1230 2014 1232 2018 Α

9 2061 274 2144 „aequalibus
295 2063 499 2142 proximus
521 2064 685 2146 optimis
708 2061 1005 2126 numerabatur.
1050 2061 1115 2125 See·

41 2167 117 2249 pius
139 2167 223 2231 enim
247 2167 352 2233 Cicero
375 2187 433 2233 non
455 2169 545 2233 modo
568 2168 700 2234 hominis
716 2175 769 2234 aut
785 2169 837 2242 rei,
853 2169 905 2233 sed
925 2170 1019 2232 etiam
1035 2170 1115 2231 tem·

14 2262 16 2339 J
43 2274 128 2355 poris
151 2274 305 2340 etaetatis
328 2275 464 2357 equales
487 2274 571 2339 dixit.

12 2439 20 2477 25
151 2392 226 2457 ibid.
264 2393 341 2458 234:
379 2393 446 2475 qui
482 2393 548 2471 (Cn.
583 2393 744 2471 Lentulus)
777 2413 861 2457 cum
899 2395 1009 2456 esset
1045 2409 1117 2455 nec

14 2501 281 2585 peracutus,
312 2518 547 2581 quamquam
577 2506 615 2566 et
644 2519 685 2564 er
717 2501 821 2563 facie
854 2502 894 2563 et
926 2519 968 2563 er
1002 2498 1116 2562 vultu

12 2673 14 2676 ,
44 2603 282 2678 uidebatur,
316 2625 384 2670 nec
417 2605 623 2672 abundans
656 2606 807 2678 verbis,
839 2604 919 2670 etsi
944 2603 1119 2669 fallebat

12 2778 14 2781 ,
47 2712 87 2776 in
126 2730 168 2776 eo
204 2712 310 2793 ipsc,
346 2714 405 2777 sic
440 2712 695 2789 intervallis,
733 2710 1117 2784 exclamationibus,

45 2835 142 2882 voce
163 2819 275 2882 suavi
299 2819 339 2882 et
360 2837 519 2890 canora.
544 2818 778 2882 admirando
800 2815 1020 2890 irridebat,
1052 2835 1119 2880 ca-

2 2982 7 2984 .
47 2924 162 2987 lebat
182 2925 220 2988 in
243 2925 410 3008 agendo.
443 2927 485 2989 ut
514 2943 572 3000 eo,
603 2942 684 3006 qnae
706 2924 888 2992 deerant,
912 2941 983 2985 non
1006 2922 1116 2986 desi-

46 3031 298 3094 derarentur.
351 3027 412 3095 Hic
440 3047 561 3112 quoqne
583 3027 830 3094 manifestissimi
852 3028 964 3099 mendi,
992 3028 1030 3092 de
1057 3046 1119 3110 quo

46 3154 137 3200 rremo
170 3135 301 3209 dubitat,
334 3135 471 3201 difficilis
501 3135 675 3200 emendatio
707 3137 764 3208 est,
796 3135 849 3199 sed
878 3135 1058 3207 inmerito,
1081 3135 1117 3196 ut

40 3241 167 3323 aliquid
197 3241 239 3307 sit
267 3243 352 3307 certi.
406 3241 515 3325 Neque
550 3242 632 3306 cuim
665 3241 801 3307 dubitari
834 3242 945 3323 potest,
980 3240 1052 3322 quin
1086 3240 1117 3304 in

48 3349 182 3413 Lentulo
205 3349 264 3413 duo
286 3348 427 3414 dicantur
449 3348 634 3418 excelluisse,
664 3350 795 3413 alterum
827 3350 960 3430 positum
988 3349 1019 3411 in
1051 3365 1119 3412 rer-

43 3457 160 3520 ·bornm
183 3457 214 3519 et
235 3454 496 3537 pronuntiationis
521 3455 629 3534 formu,
652 3456 784 3519 alterum
805 3454 837 3518 in
860 3453 989 3518 actionis
1011 3453 1133 3527 calore.

44 3566 215 3645 utrumqne
248 3580 302 3626 suo
335 3562 425 3626 verbo
457 3562 609 3632 notatum,
641 3563 737 3627 altero
766 3561 805 3626 ad
834 3560 983 3626 ablativos
1005 3580 1120 3642 praece·

46 3670 159 3734 dentes
191 3666 443 3744 (intervallis
476 3675 550 3745 cet.)
579 3668 818 3742 accommodato,
847 3667 945 3732 altero
974 3668 1012 3732 ad
1042 3666 1120 3731 illud

43 3775 87 3839 in
122 3774 284 3857 agendo.
340 3774 447 3857 ltaque
475 3781 603 3856 apparet
628 3776 789 3857 anaphora
818 3773 916 3857 figura
943 3772 1118 3838 Ciceronem

41 3899 141 3945 usum
163 3882 208 3947 sic
229 3880 405 3963 scripsisse:
429 3880 488 3946 sic
508 3881 751 3946 intervallis
767 3931 774 3947 .
791 3930 799 3946 .
817 3928 824 3942 .
840 3878 1120 3963 .†irridebat‚

41 3987 180 4070 <m>
213 3988 374 4053 calebat
411 3986 449 4052 in
490 3986 658 4070 agendo,
695 3989 738 4052 ut
770 3987 829 4052 cet.
890 3985 1010 4049 Deinde
1042 3983 1119 4047 illud

46 4112 173 4176 qnoque
195 4096 313 4160 certum
335 4097 392 4171 eat,
420 4091 519 4157 tribus
549 4092 612 4157 illis
641 4093 794 4167 ablativis,
824 4092 877 4175 qui
907 4091 998 4175 priori
1030 4090 1121 4154 verbo

47 4200 270 4283 adiunguntur,
294 4220 352 4267 non
375 4201 509 4283 potuisse
531 4199 604 4264 addi
626 4200 768 4282 quartum
792 4198 934 4283 gerundii
951 4196 1121 4262 ablativum

43 4304 314 4383 (admirandol
345 4308 383 4373 ad
413 4305 556 4372 effectum
589 4307 713 4372 illarum
737 4305 830 4369 trium
854 4323 955 4369 rerum
980 4304 1122 4388 spectan-

42 4418 125 4488 tem,
154 4432 225 4478 cum
247 4411 429 4498 praesertim,
457 4413 672 4495 quodcumque
694 4413 819 4477 verbum
842 4429 896 4493 pro
919 4410 1123 4476 irridebat

43 4518 199 4610 posueris,
222 4521 288 4603 ipse
312 4520 462 4586 Lentulus
483 4518 629 4584 admirari
653 4517 780 4596 dicatur,
797 4536 856 4584 uon
873 4517 929 4583 alii
945 4515 1122 4583 Lentulum.
