2654 5010
230 310 291 376 236
597 307 659 362 Lib.
676 306 713 362 ΙΙ.
733 303 800 376 (lep.
819 307 853 363 V.
963 308 964 311 ’

291 507 371 574 Ibid.
405 507 461 571 li:
495 505 536 571 at
564 494 786 587 Vologeses
815 503 863 571 ad
894 504 1129 571 Corbulone
1155 507 1264 587 missi
1305 485 1308 515 '

191 616 344 694 nuntii,
376 611 616 679 detraheret
651 609 830 676 castella
863 615 926 675 cet.
988 612 1037 676 Ex
1070 611 1128 676 bac
1156 611 1251 677 codicis

193 723 324 788 llcdicci
348 720 499 803 scriptura
529 713 665 782 efficitur
691 735 814 782 verum:
847 716 890 784 ab
921 715 1088 802 Vologese
1111 716 1156 782 ud
1176 717 1250 781 Cor-

193 828 379 894 bulonem
413 823 528 890 missi
560 820 705 887 nuntii.
754 823 927 889 Genetivus
959 822 1254 907 (Vologesislct

195 933 262 999 loce
285 934 318 997 st
339 931 493 997 sententia
513 929 637 1010 ineptus
659 931 717 995 est.

295 1072 442 1138 lbid.40:
466 1071 642 1136 Necdum
664 1070 693 1153 p'
716 1072 846 1135 metus
867 1076 937 1137 aut
960 1071 1154 1136 rediebat
1173 1068 1255 1134 lobio

197 1185 302 1258 (supra
324 1176 345 1242 b
367 1176 480 1260 scripte
502 1184 535 1255 u)
551 1223 559 1239 .
576 1224 583 1239 .
600 1224 608 1238 .
624 1175 772 1259 (spatium
790 1177 884 1241 trium
908 1176 1106 1253 litterarum)
1129 1194 1255 1239 rursum
1311 1228 1312 1232 ,

196 1283 411 1365 grassatus
446 1284 555 1366 iguis
587 1281 744 1364 patulis
777 1284 905 1366 magis
938 1284 1056 1348 orbis
1091 1281 1257 1347 lecisset.

197 1387 316 1452 Omitte
338 1387 479 1453 refellere
501 1388 689 1454 coniecturas
711 1408 729 1452 a
752 1388 892 1453 codicum
920 1388 1070 1472 vestigiis
1104 1388 1194 1470 longe
1218 1405 1256 1450 re

197 1492 340 1559 cedentes
378 1513 433 1560 uec
471 1492 601 1559 orationi
638 1496 670 1559 et
704 1495 864 1559 sententie
900 1494 994 1576 plane
1033 1494 1256 1560 satisfacientes

198 1598 347 1665 Veritatis
370 1598 563 1665 inveniende
585 1599 698 1665 indicia
719 1600 916 1664 continentur
941 1599 1082 1682 primum
1113 1597 1257 1682 particulis

200 1705 367 1770 necdum
390 1752 397 1767 .
422 1753 429 1768 .
457 1712 541 1781 ant,
575 1710 640 1771 tnui
674 1706 787 1771 litteris
819 1703 926 1770 lebis
963 1707 998 1769 et
1030 1707 1134 1787 spatio
1165 1722 1257 1769 vacuo,

198 1810 402 1877 Scribendum
440 1812 581 1877 videtur:
625 1811 799 1877 Necdum
842 1810 992 1897 demptus
1037 1816 1169 1876 metus
1203 1812 1261 1874 aut

199 1915 349 1984 redierat
370 1917 456 2004 plebi
478 1935 566 2003 spos;
588 1936 745 1983 rursum
768 1920 942 2002 grassetur
963 1919 1079 2001 ignis
1103 1925 1162 1983 cet.
1208 1916 1260 1981 lni-

198 2022 280 2087 tium
297 2025 522 2089 mendicatum
538 2029 587 2089 est
605 2043 640 2089 er
662 2023 776 2089 litteris
798 2026 882 2088 dum
907 2030 939 2090 et
961 2023 1050 2088 dem
1075 2020 1259 2089 continuatis.

301 2174 380 2241 Ibid.
425 2175 483 2240 43:
531 2174 606 2241 iarn
652 2194 754 2260 aqna
797 2177 1048 2260 privatorum
1098 2173 1261 2242 licentia

200 2282 436 2363 intercepta
457 2300 532 2365 que
552 2281 709 2366 largior
737 2284 775 2347 ct
800 2280 988 2363 pluribus
1012 2283 1119 2348 locis
1141 2283 1180 2347 in
1201 2299 1260 2364 pu·

200 2387 349 2452 blicum
391 2386 558 2466 flueret,
595 2389 801 2464 custodes,
845 2390 884 2451 et
919 2387 1115 2453 subsidia
1151 2385 1261 2469 repri-

202 2493 357 2558 mendis
389 2491 554 2577 ignibus
582 2495 625 2560 iu
659 2493 873 2578 propatulo
895 2493 1071 2577 quisque
1095 2493 1263 2559 baberet

202 2600 303 2666 Nimis
340 2598 416 2665 dure
453 2599 659 2682 interponitur
691 2620 726 2666 ao
760 2619 846 2682 pene
882 2599 1026 2665 abiicitur
1063 2601 1263 2666 nominativus

201 2705 392 2772 custodes
422 2705 453 2769 in
485 2725 562 2771 nevo
590 2705 736 2772 institute
768 2706 899 2772 notando
926 2713 976 2782 (-
1004 2725 1078 2772 nam
1102 2709 1135 2772 in
1157 2706 1263 2771 desen·

201 2812 301 2875 bendo
322 2829 426 2875 rerum
443 2813 528 2876 statu
543 2812 707 2879 admodum
725 2814 857 2878 breviter
873 2811 1101 2878 nominativum
1118 2814 1264 2878 interdum

199 2919 339 2984 aTacite
362 2918 432 2998 peni
455 2936 515 2982 nen
539 2936 607 2984 sum
631 2919 748 2985 oblitus
773 2926 832 2996 -),
857 2917 1026 3002 presertim
1047 2919 1196 2984 adiuncto
1216 2916 1266 2983 ille

199 3027 239 3090 et
259 3024 445 3089 subsidia
550 3025 719 3109 quisque
741 3024 917 3090 haberet.
941 3025 1067 3100 Vereor,
1092 3027 1266 3092 neTaeitus

199 3131 374 3212 scripserit:
397 3132 589 3196 custodes
603 3133 804 3213 <esseut>,
820 3132 859 3195 ct
880 3130 1069 3195 subsidia
1087 3137 1148 3198 cet.
1172 3133 1266 3198 Facile

199 3235 324 3319 quidem
348 3237 473 3302 verbum
496 3237 632 3302 excidere
654 3235 825 3317 peterat.*)

298 3572 436 3626 hominum
456 3572 653 3627 obversabatur
672 3574 804 3629 memoria
822 3589 875 3626 non
895 3572 1019 3640 cladis,
1043 3574 1093 3628 sed
1114 3578 1199 3646 pacis,
1217 3590 1266 3643 qna

298 3664 391 3719 clades
409 3666 495 3720 vitatu
515 3673 581 3720 eret.

250 3759 276 3824 *)
295 3759 374 3812 Initio
394 3758 498 3827 capitis,
519 3759 647 3826 queniam
665 3776 738 3814 nunc
756 3766 864 3814 constet
882 3760 909 3813 in
929 3759 1025 3814 codice
1044 3760 1120 3816 bled.
1141 3763 1263 3831 scripturn

297 3866 359 3904 esse
388 3850 510 3919 domui,
539 3869 572 3906 ee
600 3853 687 3920 magis
706 3870 800 3908 eorvrm
819 3853 956 3907 sententia
975 3854 1121 3922 sequenda
1139 3865 1206 3919 erat,
1222 3852 1263 3921 qui

297 3942 420 3997 viderant
441 3944 566 3999 Tacitum
586 3946 686 4000 acerbe
704 3963 764 4002 eam
782 3954 889 4017 partem
907 3947 983 4000 urbis
1003 3947 1171 4017 significare,
1190 3962 1262 4016 quem

295 4034 427 4091 immense
455 4039 545 4107 spatie
575 4048 710 4109 occupate
744 4039 840 4094 domus
870 4040 988 4095 Neronis
1019 4040 1191 4109 reliquisset,
1219 4055 1264 4095 nee

295 4127 442 4195 quidquem
460 4131 490 4185 iu
509 4133 599 4186 verbis
618 4133 786 4187 mutandum.
