2626 5070
257 291 319 355 322
613 291 674 349 nro.
687 292 765 350 um.
776 291 844 364 cap.
859 295 882 351 1.

215 492 299 557 aliud
337 495 479 558 notatum
512 494 560 557 est
589 490 644 567 Vl,
679 492 706 566 1,
742 492 791 572 ll,
821 510 882 557 non
908 496 1067 576 receptum
1089 497 1163 575 Vll,
1191 501 1221 578 6,
1249 504 1288 567 l:

215 598 417 681 impetum.
461 596 542 662 aad.
563 596 649 671 VIII,
675 597 693 657 7
714 597 749 660 Ε.
772 598 814 674 5.)

315 701 381 766 lbd.
418 702 447 778 7,
484 702 519 766 7:
553 702 709 767 rastros
734 702 833 766 enim
868 699 1094 771 constantes
1128 711 1282 783 animos,

216 808 349 873 vestra
379 812 538 874 strenua
569 806 810 882 ministeria,
841 809 1007 873 vestram
1039 811 1277 899 inexpugng.

214 913 336 978 bilem
369 913 692 979 taciturnitatem
731 930 877 995 proque
913 912 1115 997 dignitate
1148 923 1187 984 et
1218 939 1277 985 aa·

217 1019 304 1083 luto
341 1017 831 1099 amicorum,perpetnam
873 1017 1188 1103 excubationem,
1218 1027 1275 1090 ta·

214 1125 423 1190 stationem
464 1121 762 1198 benevolentia,
898 1120 1092 1205 posterior
1128 1126 1273 1194 intuens

211 1234 302 1297 aetas
325 1232 384 1296 cet.
438 1231 554 1313 Ignara
584 1230 616 1291 et
644 1227 747 1309 inepte
779 1228 914 1292 extremo
941 1230 1079 1296 membro
1102 1232 1272 1318 adiungitur

75 1382 80 1394 ·
213 1337 403 1420 appositione
436 1335 492 1399 illa
523 1331 693 1398 testatio
728 1332 1025 1409 benevolentia,
1057 1355 1135 1420 qnae,
1172 1340 1200 1404 si
1230 1339 1269 1404 lo·

214 1442 326 1525 quendi
348 1461 437 1506 usum
461 1438 627 1521 sequimur,
650 1437 727 1502 nihil
742 1437 825 1502 alind
848 1442 895 1503 est
915 1438 975 1504 nisi
997 1441 1106 1517 oratio,
1130 1463 1191 1528 qua
1211 1445 1268 1528 quis

214 1566 248 1612 se
269 1545 451 1611 benevolum
476 1562 544 1610 esse
566 1545 709 1609 testatur.
767 1541 970 1608 Scribonium
1003 1549 1052 1611 ost
1083 1547 1201 1615 dnabns
1224 1550 1267 1614 lit

212 1651 287 1716 teris
346 1648 557 1733 transpositis:
615 1650 840 1731 perpetuam
898 1650 1193 1718 excubationem
1241 1662 1267 1714 aa

211 1757 413 1818 stationam
445 1754 734 1822 benevolentia.
790 1753 1011 1821 Benevolentia
1042 1759 1212 1825 excubabat
1242 1763 1267 1823 et

211 1857 375 1923 stationem
398 1860 511 1944 agebat
531 1880 586 1943 pro
609 1859 760 1943 dignitate
782 1862 813 1924 et
833 1859 933 1925 sainte
954 1863 1134 1929 amicornm.

309 1963 376 2028 Ibd.
400 1965 418 2025 i
442 1966 476 2029 E.
508 1966 544 2029 1:
587 1963 723 2029 nonem
751 1964 879 2029 antem
901 1972 1090 2034 momento
1121 1972 1161 2035 et
1189 1970 1267 2035 hora

209 2087 227 2132 a
273 2068 457 2155 Dionysio
503 2071 719 2136 constituta
774 2072 793 2111 *
838 2088 916 2135 eam
959 2072 1021 2156 qui
1069 2077 1268 2158 acceperat

208 2176 454 2258 supervenit.
499 2175 560 2241 Ubi
593 2178 698 2241 notam
731 2176 835 2258 posui,
867 2175 935 2240 duae
964 2177 1078 2242 litterae
1099 2178 1132 2242 in
1153 2179 1181 2242 B
1203 2198 1266 2244 era·

208 2284 349 2346 nuerunt.
388 2281 586 2347 Scribonium
611 2283 676 2346 est:
704 2281 845 2347 Eodem
868 2284 992 2347 autem
1015 2287 1213 2350 momento
1235 2286 1266 2349 et

207 2387 297 2475 hora
333 2406 353 2452 a
388 2388 569 2472 Dionysio
606 2385 826 2452 constituta
856 2397 901 2460 et,
940 2406 1019 2452 eam
1054 2390 1121 2474 qui
1160 2409 1265 2456 acce·

207 2495 334 2576 parat,
366 2493 594 2575 superuenit
626 2492 672 2575 (id
704 2495 767 2570 est,
800 2493 852 2576 qui
882 2493 990 2558 horam
1021 2499 1192 2576 acceperat,
1224 2494 1265 2560 cui

206 2598 376 2663 constituta
411 2600 499 2677 erat).
569 2599 629 2664 Pro
669 2597 804 2664 ablativo
843 2600 1002 2680 acceptum
1033 2598 1127 2664 hora
1159 2599 1265 2666 fredam

205 2703 280 2769 facit
300 2704 511 2787 tautologiam.

306 2798 372 2876 lot.
396 2810 425 2888 8,
451 2811 484 2874 l:
518 2810 682 2893 pretinm
708 2808 918 2874 Hannibali
938 2807 1118 2891 protinus
1141 2829 1266 2876 nnme-

204 2916 326 2991 ravit,
347 2917 379 2981 si
404 2916 449 2981 ad
472 2915 646 2981 calculos
668 2918 897 2992 revocetur,
930 2933 1103 2998 parvum,
1137 2918 1266 2999 utpote

203 3023 355 3105 septem
378 3021 603 3106 iugeribus,
638 3024 677 3086 et
708 3022 776 3087 hoo
809 3019 848 3085 in
872 3018 1059 3102 Pupinia,
1093 3020 1266 3086 addictis

202 3126 416 3205 redactum,
459 3127 493 3192 si
535 3126 662 3192 animo
706 3127 919 3211 erogantis,
961 3126 1062 3191 omni
1104 3125 1266 3208 pecnnia
1304 3180 1308 3185 ,

202 3233 334 3297 maius.
391 3232 441 3297 Ad
473 3232 643 3298 ablativum
675 3233 799 3298 animo
833 3231 1033 3315 erogantis
1062 3231 1148 3298 nnllo
1179 3232 1265 3314 pacto

202 3338 299 3403 audiri
327 3340 430 3421 potest
466 3340 681 3415 revocetur,
718 3356 816 3422 neque
850 3338 881 3401 in
909 3337 968 3402 hac
996 3335 1141 3421 diligenti
1170 3357 1267 3403 menn·

201 3444 325 3510 brorum
347 3443 574 3526 comparatione
596 3443 647 3523 (si
753 3445 976 3520 revocetur,
1009 3443 1040 3508 si
1071 3450 1142 3522 ...)
1167 3446 1267 3510 nescio

200 3549 279 3632 qnod
305 3549 471 3614 artificium
504 3547 651 3613 adhiberi.
695 3548 721 3612 B
757 3547 868 3612 habet:
907 3548 942 3613 si
962 3547 1091 3614 animo
1129 3569 1269 3633 praero-

199 3654 339 3738 gantis.
383 3656 486 3732 Latet,
508 3656 628 3738 opinor:
652 3653 684 3717 si
705 3653 831 3718 animo
852 3673 990 3736 panace
1012 3658 1229 3739 erogantis.

298 3758 364 3824 Lib.
399 3759 435 3837 V,
481 3760 495 3820 1
534 3761 615 3825 init:
658 3757 916 3824 Liberalitati
959 3776 1052 3840 quas
1095 3750 1289 3843 aptiores

198 3866 358 3931 comites
393 3883 502 3948 quam
536 3864 826 3938 humanitatem
855 3867 894 3930 et
920 3865 1174 3931 clementiam
1203 3868 1275 3933 de·

197 3971 330 4049 (ierim,
369 3970 543 4054 qnoniam
588 3971 689 4036 idem
730 3990 852 4056 genus
897 3970 1025 4036 landis
1062 3974 1277 4055 expetunt?

197 4077 359 4155 Quarum
405 4077 525 4159 prima
575 4076 720 4159 inopia,
771 4077 946 4159 proxima
996 4080 1278 4162 occupatione,
