2648 5084
445 720 598 780 Suetonius.
948 720 1007 784 581

56 924 83 991 i.
107 923 258 990 Gaesare
282 924 337 1010 [in
360 924 700 986 administratione
731 924 923 986 coercitus
955 919 1054 987 Ger·

56 1032 143 1093 nici
162 1031 198 1091 in
221 1030 344 1094 locum
371 1027 496 1113 Goesu]
521 1030 592 1095 lici
614 1030 874 1095 substitutus.

91 1137 195 1202 Vitell.
240 1138 296 1202 14:
349 1134 488 1203 'Nullis
535 1139 664 1201 tamen
707 1136 902 1202 infensior
944 1155 1051 1220 quam

62 1243 222 1309 naculis
256 1247 294 1308 et
315 1242 629 1318 mathematicis,
662 1245 703 1308 ut
731 1242 899 1325 quisquc
920 1242 1055 1308 defer·

56 1368 109 1423 ur,
142 1349 359 1415 inauditum
389 1349 519 1431 capite
551 1350 742 1431 puniebat
773 1351 830 1413 cet.
884 1350 926 1414 llt
946 1367 1000 1432 per
1021 1367 1055 1414 se

56 1455 118 1519 :ule
140 1474 339 1539 perverseque
360 1455 516 1520 vernaculi
538 1474 607 1520 cum
623 1455 851 1520 mathematicis
866 1456 1055 1539 coniungun-

63 1564 210 1648 tanqunm
243 1563 334 1626 certa
356 1560 431 1626 artis
453 1559 602 1635 homines,
625 1565 666 1639 et,
701 1581 775 1646 quae¹
791 1561 994 1627 subiiciuntur
1016 1559 1054 1626 de

56 1670 91 1732 co
113 1668 249 1744 Vitellii,
281 1667 464 1745 ostendunt,
502 1665 540 1732 de
572 1685 631 1733 uno
661 1669 818 1735 hominnm
851 1686 971 1753 genere>
993 1668 1054 1751 agi.

56 1776 154 1839 tonius
185 1775 361 1859 scripserat:
394 1774 436 1838 de
468 1772 734 1858 genethliacis
767 1778 804 1839 et
834 1773 1055 1839 mathema·

56 1881 98 1945 is.
165 1882 212 1959 (ln
251 1902 282 1946 c:
314 1881 352 1944 15
385 1880 645 1964 quemadmodum
678 1881 841 1946 sententiae
874 1878 1055 1944 dirimendos
1181 1864 1187 1873 ’

56 1990 104 2066 ut,
127 1987 188 2052 diri
219 1991 291 2053 ante
312 1987 426 2052 multus
448 2006 543 2052 annos
567 2005 668 2071 opusc.
691 1985 776 2051 acad.
800 1986 831 2050 Il
853 2006 882 2068 p.
906 1983 937 2050 8.
980 1984 1055 2049 Per·

56 2095 118 2160 cnle
151 2095 217 2159 haec
246 2092 484 2177 coniunguntur:
528 2092 618 2159 Cum
648 2095 687 2158 et
719 2092 896 2176 proelium
929 2093 966 2156 ct
994 2091 1056 2154 in·

63 2201 164 2266 dium
291 2199 541 2283 prospiceret
579 2249 646 2278 ...,
688 2217 758 2263 non
801 2198 925 2263 multo
968 2198 1057 2281 post
1185 2210 1196 2225 “

56 2307 187 2401 nitens
210 2306 308 2372 facti
412 2305 560 2372 inravit
583 2308 656 2388 cet.)

93 2412 207 2478 Domit
230 2412 264 2478 3:
306 2411 455 2478 Deinde
483 2432 635 2478 uxorem
658 2410 888 2484 Domitiam,
918 2427 964 2473 er
986 2426 1057 2491 qua

56 2517 220 2582 secundo
252 2537 319 2583 suo
353 2520 565 2584 consulatu
597 2519 725 2583 iillum
760 2517 914 2582 tulerat
953 2515 1058 2579 alte-

56 2643 111 2708 rne
144 2643 241 2690 anno
265 2625 468 2690 consulatu
489 2624 706 2688 filium-vit
737 2622 958 2707 Augustam.
1006 2621 1057 2686 Sic

56 2731 215 2807 nmianus;
245 2736 331 2815 recte
353 2730 482 2798 Buthins
506 2730 792 2802 consalutauit,
817 2733 895 2793 ¹cum
918 2728 980 2791 iam
1004 2726 1057 2792 alii

56 2837 240 2901 rsalutare
262 2837 387 2935 subesse
408 2835 634 2901 intellexissent
663 2836 730 2913 (cfr.
754 2834 792 2900 de
813 2834 924 2899 erroris
945 2851 1058 2917 genere

58 2962 101 3007 ec.
124 2941 162 3007 de
185 2943 238 3007 vit.
253 2943 333 3007 beat.
357 2942 407 3019 25,
429 2942 479 3023 4);
502 2940 555 3006 sed
577 2940 671 3005 simul
692 2960 711 3005 a
730 2941 850 3007 Graevio
873 2938 1056 3005 sumendum

56 3049 278 3132 salteroque
301 3068 397 3113 anno
421 3048 557 3124 liliam,
580 3049 615 3111 ut
635 3047 835 3112 scriberetur:
860 3066 901 3112 er
925 3065 998 3130 que
1018 3046 1056 3110 in
1118 3076 1121 3083 ·
1178 3067 1183 3075 ·

62 3154 160 3220 unde
183 3174 253 3220 suo
283 3135 498 3220 consulatu
523 3154 649 3218 filium
676 3154 824 3220 tulerat
849 3153 1057 3235 alteroque

56 3280 88 3326 ro
111 3260 253 3339 filiam,
276 3262 547 3327 consalutauit
562 3263 805 3355 Angustam.-

91 3470 137 3536 lle
161 3473 379 3554 grammaticis
401 3473 436 3538 3:
459 3477 501 3538 ut
523 3475 679 3540 constet
783 3473 817 3537 L.
841 3468 1055 3552 Apuleium

56 3578 182 3642 Elicio
205 3578 367 3644 Calvino
390 3597 470 3663 equ.
486 3579 747 3662 upraedivite
775 3573 1056 3661 quadringenis

56 3686 134 3749 ruis
157 3685 370 3751 conductos
392 3685 536 3750 multos
559 3685 748 3750 edoceret.
792 3681 885 3746 Nam
906 3682 944 3745 in
969 3698 1057 3762 pro·
1088 3731 1095 3745 r

62 3792 146 3856 cias
168 3811 324 3875 quoque
346 3791 603 3876 grammatica
624 3792 904 3873 penetraverat
930 3789 986 3852 cet.
1020 3786 1056 3849 ln

76 3894 295 3962 conductos
317 3898 461 3961 multos
484 3897 595 3978 prater
617 3895 848 3960 conductum
870 3894 949 3958 latet
970 3892 1057 3957 urhis

56 4001 186 4067 cincialis
209 4021 340 4079 nomen,
373 4003 408 4066 'in
431 4021 490 4089 que
512 4004 547 4065 ut
567 4000 700 4076 doceret,
721 4001 868 4085 Apuleius
890 3997 1057 4063 conductus

96 4106 227 4172 Videtur
247 4108 357 4174 tuisse:
381 4107 625 4195 conductum,
647 4117 686 4169 ut
713 4106 855 4170 Tolosoe
877 4105 1035 4167 doceret.

89 4212 156 4277 Ibd.
189 4213 246 4278 22:
283 4214 356 4279 Hic
386 4214 503 4291 idem,
540 4231 626 4278 cum
654 4233 697 4279 ex
730 4213 912 4278 oratione
943 4209 1057 4274 'lihe-

60 4341 91 4385 m
125 4320 467 4404 reprehendisset,
508 4319 738 4384 affirmante
784 4318 897 4383 Ateio
939 4312 1063 4398 Caph·

64 4446 96 4502 e,
132 4429 171 4491 et
203 4445 288 4492 esse
322 4424 424 4491 illud
460 4426 642 4492 Latinum
676 4427 728 4499 et,
771 4425 801 4489 si
834 4442 904 4488 non
938 4423 1058 4500 esset,

56 4552 159 4598 urum
193 4535 301 4600 certe
333 4534 406 4598 iam
428 4533 531 4608 inde,
566 4531 770 4606 Mentitur,
807 4531 955 4614 inquit,
985 4528 1055 4595 Ca·
