2656 5056
433 732 464 787 L.
484 731 587 787 Seneca
606 732 742 802 Epistola.
1022 732 1081 795 511

60 952 129 998 mm
168 932 233 997 liat.
283 930 390 1013 ltaque
411 948 471 993 non
496 929 592 1007 video,
614 930 664 1012 qui
687 929 784 1011 possit
805 946 864 993 non
889 932 1122 1012 scribiaQnin

61 1038 163 1102 enim
187 1035 292 1099 dubii
315 1038 390 1109 ost,
413 1053 480 1100 oro
506 1036 561 1107 te,
585 1039 677 1118 puin
700 1053 769 1100 nec
791 1053 954 1100 messem
978 1039 1036 1102 cet.

164 1142 219 1225 llp.
246 1139 315 1214 118,
336 1140 355 1203 9
378 1143 460 1218 (nam
485 1139 523 1203 de
545 1139 562 1221 §
586 1139 604 1199 7
627 1139 688 1203 diri
711 1139 771 1205 vol.
796 1140 808 1202 l
831 1159 859 1222 p.
882 1140 934 1217 22)
956 1161 1048 1224 prave
1071 1143 1124 1207 de·

57 1249 208 1323 finitioni,
242 1264 309 1329 quae
341 1243 389 1308 bis
422 1245 538 1309 verbis:
583 1245 726 1309 Bonum
760 1247 835 1317 est,
881 1245 978 1329 quod
1010 1246 1053 1311 ad
1087 1266 1125 1322 se

57 1357 250 1436 impetum
280 1350 398 1415 animi
429 1350 637 1415 seeundum
672 1354 846 1415 naturam
872 1354 1000 1416 movet
1022 1352 1125 1417 absol-

57 1460 144 1525 vitur
178 1463 209 1523 et
242 1476 261 1520 a
292 1453 448 1537 superiore
480 1454 538 1521 boc
571 1474 630 1519 uno
670 1456 788 1522 adiecto
822 1457 1025 1523 seeundum
1059 1477 1125 1522 na·

56 1570 191 1630 turam
209 1562 332 1637 differt,
368 1560 537 1641 copulative
569 1563 617 1637 (et
645 1562 713 1639 ita)
743 1562 970 1646 adiunguntur,
1000 1582 1066 1646 quae
1090 1582 1125 1628 er

57 1690 96 1735 ca
119 1669 303 1734 efficiuntur.
361 1665 488 1730 Sublato
515 1669 570 1740 et,
603 1667 683 1750 quod
706 1685 740 1730 er
763 1668 882 1732 ultimis
905 1667 1017 1732 litteris
1040 1669 1124 1733 uerbi

56 1775 196 1840 movet
229 1777 330 1838 ortum
362 1774 420 1849 est,
455 1771 663 1836 scribendum:
707 1773 769 1836 Ita
804 1771 953 1837 demum
990 1774 1125 1855 peton-

57 1881 245 1957 domest,
279 1897 358 1942 cum
392 1877 507 1959 coepit
538 1895 625 1942 esse
658 1877 935 1959 expetendum,
968 1877 1027 1943 nisi
1051 1877 1124 1942 luit:

58 1988 124 2051 Ita
148 1970 216 2064 (hoc
244 1983 375 2059 adiecto)
406 1992 480 2057 tona
507 1982 655 2047 demum
683 2002 712 2064 p.
743 1985 802 2046 est
833 1986 889 2047 cet.
953 1984 1052 2065 (1)θὲ
1078 1983 1125 2058 12,

57 2091 113 2154 ubi
153 2089 325 2172 Schweigh.
356 2090 388 2153 et
420 2087 504 2151 Fiok.
537 2105 643 2152 verum
675 2090 790 2162 tenent,
824 2087 969 2152 admonui
1002 2088 1041 2152 ad
1063 2088 1125 2152 Cic.

58 2196 113 2259 fin.
139 2194 195 2272 llI,
217 2193 236 2256 3
258 2215 287 2276 p.
312 2193 383 2256 344.
446 2194 463 2275 ξ
499 2192 536 2254 16
565 2210 682 2276 quoque
704 2193 780 2257 mire
803 2194 917 2258 erravit
939 2193 1071 2259 Hessius
1094 2195 1124 2258 in

59 2319 94 2365 re
119 2303 151 2363 et
173 2299 273 2364 verbis
295 2299 431 2382 apertis.)

164 2403 218 2485 Ep.
244 2404 314 2484 119,
339 2404 378 2467 10
400 2406 484 2480 (11);
518 2403 590 2468 Sed
616 2405 660 2466 ut
679 2403 793 2478 scias,
817 2423 926 2486 quam
949 2404 1126 2470 difficile

58 2510 116 2573 sit
139 2527 200 2573 res
225 2527 312 2573 suas
342 2508 386 2573 ad
419 2509 634 2573 naturalem
657 2507 807 2572 modum
831 2512 1026 2583 coartare,
1061 2510 1125 2575 bic

52 2615 161 2697 ipse,
199 2633 313 2696 quem
360 2615 461 2679 circa
499 2616 675 2679 naturam
713 2613 895 2687 dicimus,
940 2633 1048 2697 quem
1086 2619 1125 2681 tu

61 2737 181 2783 vocas
225 2738 446 2803 pauperem,
488 2718 602 2784 habet
622 2718 771 2801 aliquid
808 2723 845 2783 et
881 2719 1125 2797 supervacui.

61 2823 173 2906 Neque
206 2823 279 2906 quid
311 2826 352 2890 sit
387 2825 468 2886 circa
499 2833 642 2886 acturam
669 2823 802 2907 aliquem
832 2824 938 2898 dicere,
972 2841 1079 2905 neque,
1100 2823 1127 2887 si

63 2931 173 2993 contra
203 2931 351 2995 sermonis
379 2931 479 3014 legem
512 2950 572 2992 esec
599 2929 756 3007 audimus,
793 2931 865 3013 quid
893 2931 935 2994 sit
964 2949 1023 2990 cccc
1045 2929 1127 2991 circa

61 3044 258 3113 natricem,
306 3036 466 3119 quisquam
513 3035 660 3117 expediet.
711 3033 771 3100 Sed
814 3038 995 3099 naturam
1038 3054 1057 3098 a
1100 3035 1125 3098 B

61 3142 113 3219 (et
135 3139 254 3235 duobus
277 3141 356 3219 aliis)
377 3158 500 3223 prorsus
531 3142 620 3205 abest
640 3140 842 3223 scribiturque
877 3159 986 3224 quem
1020 3141 1127 3206 circa

61 3245 252 3323 dicimus,
284 3245 342 3311 hoo
374 3247 422 3310 cst
449 3244 619 3327 perspicue,
641 3244 760 3311 duabus
781 3247 893 3312 litteris
916 3246 1124 3330 transpositis:

60 3368 171 3435 quem
214 3349 525 3412 circumcidimus
568 3352 613 3426 (et
648 3352 754 3416 multis
793 3351 961 3434 amputatis
994 3352 1126 3415 circum·

60 3456 267 3538 scripsimus).
326 3454 414 3518 Idem
446 3454 572 3518 verbum
601 3455 794 3520 librariorum
816 3456 993 3538 ignorantia
1016 3457 1126 3521 obscu-

59 3544 164 3626 ratum
188 3560 325 3626 Ciceroni
347 3558 481 3632 reddidi,
515 3558 638 3624 Tuscul.
669 3561 693 3636 l,
717 3561 773 3637 783
812 3562 843 3624 in
867 3561 942 3626 libro
965 3561 991 3624 V
1014 3560 1051 3625 de
1073 3560 1123 3625 fin.

60 3666 102 3729 39
125 3667 157 3730 iu
179 3666 312 3749 optimis,
346 3666 397 3748 qui
429 3683 508 3728 nune
536 3666 710 3747 supersunt,
733 3665 887 3731 codicibus
911 3667 949 3744 (B
973 3666 1048 3740 llrl.)
1072 3686 1125 3749 pro

60 3790 97 3837 eo
121 3770 320 3836 substituitur
352 3770 582 3846 circumdat,
619 3769 724 3835 sedin
746 3772 945 3837 deterioribus
968 3773 998 3854 (e
1022 3773 1086 3838 Pal.
1111 3774 1123 3836 l
1154 3764 1160 3770 ’

58 3877 157 3959 stirpe
178 3878 235 3940 aut
255 3876 338 3940 facili
359 3877 543 3951 coniectura)
566 3894 670 3939 verum
695 3879 850 3941 servatum
873 3881 928 3941 est.
979 3877 1008 3959 (ᾖ
1024 3877 1042 3937 7
1057 3897 1124 3960 quae

58 3985 130 4065 post
150 3980 323 4046 mentior
344 3984 527 4063 sequuntur,
561 3998 619 4043 non
642 3980 857 4045 correctionem
881 3986 913 4045 et
934 3982 1058 4046 maioris
1079 3983 1123 4045 rei

58 4086 262 4152 adiectionem
296 4085 427 4162 babent,
466 4085 521 4150 sed
555 4084 640 4161 eius,
683 4086 761 4169 quod
798 4085 916 4150 dietum
952 4089 1013 4163 ost,
1052 4105 1123 4151 oon-

58 4191 277 4256 firmationem.
335 4189 462 4274 ltaque,
495 4192 521 4255 si
554 4192 631 4256 nihil
666 4200 714 4257 est
748 4191 869 4264 mendi,
907 4192 1123 4276 interrogative

56 4297 273 4379 proferendum
319 4299 366 4361 est
419 4297 613 4362 mentior?
686 4296 861 4379 Simplicius
905 4299 1003 4367 esset,
1049 4316 1123 4380 quo·

57 4402 148 4468 modo
172 4400 289 4466 Seneca
311 4402 433 4484 scripsit
457 4401 529 4476 106,
563 4402 636 4466 bet
660 4402 729 4474 118,
752 4401 787 4464 6:
821 4400 1007 4476 mentior,
1041 4405 1120 4462 cisi·

57 4506 202 4590 quaerit
225 4509 296 4581 cet.)
