2662 5062
405 703 436 758 L.
457 702 561 761 aaran
579 702 716 773 Epistola.
990 702 1051 764 467

25 907 67 970 P:
88 924 203 969 unum
226 904 396 973 Graecus,
420 901 486 966 Ab:
508 919 604 965 unus
628 901 803 992 Graecus),
826 902 993 984 exquibus
1016 902 1096 967 ellici

26 1010 165 1074 videtur:
211 1007 395 1070 Detrabe:
426 1006 501 1070 tibi
537 1025 605 1071 non
634 1006 816 1088 pusillum
851 1009 998 1091 negotii
1026 1028 1097 1074 una

25 1114 254 1180 mercedula
290 1115 327 1177 ct
371 1131 482 1176 unum
517 1113 685 1195 praciam
723 1112 937 1193 (praecium).
994 1115 1097 1193 Ludit,

26 1223 177 1302 tanquam
200 1218 375 1283 mercedula
409 1221 441 1282 et
473 1216 606 1298 pretium
629 1217 687 1281 sibi
709 1235 728 1281 a
749 1216 865 1281 Lucilio
890 1222 1024 1285 solutum
1047 1223 1097 1287 sit.

25 1324 75 1388 De
106 1325 125 1406 ξ
154 1324 193 1385 12
219 1323 334 1388 dictum
367 1324 416 1388 ast
450 1322 506 1386 rol.
534 1324 545 1385 l
580 1341 609 1403 p.
636 1322 686 1386 51.
739 1322 799 1386 Sed
826 1327 974 1403 praterea
1007 1346 1098 1408 prave

27 1430 147 1495 editur:
192 1429 394 1494 Mutantur
428 1428 601 1509 speciosi
635 1432 858 1510 apparatus:
897 1433 1098 1512 nequeenim

30 1537 71 1601 de
96 1536 268 1600 mutatione
296 1534 407 1619 agitur.
442 1534 545 1610 Exeo,
566 1533 647 1616 quod
669 1532 787 1599 codices
810 1534 951 1599 meliores
974 1536 1099 1615 habent,

29 1641 256 1713 imitantur,
289 1640 325 1704 fit
355 1639 444 1705 facilc
480 1644 632 1705 etrecte:
677 1638 891 1701 Mittantur
928 1642 1084 1723 specics
1135 1633 1137 1643 ⁴

29 1749 253 1828 apparatus,
297 1749 348 1819 et,
389 1745 487 1828 qnod
521 1746 616 1822 (male
643 1745 762 1811 codices
794 1748 825 1810 et
860 1746 1008 1813 Haasins:
1051 1754 1098 1821 et:

30 1851 135 1934 quid)
159 1850 281 1915 futuri
306 1851 497 1934 temporis
527 1852 680 1916 incerta
702 1869 784 1915 sors
807 1851 952 1930 volvit,
987 1875 1100 1938 quara

29 1955 167 2038 potius
195 1959 275 2020 ...Ρ
731 1948 735 1962 ’

133 2062 189 2143 Ep.
215 2061 263 2137 16,
287 2062 323 2123 2:
346 2062 424 2126 Boni
449 2064 568 2128 codices
593 2064 723 2128 babent:
748 2064 884 2145 ltaque
906 2065 980 2130 tibi
1002 2067 1102 2149 apud

30 2186 88 2231 me
133 2168 311 2249 pluribus
352 2168 487 2233 verbis
544 2173 609 2234 ant
663 2168 888 2233 adfirmatis
932 2188 976 2233 ne
1025 2175 1101 2238 tam

30 2273 162 2356 longis
200 2273 387 2357 intelligo
423 2277 460 2338 te
498 2276 659 2339 multum
694 2267 921 2355 proiecisse.
975 2278 1102 2342 Subest:

30 2377 176 2460 Itaque
211 2379 287 2445 tibi
314 2381 411 2462 apud
440 2398 498 2444 me
525 2379 704 2461 pluribus
732 2368 862 2444 verbis
893 2384 958 2446 aut
980 2383 1104 2466 assir·
1131 2367 1136 2373 ⁸

31 2484 204 2546 rnctione
235 2486 310 2550 ianr
339 2486 396 2547 nil
416 2507 527 2569 opas:
559 2486 746 2569 intelligo
770 2490 806 2549 te
828 2484 992 2550 multum
1014 2507 1096 2570 pro·

31 2590 190 2656 fecisse.
236 2592 337 2656 Verba
360 2602 421 2652 tam
445 2590 538 2673 lonpc
561 2590 670 2655 Latine
701 2610 760 2655 non
787 2591 857 2668 dici,
880 2591 928 2655 vir
957 2610 1034 2673 opus
1056 2598 1105 2659 est

34 2714 171 2761 monere.
200 2697 311 2762 Haud
334 2697 487 2780 particula
499 2696 617 2761 Seneca
629 2713 689 2759 non
701 2696 806 2760 utitur.
840 2697 1038 2778 (Paulopost
1051 2699 1104 2763 ubi

34 2802 70 2866 in
92 2802 248 2867 codicibus
270 2802 314 2893 sio
336 2802 479 2867 scribitur
503 2803 535 2867 et
556 2820 637 2865 nunc
660 2801 775 2865 editur:
820 2801 951 2866 Dicam
974 2805 1103 2869 tamen

36 2909 281 2973 sententiam
320 2907 416 2991 quod
455 2907 527 2972 iam
565 2907 607 2971 de
650 2910 686 2970 te
722 2925 824 2988 spem
858 2906 994 2984 habeo,
1031 2927 1105 2972 non

35 3013 270 3089 fiduciam,¹
296 3016 378 3077 recte
421 3018 493 3078 ante
538 3013 715 3077 Fickertum
753 3011 912 3076 edebatur:
973 3013 1105 3078 Dicam

36 3123 187 3193 tamen,
214 3119 307 3202 quid
326 3120 504 3181 centiam:
527 3120 600 3183 iam
624 3117 665 3181 de
687 3119 726 3181 te
748 3136 853 3200 spem
875 3119 1013 3193 babeo,
1036 3137 1107 3183 non

38 3225 236 3290 fiduciam.
298 3225 402 3308 Longe
446 3223 528 3289 aliud
567 3229 616 3288 est
652 3222 733 3305 apud
765 3223 892 3288 Latinos
931 3226 1107 3286 ambatiam
1228 3280 1232 3284 .

40 3332 149 3394 dicere.
203 3330 311 3395 Errore
330 3333 431 3395 ortum
455 3332 503 3395 ast
531 3329 787 3405 sententiam,
821 3332 889 3393 tum
911 3330 1109 3410 transpositio

40 3437 152 3514 facta.)

145 3540 200 3622 Ep.
227 3540 276 3612 17,
299 3545 333 3607 5:
379 3542 439 3620 Qui
469 3539 668 3622 philosophia
698 3539 835 3605 studium
858 3538 977 3611 differt,
1012 3539 1057 3603 ita
1078 3558 1110 3604 sc

43 3649 185 3713 excusat:
240 3647 399 3724 Parare,
443 3645 541 3710 unde
585 3646 723 3719 vivam,
778 3645 874 3709 volo.
933 3642 1112 3725 Respondet

44 3753 177 3818 Seneca:
222 3751 341 3818 Simul
376 3755 414 3817 et
440 3770 578 3835 parare
601 3752 725 3824 disce,
759 3749 899 3814 absurdo.
944 3746 1029 3812 Nihil
1052 3747 1113 3812 erit

45 3859 216 3935 nomenti,
252 3859 476 3941 nsenpseris:
521 3855 646 3919 Simul
669 3858 709 3917 et
724 3875 826 3937 para
848 3863 881 3913 et
904 3851 1024 3917 disce.
1072 3852 1113 3917 Si

45 3963 154 4050 qnid*
174 3968 211 4029 te
243 3967 352 4030 vetat
384 3964 478 4029 bene
511 3962 640 4026 vivere
675 3958 769 4041 (qnod
800 3957 930 4021 fortasse
959 3976 1052 4041 negas
1080 3961 1113 4022 tc

46 4090 147 4156 posse,
169 4071 228 4135 nisi
249 4088 322 4152 opes
345 4066 523 4151 paraveris),
549 4065 643 4128 bene
665 4063 757 4127 mori
780 4080 852 4125 non
874 4065 992 4127 vetat.
1030 4063 1113 4144 (Non

46 4179 127 4243 bene
149 4176 304 4257 Hauptins
327 4175 341 4238 Ι
364 4194 393 4256 p.
418 4174 481 4249 10.)
524 4171 667 4254 Sequitur
688 4171 708 4249 ξ
731 4167 766 4231 6:
811 4167 1032 4232 Toleranda
1054 4170 1116 4233 est

47 4282 94 4349 ad
116 4283 185 4347 hoc
204 4281 257 4359 (ad
278 4280 513 4364 philosophiam)
549 4274 847 4360 properantibus
882 4274 943 4337 vel
978 4273 1116 4352 fames,

49 4410 160 4475 quam
183 4387 406 4453 toleravere
424 4384 579 4467 quidam
599 4384 637 4446 in
653 4378 931 4445 obsidionibus.
956 4378 1001 4445 llt
1018 4372 1126 4463 qnod

49 4496 159 4565 aliud
201 4496 286 4560 erat
317 4493 428 4558 illius
465 4488 666 4573 patientia
707 4483 900 4566 praemium
934 4485 1117 4566 quamin

865 4589 915 4641 ao*
