2656 5056
206 289 212 360 ζ
250 283 309 347 166
608 272 668 328 Lib.
687 272 725 326 11.
745 270 816 340 Gap.
837 271 896 326 IIL

207 479 375 547 senatus
419 471 649 542 consultum
690 468 872 535 facienti
926 464 1205 538 assenserim
1237 481 1260 525 ιι
1296 499 1299 506 »

208 586 342 652 altera
362 582 478 665 purte
500 577 625 644 facile
648 574 965 660 quadringenti
996 575 1171 641 fuerunt
1199 570 1262 634 icta

209 710 272 757 res
305 693 374 756 est.
431 685 510 751 Mire
539 683 643 750 Cicero
671 681 890 747 narrationem
924 683 975 747 rei
1005 684 1091 747 actae
1118 673 1262 761 plenansir
1296 692 1297 703 ²

210 795 372 873 concludit,
395 797 430 859 ut
451 792 555 857 actam
576 791 670 856 dicat.
714 787 951 855 Scribendnm:
976 787 1130 872 Accepta
1149 802 1201 848 res
1215 782 1262 847 est

210 903 270 968 boo
290 902 347 978 est,
369 897 567 980 comprobata
589 897 622 961 et
643 894 943 961 senatusconsulto
969 893 1166 959 confirmata
1193 890 1262 969 Ιιιιιι

211 1006 420 1090 subiungitur,
436 1004 512 1088 qnid
526 1001 637 1068 deinde
653 1000 780 1066 Clodius
795 999 837 1065 ad
854 1002 995 1065 senatus
1012 999 1152 1065 consulti
1165 997 1262 1062 cucur
1294 1066 1298 1075 ,

212 1110 445 1194 impediendum
469 1108 579 1195 egerit.
622 1107 747 1174 Actus
770 1109 801 1170 et
824 1106 1040 1187 acceptus
1064 1105 1160 1169 etiarn
1180 1101 1264 1168 ιιιιιι

212 1215 368 1283 codicibus
391 1213 621 1281 confunduntur
642 1211 784 1291 (limand.
812 1211 882 1276 Liv.
908 1232 943 1295 p.
970 1212 1040 1276 353
1065 1212 1152 1289 not).

311 1356 391 1421 ibid.
416 1355 465 1434 16,
488 1355 524 1420 3:
547 1353 664 1436 pauci
686 1353 819 1418 tamen
841 1354 947 1419 boni
972 1355 1145 1420 inerant
1165 1353 1266 1427 (incon-

213 1463 284 1529 silio
307 1462 455 1543 indicum,
484 1459 566 1544 apud
589 1479 663 1543 quos
685 1461 722 1524 da
744 1457 848 1525 clodii
871 1459 1003 1525 incesto
1028 1459 1129 1543 quaeri
1151 1456 1266 1526 debebat).

212 1588 309 1652 qnos
341 1568 565 1635 reiectione
599 1567 738 1650 fugare
770 1564 846 1629 ille
882 1584 965 1630 non
999 1558 1266 1648 potnorauqn

211 1675 342 1739 moesti
371 1674 480 1740 inter
508 1673 570 1736 sui
594 1669 814 1736 dissimilis
836 1671 876 1734 et
899 1680 1134 1736 maerentes
1155 1670 1266 1747 (blne-

212 1777 350 1856 rentis)
379 1777 576 1845 sedebant
598 1776 655 1841 cet.
679 1775 737 1856 Qui
753 1775 854 1841 maesti
870 1776 949 1855 sint,
972 1796 1121 1856 maerere,
1137 1771 1266 1841 sauerdl

212 1900 286 1966 opus
318 1891 366 1949 est
398 1882 466 1949 dici.
523 1882 640 1965 Duplex
672 1886 738 1948 erat
770 1882 950 1948 animorum
983 1883 1142 1950 affectus:
1173 1878 1267 1946 marli

210 1987 319 2054 inter
341 1988 403 2055 sni
427 1988 651 2055 dissimilis
673 1991 712 2055 et
732 1989 890 2056 mirantes
913 1987 1178 2065 sedebant‘)

312 2118 389 2183 Ibid.
415 2119 465 2195 18,
490 2121 523 2180 l:
545 2118 672 2185 Abest
693 2118 795 2184 enim
825 2116 959 2181 frater
993 2112 1267 2203 nuntiaturos·

213 2225 251 2288 et
273 2223 591 2290 amantissimus.
628 2223 821 2290 Metellus
842 2240 917 2287 non
941 2221 1084 2303 homo,
1109 2225 1179 2290 sed
1198 2224 1266 2289 litus

211 2329 820 2412 atqueaeretsolitudomera
874 2328 1098 2398 Tuantem
1122 2335 1179 2398 cet
1218 2329 1267 2394 oo-

211 2434 366 2500 tissimnm
389 2439 437 2502 est
459 2437 551 2525 (quod
581 2437 649 2503 dico
681 2439 805 2521 propter
840 2433 984 2501 infelices
1021 2439 1215 2522 quorundam
1234 2454 1266 2499 cc

210 2543 311 2621 natus,
345 2541 516 2607 telluris
551 2543 689 2608 umbram
712 2541 993 2625 amplectentium),
1018 2543 1082 2610 hoo
1115 2545 1184 2611 loco
1210 2544 1268 2608 inter

210 2645 316 2725 Quinti
349 2646 452 2713 fratris
484 2650 516 2713 et
544 2648 642 2715 Attici
676 2648 863 2714 mentionem
895 2648 974 2714 nihil
1011 2650 1105 2716 alind
1139 2646 1268 2733 interponi

209 2752 350 2836 potuisse
375 2753 434 2818 nisi
457 2754 543 2819 tertii
566 2755 724 2820 cuiusdam
746 2753 879 2819 hominis
901 2773 1032 2835 nomen,
1057 2758 1114 2841 qni
1138 2776 1198 2823 una
1217 2773 1266 2821 cun

209 2857 352 2924 Cicerone
386 2861 475 2938 esset,
509 2861 546 2924 ιιι
579 2861 644 2926 eiua
676 2861 867 2926 sermonibus
897 2862 930 2925 ot
961 2865 1110 2929 consiliis
1133 2865 1180 2929 uti
1200 2877 1268 2947 poue

209 2964 375 3043 videretur,
408 2964 461 3030 sed
496 2968 546 3050 qui
581 2966 621 3032 ad
655 2987 723 3031 eam
752 2985 818 3031 rem
847 2966 1068 3048 ineptissimus
1092 2973 1184 3036 esset
1224 2966 1268 3032 Sed
1315 3013 1316 3035 2

208 3088 306 3154 nequa
340 3072 487 3138 Metellus
520 3073 680 3157 quisquam
715 3072 773 3139 boc
804 3072 887 3156 apud
915 3071 1104 3142 Ciceronem
1135 3076 1200 3142 loco
1220 3075 1269 3139 ent

208 3192 306 3258 neque
328 3178 373 3242 sio
395 3177 476 3243 nude
496 3179 649 3261 appellari
670 3179 800 3262 poterat
845 3176 962 3243 Verum
984 3199 1105 3248 nomen
1130 3198 1267 3249 vereorne

207 3282 321 3347 frustra
342 3302 525 3367 quaeramus.
579 3285 821 3361 Potesttamen,
844 3284 944 3350 tribus
968 3287 1084 3368 primis
1108 3288 1225 3365 litteris,
1243 3288 1268 3346 ιι

206 3452 438 3461 m„.>0..

258 3553 282 3607 *l
302 3551 317 3621 ἕ
336 3552 377 3619 13,
396 3553 442 3606 nbi
460 3553 489 3606 in
511 3553 542 3608 M
565 3560 607 3609 est
629 3552 737 3609 fabam
760 3553 924 3608 minimum
946 3553 1051 3611 litteris
1076 3558 1111 3612 ni
1136 3555 1268 3628 expendi&

305 3644 377 3712 quod
393 3643 563 3702 Hofmannus
576 3648 691 3704 subesse
705 3647 859 3717 suspicatus
872 3652 915 3703 est
924 3645 1022 3703 ›laboe
1041 3649 1160 3721 hilum,
1171 3648 1267 3707 eunden

304 3736 529 3805 significationem
548 3741 662 3810 propius
681 3740 717 3795 nd
735 3740 843 3796 litteras
862 3756 1022 3811 assequare,
1047 3744 1074 3798 si
1101 3746 1195 3801 Graeca
1214 3757 1266 3795 auce

305 3829 463 3886 Ciceronem
482 3849 560 3888 nsum
580 3841 700 3890 statuas:
720 3834 805 3890 fabae
824 3837 929 3903 μνοῦν
948 3834 1113 3893 futurum.
1133 3838 1159 3910 (ξ
1172 3834 1265 3893 llscri·

302 3921 430 3978 bendum:
451 3927 587 3983 crebras
610 3928 743 3984 anobis
762 3928 901 3983 litteras
921 3938 1103 4001 exspecta,
1118 3930 1165 3989 sed
1177 3928 1266 4002 pluris

212 4025 214 4028 ’
303 4013 400 4069 etiam
425 4017 497 4089 ipse
516 4020 652 4076 mittito.
690 4022 837 4078 Particulae
856 4020 981 4089 antiquae
1001 4028 1146 4082 estnihil
1165 4020 1266 4081 bicloei

302 4108 356 4172 est;
376 4123 392 4162 a
410 4110 533 4166 vocalem
552 4113 679 4170 librarius
699 4130 792 4170 errore
810 4114 982 4184 geminavit.)
