2580 5054
216 317 255 377 22
590 312 649 366 Lib.
668 312 690 366 1.
710 314 776 380 Cap.
795 311 831 365 IL

175 541 210 583 σε
234 514 401 594 μέλλοντα
425 510 481 576 e'rri
505 510 599 594 σφίσι
622 513 882 595 ναυπηγέεσθαι
909 511 1005 584 νέας,
1031 512 1151 595 λαβεῖν
1169 501 1246 592 u'pu'

174 646 274 706 μενοι
320 610 461 690 Andeda
504 624 541 681 ἐν
578 609 759 703 θαλάσσῃ),
808 616 841 679 in
878 633 954 698 quo,
994 613 1232 699 quemquamst

177 746 247 792 eum
270 728 361 791 certa
389 724 551 788 sententiae
576 729 630 788 aut
656 724 767 788 saltem
800 721 1094 788 verisimilitudinis
1122 721 1250 805 gradun

177 852 268 916 quern
301 833 389 914 sequi
422 829 518 907 soleo,
550 832 709 910 peruenire
742 847 800 892 non
835 845 980 910 possum,
1017 835 1125 894 tamen
1145 828 1252 911 prinasw

179 939 402 1005 emendationis
424 935 523 1001 lineas
545 936 701 1002 ducendas
723 954 758 999 ec
781 933 882 1018 magis
909 936 1036 1016 putem,
1062 937 1142 1020 qnod
1163 953 1235 1016 nuper

178 1044 320 1126 imperite
343 1042 381 1106 de
404 1043 587 1106 necessitate
610 1042 671 1107 loci
694 1041 876 1106 emendandi
898 1040 1092 1108 dubitatum
1112 1046 1141 1106 et
1154 1049 1254 1106 eorm

179 1151 373 1230 disputatum
395 1151 452 1214 est.
497 1149 577 1212 Nam
599 1148 653 1230 qui
674 1168 781 1213 omnes
803 1147 1016 1213 difficultates
1040 1145 1237 1232 grammatius

181 1256 270 1320 facile
304 1253 478 1338 expediunt,
513 1253 606 1336 quod,
629 1253 703 1337 quid
731 1257 850 1338 agatur,
874 1273 935 1320 non
961 1257 1119 1327 sentiunt,
1140 1255 1237 1336 qualern

180 1361 273 1426 etiam
309 1360 485 1425 Herodotus
517 1361 665 1426 editorem
703 1365 735 1425 et
773 1360 985 1426 enarratorem
1027 1363 1090 1426 hcc
1125 1364 1239 1441 tempere

179 1468 298 1545 habuit,
333 1472 457 1532 narrant
489 1474 560 1548 post
591 1469 803 1551 interpositam
836 1469 1030 1532 sententiam
1060 1465 1262 1550 temporalem

182 1592 239 1637 non
262 1590 335 1637 sane
357 1574 482 1658 longam
504 1592 600 1655 neque
622 1574 803 1655 impeditam
827 1573 866 1636 ad
887 1573 1096 1639 intellectum
1113 1573 1240 1639 adium

181 1679 254 1743 dum
277 1699 330 1761 pro
352 1676 513 1764 εὔχεσθαι
537 1679 677 1744 additum
703 1697 769 1743 esse
791 1679 876 1744 alind
897 1680 1048 1756 verbnm;
1073 1680 1240 1745 obliviscor·

181 1794 231 1849 tur
254 1787 427 1850 necessario
449 1782 625 1866 ponendum
647 1785 741 1851 fuisse
756 1781 920 1870 α’ρὰοθαι,
950 1788 1152 1862 quodetiam
1166 1789 1241 1851 inter·

181 1891 370 1971 pclatoribus
403 1891 590 1974 quibusdam
619 1894 760 1957 codicum
789 1893 819 1957 iu
844 1894 984 1957 mentem
1007 1893 1109 1969 venit,
1143 1892 1243 1958 deinde.

182 2002 218 2062 ut
240 1998 399 2075 toleretur,
422 1999 503 2081 quod
525 2000 650 2064 tolerari
680 2000 763 2065 nullo
790 1999 880 2064 modo
904 2004 1019 2080 potest,
1053 1999 1243 2082 participium.

182 2102 295 2168 saltem
319 2107 527 2188 accusativum
550 2106 727 2187 ponendum
749 2105 853 2178 fuisse,
876 2106 1112 2170 nominativum
1135 2125 1171 2171 ne
1189 2124 1243 2169 orn

182 2212 269 2274 bram
302 2212 427 2293 quidem
460 2211 645 2276 defensionis
680 2211 801 2275 babere.
865 2211 1026 2295 (artificia
1066 2213 1135 2278 haec
1166 2210 1241 2276 etiam

183 2318 344 2401 Krsrgerns
372 2319 633 2397 commemorarit,
664 2320 728 2393 sed,
744 2321 790 2383 'ut
811 2318 970 2383 hominem
993 2318 1183 2399 prudentem
1203 2317 1243 2380 de

183 2425 280 2503 cubat,
292 2426 384 2506 piane
396 2425 565 2501 diffidens.)
600 2427 632 2487 ln
649 2425 861 2489 emendatione
876 2425 1029 2489 tentanda
1048 2427 1113 2490 duc
1128 2422 1242 2491 tenende

76 2554 82 2558 ·
184 2534 265 2608 sunt,
287 2533 419 2613 primum
444 2531 519 2595 nihil
543 2531 622 2596 effici
646 2532 765 2602 debere,
780 2528 862 2613 quod
877 2547 935 2593 non
950 2534 1025 2610 apte
1043 2531 1242 2614 interponatur
1289 2562 1290 2566 =

183 2638 266 2702 inter
288 2641 408 2721 λαβεῖν
429 2639 461 2700 et
483 2637 624 2710 Λυδούς
647 2645 684 2702 ἐν
706 2631 866 2723 θαλάσσῃ
898 2636 931 2699 et
963 2635 1004 2699 ad
1039 2637 1183 2702 ciusdem
1210 2633 1241 2697 rei

183 2748 339 2811 notionem
373 2745 535 2826 pertineat,
571 2744 682 2809 deinde
716 2746 808 2821 verbi,
846 2742 929 2825 quod
967 2761 1051 2806 nunc
1090 2737 1242 2827 ‹iprdperor

183 2854 337 2928 scribitur,
360 2852 531 2934 postremas
553 2852 673 2916 litteras
703 2851 788 2916 nullo
818 2849 965 2914 medoen
991 2850 1169 2915 accusativi
1189 2853 1244 2912 nota
1276 2916 1277 2920 ,

185 2960 258 3024 oriri
281 2956 427 3039 potuisse.
476 2957 577 3023 Multa
598 2957 673 3023 mihi
694 2957 816 3023 conanti
832 2955 965 3020 manime
983 2955 1150 3036 probabile
1164 2956 1243 3020 visun
1274 2988 1277 3048 ss

185 3068 241 3144 est,
254 3065 439 3148 separandas
454 3082 521 3129 esse
535 3065 655 3130 litteras
670 3066 701 3130 in
721 3084 817 3130 unum
832 3062 980 3127 conflatas
997 3063 1244 3143 scribendumque
1276 3131 1277 3134 Ἴ

185 3192 268 3239 esse:
292 3175 413 3258 λαβεῖν
435 3168 457 3237 ἅ
468 3163 684 3256 ρ’,ὦθεαί,
709 3167 849 3244 Andanis
863 3175 900 3234 ἐν
918 3164 1094 3259 θαλάσσῃ.
1134 3171 1246 3248 Perapu
1279 3158 1280 3161 ¹

185 3280 390 3363 interponitur
418 3282 577 3362 tamquam
602 3298 637 3344 ex
665 3281 732 3361 ipsa
754 3277 962 3342 insulanorum
988 3275 1173 3342 Graeccrnm
1191 3292 1246 3339 sen·

184 3389 283 3452 tentia
304 3390 336 3451 et
357 3386 494 3451 oratione
516 3385 698 3451 exclamatio
720 3384 945 3456 demonstrans,
968 3399 1066 3462 quarn
1084 3380 1248 3448 ridiculed

184 3494 292 3559 centra
313 3511 415 3559 rerum
439 3495 581 3557 naturam
603 3493 632 3555 in
656 3510 750 3555 unum
774 3488 1000 3570 coniungantur
1016 3486 1101 3572 Lydi
1126 3490 1248 3554 etmara

184 3599 301 3683 (Apo,
333 3601 480 3684 igitur,
513 3596 805 3680 quoniamquidem
836 3594 958 3660 Croesus
987 3613 1088 3659 nares
1111 3590 1250 3668 aedificet.)

288 3815 365 3882 ibid.
382 3817 423 3877 74
439 3814 488 3887 (de
505 3811 652 3896 Syennesi
669 3812 701 3873 et
717 3809 871 3892 Labynetc
887 3824 994 3887 pacem
1021 3806 1106 3870 inter
1119 3807 1214 3890 Lydos
1227 3809 1251 3866 et

186 3919 294 3982 Medos
318 3921 571 4003 componentibus
595 3924 626 3983 et
648 3935 715 3981 eam
740 3915 913 3998 nuptiarum
947 3915 1170 3977 communione
1190 3929 1251 3976 con·

185 4025 408 4103 firmantibnstt
448 4019 638 4093 Ἀλυάττεα
671 4016 737 4110 γαρ
771 4029 922 4106 ἔγνωσαν
955 4012 1082 4084 δοῦναι
1110 4015 1177 4105 τήν
1196 4023 1251 4082 θα

185 4135 308 4216 γααὲρα
331 4127 500 4218 Ἀρύηνιν
526 4126 717 4217 Ἀστυάγεϊ
742 4128 787 4214 τῷ
818 4120 1005 4211 Κυαξάρεω
1030 4127 1143 4193 παιδί.
1195 4121 1252 4188 Non
