2662 5046
441 672 576 732 cranei·
595 673 747 736 onerosa.
1022 685 1083 751 213

56 871 189 951 maur„
204 889 272 937 nee
295 871 467 940 fratrem
489 874 532 939 ab
553 873 695 943 inferis
717 878 903 948 adhibere
925 883 1124 970 omissopar·

57 977 146 1062 tieipio
167 977 426 1055 (excitatum,
459 982 678 1062 euocatum)
712 985 784 1050 ferri
814 989 924 1070 potest.
974 989 1040 1074 [Sic
1061 992 1125 1059 iam

58 1082 219 1150 lambinus
244 1082 427 1179 iudicauit]

147 1189 218 1256 lod
241 1189 384 1273 proxime
405 1194 492 1272 post:
514 1192 552 1256 in
574 1192 712 1276 quibus
734 1196 977 1266 Numidicum
999 1202 1123 1279 illum,

61 1296 164 1362 auius
191 1296 386 1379 quondam
406 1297 450 1362 de
481 1299 608 1382 patria
629 1300 828 1369 discessus
849 1304 1023 1372 honestis
1046 1327 1125 1373 om·

61 1403 168 1469 nibus
211 1422 258 1468 ne
303 1403 502 1470 luctuosus
544 1405 697 1472 tandem
743 1408 851 1475 uisus
887 1413 953 1475 est
1011 1412 1062 1479 Sie
1088 1414 1123 1478 Ρ.

2 1590 3 1596 ¹
62 1508 144 1588 Quod
166 1508 272 1576 editur
294 1526 332 1573 ex
353 1508 416 1575 nrf.
440 1509 549 1577 etPal.
570 1511 604 1576 9:
627 1511 817 1579 molestus
838 1515 1028 1595 omuibus,
1049 1494 1124 1602 ipsi

63 1632 102 1679 ne
119 1615 326 1680 luctuosus
348 1612 500 1697 quidem
521 1614 629 1682 visus
651 1621 726 1693 est,
756 1619 885 1686 ridieule
905 1621 1124 1705 interpolatum

63 1721 116 1795 et,
155 1706 249 1804 quasi
279 1720 384 1785 minus
414 1720 458 1786 sit
497 1719 650 1786 tortuoso
686 1742 778 1806 quam
820 1725 971 1791 molestae.
1022 1726 1067 1790 Ex
1098 1728 1125 1792 P

64 1825 206 1892 efficitur:
250 1824 541 1890 honestissimae
568 1826 776 1905 omnibus,
817 1832 888 1894 aad
920 1830 1124 1899 luctuosus

64 1941 180 1994 tamen
208 1930 315 1998 visus
351 1933 425 2008 est,
464 1933 550 2000 euius
578 1934 760 2000 eonieetura
788 1937 975 2020 praeeipuam
1004 1938 1124 2020 partem

63 2036 201 2102 Hnlrmus
229 2036 385 2120 praeeepit.
432 2088 438 2097 .
723 2056 727 2063 ·
865 2125 868 2130 ,
984 2047 985 2052 ’

153 2140 227 2210 Ibd.
248 2141 302 2207 27:
346 2141 442 2222 Quid
463 2144 626 2228 denique
650 2146 719 2212 illo
742 2145 812 2226 die,
833 2166 941 2230 quem
963 2147 998 2212 Ρ.
1021 2149 1124 2214 Leu-

1 2303 2 2318 .
61 2248 165 2315 tulus
193 2246 289 2313 mihi
317 2296 326 2313 .
417 2251 589 2316 natalem
611 2251 825 2317 constituit
851 2300 860 2320 .
883 2302 891 2319 .
915 2301 939 2332 .,
964 2272 1034 2338 quo
1057 2253 1124 2320 die

61 2373 123 2421 nos
235 2354 456 2419 arcessiuit
477 2354 515 2420 in
539 2356 712 2438 patriam
740 2405 747 2420 .
771 2404 780 2424 .
804 2405 835 2437 .,
857 2377 930 2442 quo
952 2358 1123 2444 disquis

61 2460 154 2527 siris
176 2460 271 2537 ruit,
293 2459 357 2542 qui
381 2460 438 2526 fas
456 2478 539 2527 esse
560 2464 720 2544 putaret
746 2511 755 2527 .
778 2510 813 2527 ..
840 2482 915 2529 neu
936 2483 976 2530 se
998 2465 1041 2530 de
1062 2485 1125 2530 sa·

60 2565 139 2632 luto
177 2582 266 2630 mea
296 2567 546 2633 sententiam
573 2567 697 2633 ferre?
749 2567 877 2633 Frustra
904 2569 1125 2654 indiligenter

60 2671 202 2739 insn'tuta
233 2670 359 2752 periodo
386 2673 591 2749 anapoluthon
618 2672 756 2758 fingitur,
786 2672 850 2738 tale
870 2675 1055 2757 presertim,
1090 2677 1127 2740 ut

59 2783 127 2860 post
147 2779 273 2843 rentum
293 2777 372 2843 illud
393 2797 463 2862 quo
485 2778 545 2843 die
566 2797 632 2845 nos
654 2781 713 2845 eet.
736 2778 776 2843 ab
796 2777 908 2844 iisdem
930 2781 1032 2847 uerbis
1054 2799 1124 2863 quo

60 2883 118 2950 die
139 2902 258 2950 nouum
280 2883 337 2966 fiat
356 2884 502 2950 orationis
524 2884 691 2950 exordium.
748 2884 816 2948 Aut
836 2885 958 2950 omnino
981 2886 1125 2952 tollendae

59 2990 227 3073 posteriore
259 2990 328 3055 loeo
357 2993 430 3056 sunt
456 3008 548 3056 voees
584 3008 653 3073 quo
686 2988 746 3054 die
778 2990 926 3072 tauquam
958 3008 1060 3057 errore
1090 3011 1126 3056 ex

58 3096 215 3162 sententia
235 3095 418 3178 interposita
439 3096 491 3161 hio
519 3095 667 3180 repetitae,
691 3097 744 3161 aut
766 3094 962 3162 scribendum
985 3117 1023 3161 eo
1055 3098 1126 3163 die.

156 3201 227 3266 Ibd.
250 3199 292 3263 36
312 3220 368 3283 pro
389 3219 436 3278 eo,
459 3201 540 3285 quod
562 3201 721 3276 edebatur,
742 3199 811 3265 eod.
833 3200 868 3265 Ρ.
892 3200 1125 3266 confirmatum:

58 3307 166 3371 euius
194 3306 326 3388 ipsam
358 3307 633 3373 calamitatem
661 3352 733 3386 ...
761 3304 879 3370 etiam
906 3305 1125 3373 diuinorum

58 3411 94 3477 in
139 3430 255 3494 remp.
301 3411 581 3478 beneficiorum
623 3412 768 3477 testem
806 3430 891 3477 esse
935 3412 1125 3490 videatis,

57 3516 217 3602 Kayserus
255 3534 358 3581 meam
395 3518 601 3583 eonieeturam
634 3519 759 3583 secutus
799 3517 922 3601 scripsit
954 3517 1128 3581 binorum

145 3619 445 3697 beneficiorum
478 3641 577 3706 neque
599 3622 682 3687 enim
704 3640 844 3706 usquam,
875 3642 912 3688 ne
933 3624 966 3688 in
987 3622 1036 3688 his
1060 3623 1128 3706 qui-

59 3726 131 3791 dem
154 3726 361 3802 orationibus,
394 3727 499 3793 Cicero
532 3747 588 3795 sua
616 3728 702 3794 faeta
722 3729 755 3793 et
775 3728 923 3794 beneficia
944 3727 1050 3793 diuina
1074 3745 1128 3812 ap·

27 3822 32 3828 ’
60 3832 167 3914 pellet,
202 3832 236 3896 et
266 3834 426 3916 perspicue
458 3834 498 3900 ad
521 3834 642 3899 numeri
668 3833 924 3917 significationem
945 3834 1128 3910 referuntur,

61 3956 128 4020 qua
150 3939 339 4020 sequuntur:
361 3941 505 4005 namet
528 3941 753 4023 importata
774 3943 849 4014 est,
886 3939 974 4024 quia
994 3939 1128 4004 deien-

61 4043 194 4108 deram
216 4042 440 4118 divitatem,
461 4048 499 4111 et
519 4064 601 4110 mea
621 4045 834 4111 uoluntate
856 4046 1038 4128 suseepie
1059 4045 1127 4122 est,

61 4151 183 4215 neeet
226 4146 326 4214 Bina
357 4152 463 4216 autem
494 4151 712 4235 potiusquam
740 4149 811 4215 duo
833 4150 937 4216 (iioero
970 4150 1066 4226 dixit,
1095 4151 1127 4214 in

62 4256 192 4338 utroque
212 4256 353 4336 tempore
373 4255 463 4336 plura
483 4273 551 4321 esse
572 4255 724 4321 beneficia
744 4255 928 4340 significans.
970 4256 1016 4320 Ex
1037 4255 1127 4319 huius

64 4360 195 4444 denique
223 4359 383 4443 scriptura
412 4359 664 4444 interpretatione
696 4361 727 4424 iu
760 4360 918 4426 codicibus
945 4361 998 4425 ΕΡ
1020 4361 1127 4426 natum

67 4463 304 4531 estduorum.
991 4512 995 4520 .
