2656 5056
443 708 475 762 L.
496 705 600 762 Senones
619 704 757 776 epistole.
1025 707 1087 769 479

61 905 269 986 Succurre,
324 907 506 989 quicquid
556 906 766 981 lacessivit,
811 906 1128 988 respondentium

60 1011 197 1095 poeuis.
243 1010 448 1095 (Quicquid
476 1013 600 1097 flavio
626 1014 747 1086 cccci,
774 1011 1129 1095 respondentiumii

164 1116 220 1201 Ep.
242 1117 294 1189 49,
327 1116 362 1180 6:
406 1117 503 1197 Quid
525 1123 562 1183 te
584 1122 743 1202 torques
766 1121 804 1183 et
825 1136 1003 1182 maceras
1024 1119 1061 1182 in
1086 1135 1131 1182 eo
1162 1160 1163 1163 =

61 1222 297 1307 qnaestione,
346 1242 457 1306 quem
500 1226 691 1291 subtilius
744 1227 804 1289 est
845 1225 1129 1305 contempsisse

61 1348 177 1412 quem
209 1331 382 1395 solvere?
424 1328 532 1413 Neque
564 1332 720 1396 subtilitas
752 1330 816 1395 ulle
844 1331 911 1394 eret
938 1330 969 1393 in
992 1330 1128 1394 contem·

61 1433 164 1499 nendo
186 1452 283 1517 noque
305 1435 486 1500 subtilitatis
513 1436 637 1502 leudem
659 1437 764 1520 appeti
786 1435 902 1500 Seneca
928 1436 1003 1500 vult.
1047 1435 1130 1500 Scri·

60 1538 219 1604 bendum:
256 1558 366 1622 quom
389 1541 526 1604 utilius
547 1546 611 1606 est
632 1546 690 1608 cet.
734 1542 815 1607 Vitae
842 1541 932 1606 utilia
953 1559 972 1604 e
992 1535 1128 1621 pbiloso-

60 1645 145 1728 pbo·
165 1647 292 1710 tractem
343 1648 437 1712 iubet.
498 1645 532 1733 (ξ
576 1647 616 1710 10
657 1648 844 1723 adolescens,
887 1634 1026 1711 noudum
1062 1646 1130 1711 viso

62 1749 348 1834 Schweighaeuseri
384 1751 534 1829 editione,
570 1754 783 1831 emendaram,
820 1757 855 1819 ut
885 1754 912 1818 is
953 1752 1043 1818 iecit:
1079 1751 1129 1812 da

61 1856 413 1937 aequenimitutom
456 1858 654 1926 adversus
704 1858 982 1942 inevitabilis.
1046 1856 1128 1932 Fuit,

63 1961 116 2043 qui
148 1962 265 2043 potius,
298 1968 390 2046 quoni
421 1964 469 2027 de
490 1982 544 2046 pro
578 1965 624 2030 de
657 1966 811 2035 scriberet,
845 1964 903 2028 duo
938 1964 1031 2028 verba
1059 1962 1129 2028 tolli

58 2068 157 2132 vellet
179 2072 211 2133 et
232 2069 324 2134 mmul
347 2072 584 2135 concinnitatem
608 2071 777 2147 cretionis.)

163 2174 218 2256 ldp.
256 2162 307 2250 50,
341 2176 377 2238 4:
432 2174 595 2254 Quando
634 2180 700 2242 tot
741 2176 899 2241 morbos
936 2175 1127 2239 tantusve

62 2279 335 2362 aegritudines
374 2282 673 2347 discutiemus?
726 2279 877 2365 Quicquid
911 2280 1128 2355 estcodicum,

58 2389 257 2451 tentusve
290 2406 352 2452 res
385 2387 658 2452 discutiemus
691 2389 815 2461 hubent,
844 2407 879 2450 cx
906 2405 965 2469 quo
993 2384 1128 2450 Hessius

58 2491 167 2556 effecit
198 2496 281 2557 tem
310 2496 490 2565 veteres,
509 2494 681 2576 ‘Hauptins
710 2495 736 2577 (Ι
759 2513 789 2575 p.
813 2494 866 2574 11)
893 2492 983 2574 paulo
1012 2491 1127 2555 riolcu-

57 2596 125 2660 tins
149 2598 343 2664 tentosse
366 2599 596 2676 (missores),
626 2600 656 2663 in
680 2618 739 2682 quo
760 2599 903 2663 uitiosum
926 2598 974 2661 est
996 2614 1038 2659 ve
1060 2600 1129 2674 (pro

58 2703 127 2766 tot
147 2706 391 2787 tentosque).
436 2703 534 2771 Seribi
556 2708 664 2772 debet:
699 2709 763 2771 tot
798 2703 968 2777 morbos,
991 2701 1129 2764 tontes

51 2807 191 2892 febres
223 2810 390 2885 (uebres)
425 2809 716 2877 discutiemus?
765 2806 976 2894 Deindebd,
1010 2806 1062 2870 ubi
1084 2806 1130 2870 sic

58 2913 192 2996 legitur:
225 2915 391 2980 initium
425 2916 471 2980 ed
504 2916 603 2982 illus
627 2919 782 2995 (virtutes)
807 2916 926 2981 eundi
948 2915 1128 2991 arduum,

59 3020 158 3102 quin
180 3020 251 3084 boc
272 3021 441 3102 primum
464 3020 683 3087 imbecillae
706 3022 855 3088 mentis
877 3023 1000 3104 utque
1016 3039 1128 3106 aegree

59 3127 142 3202 eet,
164 3126 384 3191 iorrnidure
406 3126 640 3209 inexperte,
662 3127 904 3193 restituendum:
941 3128 1128 3217 quielboc

56 3234 272 3316 proprium
294 3233 513 3299 imbecilles
537 3236 595 3298 eet.

163 3336 219 3419 Ep.
243 3337 293 3415 53,
316 3338 351 3402 7:
395 3338 490 3404 Nem
521 3341 585 3423 qui
608 3339 763 3404 leviter
783 3339 949 3417 dormit,
1055 3338 1129 3428 uli-

60 3442 223 3524 qnando
260 3444 437 3510 dormire
468 3465 508 3510 se
542 3445 741 3510 dormiens
782 3446 957 3529 cogitet3
993 3444 1129 3528 gravis

60 3565 175 3629 sopor
200 3549 317 3614 etiam
336 3551 486 3617 somnis
506 3549 728 3635 exstinguit
747 3549 989 3633 animumque
1003 3550 1126 3615 ultius

60 3653 211 3737 mergit
231 3673 338 3736 quern
362 3657 421 3721 uti
442 3658 554 3722 nullo
569 3656 782 3720 intellectu
803 3657 865 3720 sui
887 3660 957 3720 est.
981 3655 1128 3721 Siccodd.

59 3759 144 3823 boni.
180 3759 292 3825 Deloto
315 3780 443 3843 quem,
466 3763 547 3845 quod
569 3780 661 3844 preve
684 3761 891 3843 compunctivo
913 3760 1053 3826 additum
1071 3762 1129 3834 ost,

61 3865 155 3930 scribi
178 3865 285 3931 debet:
318 3866 444 3932 ultius
474 3867 630 3950 mergit,
654 3867 718 3930 ubi
739 3864 871 3927 nullus
903 3863 1130 3928 intellectus

61 3971 125 4037 sui
149 3974 219 4036 est.
263 3972 436 4049 Abiativus,
471 3991 507 4037 cr
543 3990 601 4054 quo
629 3972 705 4036 nibil
732 3971 797 4035 sani
828 3972 911 4038 effici
940 3971 1059 4054 potest,
1088 3973 1129 4048 et,

59 4076 219 4142 distructis
241 4078 329 4142 initio
349 4077 471 4153 litteris,
495 4096 531 4143 er
562 4082 604 4141 nt
634 4079 670 4141 in
702 4080 734 4142 et
755 4097 791 4142 ex
821 4078 1130 4155 intellectusui,

60 4182 159 4247 semel
181 4184 338 4266 scriptos,
363 4187 447 4249 ortum
469 4202 536 4249 esso
558 4186 669 4266 potest.
708 4182 810 4261 (Quod
831 4182 851 4271 ξ
872 4184 892 4246 9
915 4183 1130 4249 emendarem:

60 4290 194 4351 adesse
224 4289 333 4353 iubet
355 4309 420 4372 >¹pro
453 4290 566 4355 ndest
598 4292 638 4353 et
674 4289 799 4367 iubet,
836 4291 867 4354 in
902 4289 985 4355 idem
1017 4289 1131 4355 incidit

60 4394 199 4460 Hessius
220 4394 304 4477 praei.
328 4416 357 4478 p.
380 4395 506 4471 xxvi)
