2656 5056
160 317 171 340 ·
258 310 321 374 540
617 303 886 376 Lib.V111.02p.V.

218 511 253 574 ut
270 511 337 574 tota
358 506 528 573 abiicienda
555 507 610 582 sit)
639 504 733 572 tribui
756 508 788 569 et
809 504 883 569 sitio
913 502 992 568 verti
1016 522 1128 586 posse,
1162 503 1187 568 si
1215 501 1267 585 quis

218 634 309 699 pravo
331 616 364 678 et
385 613 526 678 affectate
547 612 641 694 pedes
661 612 832 687 misceat.¹)

317 719 383 784 Ibd.
408 717 463 782 63:
508 717 581 783 Sed
614 735 742 782 eornm
775 715 955 794 (initiomm)
991 717 1161 781 facilior
1181 716 1268 780 ratio

218 829 279 892 est
300 831 403 910 (quarn
427 825 662 899 clausulamm);
695 842 767 887 non
804 823 904 887 enim
938 822 1148 887 cobaerent
1179 820 1269 892 aliie.

217 932 282 998 sed
314 930 628 1016 precedentibus
668 928 847 994 serviunt
882 927 1086 994 exordium
1130 930 1270 993 sumunt

217 1058 301 1103 cum
339 1055 396 1113 ea;
440 1035 659 1118 quamlibet
698 1034 755 1098 sit
787 1034 892 1099 enirn
925 1035 1151 1117 composita
1185 1036 1270 1117 ipsa,

217 1144 387 1230 gratiam
409 1142 565 1225 perdet,
597 1142 628 1206 si
658 1140 703 1205 ad
727 1159 806 1206 eam
827 1142 940 1222 rupta
961 1141 1025 1204 ria
1048 1141 1269 1206 veniremus

217 1251 267 1316 Sic
289 1249 417 1314 codices.
476 1246 632 1312 Violenter
670 1265 724 1330 pro
752 1246 816 1311 sed
849 1247 1051 1312 substituitur
1082 1266 1161 1313 nec.
1204 1246 1270 1311 Scri·

216 1355 350 1421 bendum
373 1356 460 1436 puto:
497 1373 568 1418 non
605 1352 705 1417 enim
738 1352 1066 1429 cobaerentaliis3
1101 1353 1269 1436 sedprae·

217 1461 448 1528 cedentibus
491 1459 686 1531 serviunt,
736 1479 816 1542 quae
866 1458 1064 1524 exordium
1109 1464 1270 1535 sumunt,

216 1578 254 1630 ct
297 1566 492 1642 clausula;
543 1565 762 1649 quamlibet
810 1564 867 1630 sit
909 1565 1014 1629 enim
1060 1567 1270 1651 composita

215 1675 301 1758 ipsa
405 1674 646 1738 venerimus.

315 1780 380 1844 Lib.
403 1779 441 1857 X,
475 1780 504 1856 2,
541 1779 596 1842 13:
643 1777 1035 1861 ldeoqueplerique‚
1059 1797 1143 1842 cum
1168 1780 1269 1842 verba

218 1885 388 1969 qnaedam
426 1905 466 1950 ex
499 1884 748 1950 orationibus
784 1889 1072 1966 excerpserunt
1104 1888 1173 1949 aut
1206 1885 1267 1949 ali·

217 2011 311 2075 quos
333 1989 635 2074 compositionis
657 1994 785 2056 certos
807 1990 939 2072 pedes,
967 1990 1060 2055 mire
1084 2010 1104 2056 a
1126 2010 1182 2066 se,
1203 2008 1268 2074 que

215 2096 562 2182 legerunteffingi
577 2096 836 2173 arbitrantur,
855 2098 893 2161 et
916 2115 999 2160 cum
1014 2097 1135 2161 verba
1156 2099 1268 2163 inter·

218 2203 350 2268 cidant
379 2202 707 2285 invalescantque
743 2202 1001 2286 temporibus,
1040 2205 1085 2266 nt
1118 2221 1267 2286 quorun

221 2359 288 2388 ...‚
310 2311 348 2375 et
369 2309 600 2392 compositio
632 2326 713 2373 oum
736 2310 852 2374 rebus
885 2309 1181 2375 accommodata
1207 2310 1268 2383 sit,

214 2419 294 2479 tum
327 2416 412 2498 ipsa
444 2414 639 2479 varietate
682 2415 926 2497 gratissima
992 2413 1165 2481 Infeliciter
1200 2417 1268 2480 huno

163 2533 164 2538 ’
214 2521 316 2585 locum
338 2519 482 2585 Halmius
504 2519 665 2595 tractarit,
701 2521 733 2586 in
769 2540 828 2604 quo
861 2521 938 2586 nihil
965 2521 1079 2587 certius
1108 2527 1158 2588 est
1187 2541 1267 2608 quen

214 2625 349 2703 ostendi,
379 2625 537 2708 utriusque
559 2625 621 2702 rei,
650 2646 742 2710 qnam
765 2627 879 2693 imitari
907 2628 1048 2692 homines
1072 2628 1189 2703 velint,
1211 2647 1268 2693 earn

214 2751 281 2797 esse
303 2735 460 2806 naturam,
496 2734 531 2796 nt
551 2750 612 2796 non
634 2733 709 2798 satis
738 2734 781 2798 sit
802 2732 984 2816 simpliciter
1012 2734 1155 2814 quaedam
1178 2754 1268 2801 eroes·

214 2857 301 2922 pere;
337 2840 501 2920 utrumque
534 2838 628 2920 igitur
661 2839 833 2904 membrum
866 2840 1056 2922 perspicuum
1081 2843 1132 2907 est
1152 2860 1172 2907 a
1196 2861 1269 2907 cum
1319 2845 1320 2870 ¹

214 2952 296 3021 (cum
329 2946 449 3014 tamen)
482 2943 622 3026 pendere,
659 2947 799 3029 recteque
831 2946 863 3010 in
894 2946 967 3013 edit.
1001 2945 1106 3012 Colon.
1131 2967 1159 3015 a.
1198 2947 1268 3011 loti

213 3054 245 3116 et
264 3050 410 3116 insecutis
432 3050 541 3115 scribi:
565 3072 646 3112 cum
668 3060 700 3112 et
721 3050 840 3115 verba
867 3101 875 3116 .
899 3101 906 3116 .
930 3099 938 3116 .
971 3053 1011 3116 et
1032 3043 1267 3138 compositio.

213 3156 274 3221 Sed
313 3158 461 3239 praeterea
494 3155 687 3222 scribendum
727 3159 791 3222 est:
839 3161 877 3222 et
915 3159 1152 3241 compositio
1196 3166 1268 3225 oum

212 3261 323 3327 rebus
357 3254 685 3326 accommodanda
712 3265 774 3336 sir,
806 3266 963 3329 tumeat.
1009 3264 1045 3329 ld
1068 3268 1152 3332 enim
1174 3268 1266 3351 ipsum

213 3368 323 3452 agitur,
356 3385 416 3432 non
438 3386 527 3449 posse
560 3386 637 3443 eam,
670 3369 768 3453 qualis
800 3368 881 3452 apud
914 3370 1048 3454 aliquem
1072 3373 1200 3440 inventa
1224 3373 1268 3446 sit,

211 3583 408 3593 --—-—.....-.

176 3796 178 3800 ι
239 3757 260 3824 ¹)
278 3757 366 3812 Etiam
385 3758 457 3828 apud
476 3757 601 3815 Senecam
628 3760 661 3816 de
679 3760 765 3817 benef.
793 3762 846 3827 IV.
879 3767 913 3821 15
935 3716 1002 3820 extr.
1029 3769 1102 3820 recte
1125 3767 1268 3838 superiore·

279 3849 430 3906 ediderant:
450 3852 503 3906 cui
521 3845 671 3921 (beneflcio)
698 3856 801 3910 etiam
826 3856 1027 3912 infeliciter
1053 3856 1136 3913 dato
1155 3857 1266 3914 indul-

279 3956 357 4011 gere
375 3946 443 3998 tam
464 3947 620 4003 naturale
639 3949 691 4002 est
713 3964 809 4017 quarn
826 3948 954 4005 liberis
972 3953 1100 4021 pravis,
1129 3953 1176 4008 nbi
1195 3967 1266 4014 nune

278 4036 487 4103 comparationis
503 4038 617 4094 veritate
636 4040 752 4106 sublata,
772 4041 861 4098 editur
879 4044 1013 4115 parvis.
1032 4044 1126 4102 addito
1145 4046 1179 4102 ab
1199 4047 1266 4102 fln-

278 4124 318 4180 sio
336 4143 404 4182 noro
424 4129 504 4185 vitio:
524 4132 729 4188 infeliciter
747 4138 837 4192 nato.
