<?xml version="1.0" encoding="UTF-8"?>
<!DOCTYPE html PUBLIC "-//W3C//DTD XHTML 1.0 Transitional//EN"
    "http://www.w3.org/TR/xhtml1/DTD/xhtml1-transitional.dtd">
<html xmlns="http://www.w3.org/1999/xhtml" xml:lang="en" lang="en">
 <head>
  <title>
</title>
<meta http-equiv="Content-Type" content="text/html;charset=utf-8" />
  <meta name='ocr-system' content='tesseract 3.04.00' />
  <meta name='ocr-capabilities' content='ocr_page ocr_carea ocr_par ocr_line ocrx_word'/>
</head>
<body>
  <div class='ocr_page' id='page_1' title='image "./ioniemadvigiiad00madvgoog_0831.png"; bbox 0 0 2656 5056; ppageno 0'>
   <div class='ocr_carea' id='block_1_1' title="bbox 456 628 1100 693">
    <p class='ocr_par' dir='ltr' id='par_1_1' title="bbox 456 628 1100 693">
     <span class='ocr_line' id='line_1_1' title="bbox 456 628 1100 693; baseline 0.005 -6"><span class='ocrx_word' id='word_1_1' title='bbox 456 632 595 689; x_wconf 82' lang='lat' dir='ltr'>Ciceronis</span> <span class='ocrx_word' id='word_1_2' title='bbox 614 632 760 687; x_wconf 73' lang='lat' dir='ltr'>orationes.</span> <span class='ocrx_word' id='word_1_3' title='bbox 1041 628 1100 693; x_wconf 83' lang='lat'>135</span> 
     </span>
    </p>
   </div>
   <div class='ocr_carea' id='block_1_2' title="bbox 6 824 1230 1338">
    <p class='ocr_par' dir='ltr' id='par_1_2' title="bbox 6 824 1230 1338">
     <span class='ocr_line' id='line_1_2' title="bbox 6 824 1142 914; baseline -0.003 -24"><span class='ocrx_word' id='word_1_4' title='bbox 6 854 26 898; x_wconf 61' lang='lat' dir='ltr'>a</span> <span class='ocrx_word' id='word_1_5' title='bbox 69 825 158 890; x_wconf 86' lang='lat' dir='ltr'>ulem</span> <span class='ocrx_word' id='word_1_6' title='bbox 192 825 266 892; x_wconf 84' lang='lat' dir='ltr'>eddi</span> <span class='ocrx_word' id='word_1_7' title='bbox 297 847 316 894; x_wconf 85' lang='lat' dir='ltr'>a</span> <span class='ocrx_word' id='word_1_8' title='bbox 349 828 435 895; x_wconf 91' lang='lat' dir='ltr'>nollo</span> <span class='ocrx_word' id='word_1_9' title='bbox 470 830 582 912; x_wconf 80' lang='lat' dir='ltr'>potuit,</span> <span class='ocrx_word' id='word_1_10' title='bbox 619 828 772 914; x_wconf 82' lang='lat' dir='ltr'>significet</span> <span class='ocrx_word' id='word_1_11' title='bbox 808 830 879 892; x_wconf 81' lang='lat' dir='ltr'>ante</span> <span class='ocrx_word' id='word_1_12' title='bbox 919 824 1142 892; x_wconf 82' lang='lat' dir='ltr'>seditionis</span> 
     </span>
     <span class='ocr_line' id='line_1_3' title="bbox 12 930 1142 1018; baseline -0.002 -21"><span class='ocrx_word' id='word_1_13' title='bbox 12 964 32 1007; x_wconf 81' lang='lat' dir='ltr'>r</span> <span class='ocrx_word' id='word_1_14' title='bbox 67 930 223 998; x_wconf 74' lang='lat' dir='ltr'>excidisse</span> <span class='ocrx_word' id='word_1_15' title='bbox 246 934 381 1000; x_wconf 79' lang='lat' dir='ltr'>alterum</span> <span class='ocrx_word' id='word_1_16' title='bbox 402 955 516 1002; x_wconf 89' lang='lat' dir='ltr'>nomen</span> <span class='ocrx_word' id='word_1_17' title='bbox 538 934 648 1000; x_wconf 88' lang='lat' dir='ltr'>similis</span> <span class='ocrx_word' id='word_1_18' title='bbox 666 932 899 1018; x_wconf 83' lang='lat' dir='ltr'>significationis</span> <span class='ocrx_word' id='word_1_19' title='bbox 917 949 1014 1013; x_wconf 84' lang='lat' dir='ltr'>neque</span> <span class='ocrx_word' id='word_1_20' title='bbox 1030 931 1142 995; x_wconf 89' lang='lat' dir='ltr'>litteris</span> 
     </span>
     <span class='ocr_line' id='line_1_4' title="bbox 6 1038 1140 1125; baseline -0.003 -22"><span class='ocrx_word' id='word_1_21' title='bbox 6 1074 30 1114; x_wconf 69' lang='lat'>:1</span> <span class='ocrx_word' id='word_1_22' title='bbox 70 1038 207 1104; x_wconf 89' lang='lat' dir='ltr'>multum</span> <span class='ocrx_word' id='word_1_23' title='bbox 230 1041 269 1106; x_wconf 85' lang='lat' dir='ltr'>ab</span> <span class='ocrx_word' id='word_1_24' title='bbox 292 1041 340 1122; x_wconf 82' lang='lat' dir='ltr'>iis,</span> <span class='ocrx_word' id='word_1_25' title='bbox 373 1062 441 1125; x_wconf 83' lang='lat' dir='ltr'>quae</span> <span class='ocrx_word' id='word_1_26' title='bbox 476 1044 507 1107; x_wconf 93' lang='lat' dir='ltr'>in</span> <span class='ocrx_word' id='word_1_27' title='bbox 541 1041 762 1108; x_wconf 82' lang='lat' dir='ltr'>seditionis</span> <span class='ocrx_word' id='word_1_28' title='bbox 784 1039 907 1119; x_wconf 82' lang='lat' dir='ltr'>nomine</span> <span class='ocrx_word' id='word_1_29' title='bbox 930 1038 1037 1121; x_wconf 78' lang='lat' dir='ltr'>prime</span> <span class='ocrx_word' id='word_1_30' title='bbox 1058 1039 1140 1109; x_wconf 84' lang='lat' dir='ltr'>sunt,</span> 
     </span>
     <span class='ocr_line' id='line_1_5' title="bbox 10 1143 1140 1229; baseline 0 -20"><span class='ocrx_word' id='word_1_31' title='bbox 10 1215 21 1223; x_wconf 20' lang='lat' dir='ltr'><em>A</em></span> <span class='ocrx_word' id='word_1_32' title='bbox 67 1144 200 1211; x_wconf 85' lang='lat' dir='ltr'>distans.</span> <span class='ocrx_word' id='word_1_33' title='bbox 244 1145 414 1229; x_wconf 87' lang='lat' dir='ltr'>Scripsoret</span> <span class='ocrx_word' id='word_1_34' title='bbox 436 1148 558 1214; x_wconf 86' lang='lat' dir='ltr'>Oioero:</span> <span class='ocrx_word' id='word_1_35' title='bbox 580 1149 727 1213; x_wconf 87' lang='lat' dir='ltr'>metum</span> <span class='ocrx_word' id='word_1_36' title='bbox 749 1146 865 1212; x_wconf 91' lang='lat' dir='ltr'>nobis</span> <span class='ocrx_word' id='word_1_37' title='bbox 888 1143 1068 1228; x_wconf 78' lang='lat' dir='ltr'>&lt;cmdls&gt;</span> <span class='ocrx_word' id='word_1_38' title='bbox 1091 1160 1140 1210; x_wconf 84' lang='lat' dir='ltr'>se·</span> 
     </span>
     <span class='ocr_line' id='line_1_6' title="bbox 10 1238 1230 1338; baseline 0 -19"><span class='ocrx_word' id='word_1_39' title='bbox 10 1291 24 1330; x_wconf 52' lang='grc' dir='ltr'>ς</span> <span class='ocrx_word' id='word_1_40' title='bbox 65 1250 268 1338; x_wconf 81' lang='lat' dir='ltr'>ditionlsquo</span> <span class='ocrx_word' id='word_1_41' title='bbox 293 1253 533 1319; x_wconf 79' lang='lat' dir='ltr'>offerebant.</span> <span class='ocrx_word' id='word_1_42' title='bbox 1226 1238 1230 1247; x_wconf 47' lang='lat'>¹</span> 
     </span>
    </p>
   </div>
   <div class='ocr_carea' id='block_1_3' title="bbox 6 1386 1147 2538">
    <p class='ocr_par' dir='ltr' id='par_1_3' title="bbox 172 1386 1147 1461">
     <span class='ocr_line' id='line_1_7' title="bbox 172 1386 1147 1461; baseline -0.002 -5"><span class='ocrx_word' id='word_1_43' title='bbox 172 1393 250 1458; x_wconf 85' lang='lat' dir='ltr'>ibid.</span> <span class='ocrx_word' id='word_1_44' title='bbox 273 1393 331 1458; x_wconf 80' lang='lat'>79:</span> <span class='ocrx_word' id='word_1_45' title='bbox 355 1394 500 1460; x_wconf 87' lang='lat' dir='ltr'>Vestro</span> <span class='ocrx_word' id='word_1_46' title='bbox 521 1395 624 1461; x_wconf 90' lang='lat' dir='ltr'>enim</span> <span class='ocrx_word' id='word_1_47' title='bbox 646 1439 781 1456; x_wconf 90' lang='grc'><strong>.....</strong></span> <span class='ocrx_word' id='word_1_48' title='bbox 805 1394 877 1457; x_wconf 90' lang='lat' dir='ltr'>hoc</span> <span class='ocrx_word' id='word_1_49' title='bbox 898 1391 1065 1456; x_wconf 80' lang='lat' dir='ltr'>maxime</span> <span class='ocrx_word' id='word_1_50' title='bbox 1085 1386 1147 1455; x_wconf 59' lang='lat' dir='ltr'>in?</span> 
     </span>
    </p>

    <p class='ocr_par' dir='ltr' id='par_1_4' title="bbox 6 1498 1139 2538">
     <span class='ocr_line' id='line_1_8' title="bbox 14 1498 1139 1585; baseline -0.003 -22"><span class='ocrx_word' id='word_1_51' title='bbox 14 1577 16 1580; x_wconf 8' lang='lat' dir='ltr'>y</span> <span class='ocrx_word' id='word_1_52' title='bbox 68 1500 206 1564; x_wconf 77' lang='lat' dir='ltr'>teresi</span> <span class='ocrx_word' id='word_1_53' title='bbox 228 1545 332 1562; x_wconf 92' lang='grc'><strong>.....</strong></span> <span class='ocrx_word' id='word_1_54' title='bbox 354 1499 392 1564; x_wconf 94' lang='lat' dir='ltr'>in</span> <span class='ocrx_word' id='word_1_55' title='bbox 421 1501 577 1585; x_wconf 82' lang='lat' dir='ltr'>mugnis</span> <span class='ocrx_word' id='word_1_56' title='bbox 604 1498 977 1582; x_wconf 85' lang='lat' dir='ltr'>disquisitionibus</span> <span class='ocrx_word' id='word_1_57' title='bbox 1001 1515 1139 1578; x_wconf 91' lang='lat' dir='ltr'>repen·</span> 
     </span>
     <span class='ocr_line' id='line_1_9' title="bbox 10 1604 1139 1689; baseline -0.001 -21"><span class='ocrx_word' id='word_1_58' title='bbox 10 1649 13 1689; x_wconf 91' lang='lat'><strong>:</strong></span> <span class='ocrx_word' id='word_1_59' title='bbox 65 1604 254 1687; x_wconf 89' lang='lat' dir='ltr'>tinisqne</span> <span class='ocrx_word' id='word_1_60' title='bbox 297 1606 496 1688; x_wconf 89' lang='lat' dir='ltr'>periculis</span> <span class='ocrx_word' id='word_1_61' title='bbox 531 1605 656 1671; x_wconf 83' lang='lat' dir='ltr'>vitum</span> <span class='ocrx_word' id='word_1_62' title='bbox 694 1605 1016 1686; x_wconf 87' lang='lat' dir='ltr'>uniuscuiusque</span> <span class='ocrx_word' id='word_1_63' title='bbox 1053 1621 1139 1668; x_wconf 89' lang='lat' dir='ltr'>esse</span> 
     </span>
     <span class='ocr_line' id='line_1_10' title="bbox 6 1709 1139 1796; baseline -0.003 -22"><span class='ocrx_word' id='word_1_64' title='bbox 6 1758 11 1796; x_wconf 81' lang='lat' dir='ltr'><em>z</em></span> <span class='ocrx_word' id='word_1_65' title='bbox 66 1711 229 1776; x_wconf 87' lang='lat' dir='ltr'>testem.</span> <span class='ocrx_word' id='word_1_66' title='bbox 282 1711 386 1776; x_wconf 88' lang='lat' dir='ltr'>Semel</span> <span class='ocrx_word' id='word_1_67' title='bbox 417 1712 499 1794; x_wconf 82' lang='lat' dir='ltr'>apud</span> <span class='ocrx_word' id='word_1_68' title='bbox 531 1710 707 1778; x_wconf 85' lang='lat' dir='ltr'>Ciceronem</span> <span class='ocrx_word' id='word_1_69' title='bbox 740 1709 790 1786; x_wconf 91' lang='lat' dir='ltr'>(de</span> <span class='ocrx_word' id='word_1_70' title='bbox 822 1709 946 1790; x_wconf 85' lang='lat' dir='ltr'>borusp.</span> <span class='ocrx_word' id='word_1_71' title='bbox 976 1726 1054 1790; x_wconf 85' lang='lat' dir='ltr'>resp.</span> <span class='ocrx_word' id='word_1_72' title='bbox 1088 1709 1139 1783; x_wconf 82' lang='grc'>13)</span> 
     </span>
     <span class='ocr_line' id='line_1_11' title="bbox 71 1814 1139 1901; baseline -0.003 -21"><span class='ocrx_word' id='word_1_73' title='bbox 71 1816 316 1899; x_wconf 87' lang='lat' dir='ltr'>disquisitio</span> <span class='ocrx_word' id='word_1_74' title='bbox 338 1817 540 1884; x_wconf 86' lang='lat' dir='ltr'>iocinoris</span> <span class='ocrx_word' id='word_1_75' title='bbox 570 1817 607 1882; x_wconf 91' lang='lat' dir='ltr'>de</span> <span class='ocrx_word' id='word_1_76' title='bbox 630 1816 771 1901; x_wconf 82' lang='lat' dir='ltr'>diligenti</span> <span class='ocrx_word' id='word_1_77' title='bbox 793 1814 993 1898; x_wconf 83' lang='lat' dir='ltr'>inquisitione</span> <span class='ocrx_word' id='word_1_78' title='bbox 1017 1818 1048 1879; x_wconf 91' lang='lat' dir='ltr'>et</span> <span class='ocrx_word' id='word_1_79' title='bbox 1069 1832 1139 1896; x_wconf 85' lang='lat' dir='ltr'>per·-</span> 
     </span>
     <span class='ocr_line' id='line_1_12' title="bbox 65 1920 1137 2013; baseline -0.002 -26"><span class='ocrx_word' id='word_1_80' title='bbox 65 1921 257 1989; x_wconf 77' lang='lat' dir='ltr'>scrutatione</span> <span class='ocrx_word' id='word_1_81' title='bbox 279 1922 407 2007; x_wconf 76' lang='lat' dir='ltr'>legitur3</span> <span class='ocrx_word' id='word_1_82' title='bbox 433 1923 568 2006; x_wconf 84' lang='lat' dir='ltr'>alioquin</span> <span class='ocrx_word' id='word_1_83' title='bbox 590 1941 689 2013; x_wconf 13' lang='lat' dir='ltr'>neuque</span> <span class='ocrx_word' id='word_1_84' title='bbox 711 1923 937 1988; x_wconf 74' lang='lat' dir='ltr'>substantivum</span> <span class='ocrx_word' id='word_1_85' title='bbox 960 1920 1018 1986; x_wconf 92' lang='lat' dir='ltr'>boc</span> <span class='ocrx_word' id='word_1_86' title='bbox 1039 1938 1137 2003; x_wconf 88' lang='lat' dir='ltr'>neque</span> 
     </span>
     <span class='ocr_line' id='line_1_13' title="bbox 66 2014 1138 2113; baseline -0.003 -21"><span class='ocrx_word' id='word_1_87' title='bbox 66 2027 263 2112; x_wconf 84' lang='lat' dir='ltr'>disquirendi</span> <span class='ocrx_word' id='word_1_88' title='bbox 285 2030 411 2094; x_wconf 82' lang='lat' dir='ltr'>verbum</span> <span class='ocrx_word' id='word_1_89' title='bbox 433 2030 514 2113; x_wconf 84' lang='lat' dir='ltr'>apud</span> <span class='ocrx_word' id='word_1_90' title='bbox 536 2048 605 2095; x_wconf 88' lang='lat' dir='ltr'>enm</span> <span class='ocrx_word' id='word_1_91' title='bbox 629 2029 800 2112; x_wconf 74' lang='lat' dir='ltr'>equaleeve</span> <span class='ocrx_word' id='word_1_92' title='bbox 818 2014 1138 2111; x_wconf 58' lang='lat' dir='ltr'>positum&#39;reperitme</span> 
     </span>
     <span class='ocr_line' id='line_1_14' title="bbox 65 2131 1137 2221; baseline -0.002 -22"><span class='ocrx_word' id='word_1_93' title='bbox 65 2133 112 2199; x_wconf 84' lang='lat' dir='ltr'>ed</span> <span class='ocrx_word' id='word_1_94' title='bbox 143 2134 248 2200; x_wconf 87' lang='lat' dir='ltr'>indicii</span> <span class='ocrx_word' id='word_1_95' title='bbox 284 2136 438 2201; x_wconf 83' lang='lat' dir='ltr'>certamen</span> <span class='ocrx_word' id='word_1_96' title='bbox 476 2135 715 2221; x_wconf 80' lang='lat' dir='ltr'>significandum</span> <span class='ocrx_word' id='word_1_97' title='bbox 751 2131 978 2201; x_wconf 81' lang='lat' dir='ltr'>accommodari</span> <span class='ocrx_word' id='word_1_98' title='bbox 1012 2133 1137 2197; x_wconf 88' lang='lat' dir='ltr'>omnino</span> 
     </span>
     <span class='ocr_line' id='line_1_15' title="bbox 67 2237 1137 2325; baseline -0.001 -20"><span class='ocrx_word' id='word_1_99' title='bbox 67 2239 187 2324; x_wconf 88' lang='lat' dir='ltr'>nequit.</span> <span class='ocrx_word' id='word_1_100' title='bbox 232 2241 348 2324; x_wconf 88' lang='lat' dir='ltr'>Opinor</span> <span class='ocrx_word' id='word_1_101' title='bbox 369 2241 542 2308; x_wconf 81' lang='lat' dir='ltr'>Ciceronem</span> <span class='ocrx_word' id='word_1_102' title='bbox 566 2242 724 2325; x_wconf 88' lang='lat' dir='ltr'>scripsisse</span> <span class='ocrx_word' id='word_1_103' title='bbox 746 2238 791 2304; x_wconf 86' lang='lat' dir='ltr'>&#39;in</span> <span class='ocrx_word' id='word_1_104' title='bbox 823 2241 977 2324; x_wconf 83' lang='lat' dir='ltr'>mugnis</span> <span class='ocrx_word' id='word_1_105' title='bbox 1011 2237 1137 2324; x_wconf 82' lang='lat' dir='ltr'>discep-</span> 
     </span>
     <span class='ocr_line' id='line_1_16' title="bbox 66 2344 1137 2433; baseline -0.003 -21"><span class='ocrx_word' id='word_1_106' title='bbox 66 2345 260 2413; x_wconf 74' lang='lat' dir='ltr'>tationibus.</span> <span class='ocrx_word' id='word_1_107' title='bbox 296 2350 329 2432; x_wconf 58' lang='grc' dir='ltr'>(ᾗ</span> <span class='ocrx_word' id='word_1_108' title='bbox 345 2347 384 2409; x_wconf 82' lang='grc'>71</span> <span class='ocrx_word' id='word_1_109' title='bbox 401 2347 432 2413; x_wconf 94' lang='lat' dir='ltr'>in</span> <span class='ocrx_word' id='word_1_110' title='bbox 448 2347 512 2414; x_wconf 88' lang='lat' dir='ltr'>bis:</span> <span class='ocrx_word' id='word_1_111' title='bbox 536 2366 855 2433; x_wconf 87' lang='lat' dir='ltr'>unumquemque</span> <span class='ocrx_word' id='word_1_112' title='bbox 877 2364 1011 2412; x_wconf 88' lang='lat' dir='ltr'>eorum</span> <span class='ocrx_word' id='word_1_113' title='bbox 1031 2344 1137 2429; x_wconf 89' lang='lat' dir='ltr'>prius</span> 
     </span>
     <span class='ocr_line' id='line_1_17' title="bbox 67 2451 1136 2538; baseline -0.003 -21"><span class='ocrx_word' id='word_1_114' title='bbox 67 2452 119 2517; x_wconf 85' lang='lat' dir='ltr'>ab</span> <span class='ocrx_word' id='word_1_115' title='bbox 147 2471 217 2517; x_wconf 84' lang='lat' dir='ltr'>sue</span> <span class='ocrx_word' id='word_1_116' title='bbox 248 2452 333 2520; x_wconf 82' lang='lat' dir='ltr'>rite</span> <span class='ocrx_word' id='word_1_117' title='bbox 360 2472 473 2537; x_wconf 84' lang='lat' dir='ltr'>quem</span> <span class='ocrx_word' id='word_1_118' title='bbox 503 2460 641 2521; x_wconf 85' lang='lat' dir='ltr'>vestro</span> <span class='ocrx_word' id='word_1_119' title='bbox 662 2454 894 2538; x_wconf 89' lang='lat' dir='ltr'>suspicione</span> <span class='ocrx_word' id='word_1_120' title='bbox 917 2470 1005 2518; x_wconf 89' lang='lat' dir='ltr'>esse</span> <span class='ocrx_word' id='word_1_121' title='bbox 1027 2451 1136 2515; x_wconf 84' lang='lat' dir='ltr'>dem·</span> 
     </span>
    </p>
   </div>
   <div class='ocr_carea' id='block_1_4' title="bbox 62 2556 1136 2747">
    <p class='ocr_par' dir='ltr' id='par_1_5' title="bbox 62 2556 1136 2747">
     <span class='ocr_line' id='line_1_18' title="bbox 66 2556 1136 2655; baseline -0.002 -32"><span class='ocrx_word' id='word_1_122' title='bbox 66 2560 206 2623; x_wconf 83' lang='lat' dir='ltr'>netum</span> <span class='ocrx_word' id='word_1_123' title='bbox 242 2559 439 2625; x_wconf 86' lang='lat' dir='ltr'>vehementer</span> <span class='ocrx_word' id='word_1_124' title='bbox 466 2560 594 2627; x_wconf 84' lang='lat' dir='ltr'>offendit</span> <span class='ocrx_word' id='word_1_125' title='bbox 619 2560 727 2655; x_wconf 83' lang='lat' dir='ltr'>addite</span> <span class='ocrx_word' id='word_1_126' title='bbox 753 2558 945 2642; x_wconf 80' lang='lat' dir='ltr'>praepositi03</span> <span class='ocrx_word' id='word_1_127' title='bbox 974 2557 1027 2624; x_wconf 85' lang='lat' dir='ltr'>sed</span> <span class='ocrx_word' id='word_1_128' title='bbox 1061 2556 1136 2622; x_wconf 91' lang='lat' dir='ltr'>sim·</span> 
     </span>
     <span class='ocr_line' id='line_1_19' title="bbox 62 2663 631 2747; baseline 0.011 -18"><span class='ocrx_word' id='word_1_129' title='bbox 62 2663 190 2747; x_wconf 84' lang='lat' dir='ltr'>pliciter</span> <span class='ocrx_word' id='word_1_130' title='bbox 212 2683 280 2730; x_wconf 84' lang='lat' dir='ltr'>eam</span> <span class='ocrx_word' id='word_1_131' title='bbox 304 2665 406 2731; x_wconf 89' lang='lat' dir='ltr'>delere</span> <span class='ocrx_word' id='word_1_132' title='bbox 429 2685 488 2732; x_wconf 89' lang='lat' dir='ltr'>nou</span> <span class='ocrx_word' id='word_1_133' title='bbox 510 2666 631 2737; x_wconf 79' lang='lat' dir='ltr'>audeo.)</span> 
     </span>
    </p>
   </div>
   <div class='ocr_carea' id='block_1_5' title="bbox 60 2829 1137 3959">
    <p class='ocr_par' dir='ltr' id='par_1_6' title="bbox 60 2829 1137 3959">
     <span class='ocr_line' id='line_1_20' title="bbox 168 2829 1134 2915; baseline -0.003 -19"><span class='ocrx_word' id='word_1_134' title='bbox 168 2831 230 2896; x_wconf 88' lang='lat' dir='ltr'>Pru</span> <span class='ocrx_word' id='word_1_135' title='bbox 252 2830 367 2898; x_wconf 73' lang='lat' dir='ltr'>Flacco</span> <span class='ocrx_word' id='word_1_136' title='bbox 389 2835 425 2898; x_wconf 84' lang='lat'>5:</span> <span class='ocrx_word' id='word_1_137' title='bbox 461 2834 591 2915; x_wconf 86' lang='lat' dir='ltr'>Atque</span> <span class='ocrx_word' id='word_1_138' title='bbox 623 2832 777 2897; x_wconf 84' lang='lat' dir='ltr'>utinum</span> <span class='ocrx_word' id='word_1_139' title='bbox 811 2829 971 2895; x_wconf 89' lang='lat' dir='ltr'>inimici</span> <span class='ocrx_word' id='word_1_140' title='bbox 1004 2831 1134 2896; x_wconf 86' lang='lat' dir='ltr'>nostri</span> 
     </span>
     <span class='ocr_line' id='line_1_21' title="bbox 60 2935 1134 3018; baseline -0.003 -16"><span class='ocrx_word' id='word_1_141' title='bbox 60 2954 110 3002; x_wconf 80' lang='lat' dir='ltr'>eo</span> <span class='ocrx_word' id='word_1_142' title='bbox 131 2937 321 3002; x_wconf 91' lang='lat' dir='ltr'>bonorum</span> <span class='ocrx_word' id='word_1_143' title='bbox 341 2939 513 3005; x_wconf 90' lang='lat' dir='ltr'>omnium</span> <span class='ocrx_word' id='word_1_144' title='bbox 535 2955 686 3004; x_wconf 88' lang='lat' dir='ltr'>mecum</span> <span class='ocrx_word' id='word_1_145' title='bbox 707 2937 847 3018; x_wconf 89' lang='lat' dir='ltr'>potius</span> <span class='ocrx_word' id='word_1_146' title='bbox 869 2935 1134 3008; x_wconf 81' lang='lat' dir='ltr'>contendent,</span> 
     </span>
     <span class='ocr_line' id='line_1_22' title="bbox 63 3040 1136 3110; baseline -0.002 -2"><span class='ocrx_word' id='word_1_147' title='bbox 63 3044 199 3108; x_wconf 90' lang='lat' dir='ltr'>utrum</span> <span class='ocrx_word' id='word_1_148' title='bbox 220 3046 300 3109; x_wconf 91' lang='lat' dir='ltr'>tum</span> <span class='ocrx_word' id='word_1_149' title='bbox 323 3062 456 3109; x_wconf 87' lang='lat' dir='ltr'>omnes</span> <span class='ocrx_word' id='word_1_150' title='bbox 482 3044 577 3110; x_wconf 93' lang='lat' dir='ltr'>boni</span> <span class='ocrx_word' id='word_1_151' title='bbox 599 3044 720 3109; x_wconf 88' lang='lat' dir='ltr'>duces</span> <span class='ocrx_word' id='word_1_152' title='bbox 743 3041 876 3107; x_wconf 88' lang='lat' dir='ltr'>nostri</span> <span class='ocrx_word' id='word_1_153' title='bbox 898 3062 944 3107; x_wconf 89' lang='lat' dir='ltr'>on</span> <span class='ocrx_word' id='word_1_154' title='bbox 967 3040 1136 3107; x_wconf 83' lang='lat' dir='ltr'>comites</span> 
     </span>
     <span class='ocr_line' id='line_1_23' title="bbox 62 3147 1135 3216; baseline -0.004 -1"><span class='ocrx_word' id='word_1_155' title='bbox 62 3150 224 3215; x_wconf 85' lang='lat' dir='ltr'>fuerint</span> <span class='ocrx_word' id='word_1_156' title='bbox 255 3151 300 3216; x_wconf 86' lang='lat' dir='ltr'>ed</span> <span class='ocrx_word' id='word_1_157' title='bbox 336 3168 575 3216; x_wconf 89' lang='lat' dir='ltr'>communem</span> <span class='ocrx_word' id='word_1_158' title='bbox 608 3149 925 3215; x_wconf 74' lang='lat' dir='ltr'>conservandam</span> <span class='ocrx_word' id='word_1_159' title='bbox 951 3147 1135 3213; x_wconf 80' lang='lat' dir='ltr'>salutem.</span> 
     </span>
     <span class='ocr_line' id='line_1_24' title="bbox 60 3253 1135 3340; baseline -0.002 -20"><span class='ocrx_word' id='word_1_160' title='bbox 60 3255 203 3321; x_wconf 87' lang='lat' dir='ltr'>Verbum</span> <span class='ocrx_word' id='word_1_161' title='bbox 238 3257 501 3334; x_wconf 81' lang='lat' dir='ltr'>contendent,</span> <span class='ocrx_word' id='word_1_162' title='bbox 535 3255 617 3340; x_wconf 90' lang='lat' dir='ltr'>quod</span> <span class='ocrx_word' id='word_1_163' title='bbox 650 3255 817 3320; x_wconf 80' lang='lat' dir='ltr'>Ascensius</span> <span class='ocrx_word' id='word_1_164' title='bbox 850 3255 967 3336; x_wconf 91' lang='lat' dir='ltr'>primns</span> <span class='ocrx_word' id='word_1_165' title='bbox 997 3253 1135 3337; x_wconf 89' lang='lat' dir='ltr'>posuisse</span> 
     </span>
     <span class='ocr_line' id='line_1_25' title="bbox 64 3361 1136 3446; baseline 0 -22"><span class='ocrx_word' id='word_1_166' title='bbox 64 3361 198 3438; x_wconf 78' lang='lat' dir='ltr'>videtur,</span> <span class='ocrx_word' id='word_1_167' title='bbox 221 3363 253 3427; x_wconf 90' lang='lat' dir='ltr'>ot</span> <span class='ocrx_word' id='word_1_168' title='bbox 272 3380 327 3445; x_wconf 90' lang='lat' dir='ltr'>per</span> <span class='ocrx_word' id='word_1_169' title='bbox 359 3383 392 3428; x_wconf 86' lang='lat' dir='ltr'>eo</span> <span class='ocrx_word' id='word_1_170' title='bbox 425 3363 528 3429; x_wconf 90' lang='lat' dir='ltr'>minus</span> <span class='ocrx_word' id='word_1_171' title='bbox 559 3365 667 3446; x_wconf 84' lang='lat' dir='ltr'>aptum</span> <span class='ocrx_word' id='word_1_172' title='bbox 696 3363 744 3427; x_wconf 88' lang='lat' dir='ltr'>est</span> <span class='ocrx_word' id='word_1_173' title='bbox 773 3362 890 3445; x_wconf 82' lang='lat' dir='ltr'>(egitur</span> <span class='ocrx_word' id='word_1_174' title='bbox 912 3361 994 3426; x_wconf 86' lang='lat' dir='ltr'>enim</span> <span class='ocrx_word' id='word_1_175' title='bbox 1016 3379 1075 3426; x_wconf 90' lang='lat' dir='ltr'>non</span> <span class='ocrx_word' id='word_1_176' title='bbox 1098 3361 1136 3425; x_wconf 93' lang='lat' dir='ltr'>de</span> 
     </span>
     <span class='ocr_line' id='line_1_26' title="bbox 64 3467 1135 3551; baseline 0 -19"><span class='ocrx_word' id='word_1_177' title='bbox 64 3467 245 3541; x_wconf 83' lang='lat' dir='ltr'>certamine,</span> <span class='ocrx_word' id='word_1_178' title='bbox 269 3469 323 3534; x_wconf 91' lang='lat' dir='ltr'>sed</span> <span class='ocrx_word' id='word_1_179' title='bbox 346 3469 384 3534; x_wconf 92' lang='lat' dir='ltr'>do</span> <span class='ocrx_word' id='word_1_180' title='bbox 406 3469 635 3551; x_wconf 86' lang='lat' dir='ltr'>comparatione</span> <span class='ocrx_word' id='word_1_181' title='bbox 659 3471 690 3532; x_wconf 89' lang='lat' dir='ltr'>et</span> <span class='ocrx_word' id='word_1_182' title='bbox 711 3468 895 3550; x_wconf 71' lang='lat' dir='ltr'>questione)</span> <span class='ocrx_word' id='word_1_183' title='bbox 917 3470 949 3532; x_wconf 90' lang='lat' dir='ltr'>et</span> <span class='ocrx_word' id='word_1_184' title='bbox 964 3486 982 3532; x_wconf 87' lang='lat' dir='ltr'>o</span> <span class='ocrx_word' id='word_1_185' title='bbox 998 3467 1135 3535; x_wconf 88' lang='lat' dir='ltr'>codicum</span> 
     </span>
     <span class='ocr_line' id='line_1_27' title="bbox 64 3573 1136 3659; baseline 0.001 -21"><span class='ocrx_word' id='word_1_186' title='bbox 64 3573 207 3657; x_wconf 81' lang='lat' dir='ltr'>vestigiis</span> <span class='ocrx_word' id='word_1_187' title='bbox 229 3575 407 3659; x_wconf 87' lang='lat' dir='ltr'>longissime</span> <span class='ocrx_word' id='word_1_188' title='bbox 434 3573 576 3653; x_wconf 80' lang='lat' dir='ltr'>discedit,</span> <span class='ocrx_word' id='word_1_189' title='bbox 605 3575 636 3639; x_wconf 90' lang='lat' dir='ltr'>in</span> <span class='ocrx_word' id='word_1_190' title='bbox 664 3591 793 3656; x_wconf 89' lang='lat' dir='ltr'>quornm</span> <span class='ocrx_word' id='word_1_191' title='bbox 822 3577 855 3638; x_wconf 88' lang='lat' dir='ltr'>et</span> <span class='ocrx_word' id='word_1_192' title='bbox 882 3574 1136 3656; x_wconf 76' lang='lat' dir='ltr'>prestantissimo</span> 
     </span>
     <span class='ocr_line' id='line_1_28' title="bbox 62 3678 1135 3765; baseline 0.002 -23"><span class='ocrx_word' id='word_1_193' title='bbox 62 3679 102 3743; x_wconf 89' lang='lat' dir='ltr'>et</span> <span class='ocrx_word' id='word_1_194' title='bbox 129 3678 222 3765; x_wconf 84' lang='lat' dir='ltr'>longe</span> <span class='ocrx_word' id='word_1_195' title='bbox 254 3680 396 3763; x_wconf 87' lang='lat' dir='ltr'>plurimis</span> <span class='ocrx_word' id='word_1_196' title='bbox 431 3680 594 3746; x_wconf 86' lang='lat' dir='ltr'>scribitur:</span> <span class='ocrx_word' id='word_1_197' title='bbox 631 3680 768 3765; x_wconf 91' lang='lat' dir='ltr'>potius</span> <span class='ocrx_word' id='word_1_198' title='bbox 796 3682 878 3746; x_wconf 91' lang='lat' dir='ltr'>tum</span> <span class='ocrx_word' id='word_1_199' title='bbox 911 3682 972 3746; x_wconf 87' lang='lat' dir='ltr'>est</span> <span class='ocrx_word' id='word_1_200' title='bbox 1003 3682 1135 3746; x_wconf 87' lang='lat' dir='ltr'>utrum</span> 
     </span>
     <span class='ocr_line' id='line_1_29' title="bbox 60 3785 1137 3870; baseline 0.003 -20"><span class='ocrx_word' id='word_1_201' title='bbox 60 3787 148 3850; x_wconf 91' lang='lat' dir='ltr'>tum</span> <span class='ocrx_word' id='word_1_202' title='bbox 171 3804 314 3852; x_wconf 90' lang='lat' dir='ltr'>omnes.</span> <span class='ocrx_word' id='word_1_203' title='bbox 349 3785 465 3869; x_wconf 82' lang='lat' dir='ltr'>Opinon</span> <span class='ocrx_word' id='word_1_204' title='bbox 488 3787 600 3853; x_wconf 88' lang='lat' dir='ltr'>luisse:</span> <span class='ocrx_word' id='word_1_205' title='bbox 625 3805 773 3853; x_wconf 89' lang='lat' dir='ltr'>mecum</span> <span class='ocrx_word' id='word_1_206' title='bbox 797 3787 934 3870; x_wconf 90' lang='lat' dir='ltr'>potius</span> <span class='ocrx_word' id='word_1_207' title='bbox 956 3790 1137 3854; x_wconf 79' lang='lat' dir='ltr'>aestumenb</span> 
     </span>
     <span class='ocr_line' id='line_1_30' title="bbox 61 3896 279 3959; baseline -0.005 -3"><span class='ocrx_word' id='word_1_208' title='bbox 61 3896 199 3957; x_wconf 87' lang='lat' dir='ltr'>utrum</span> <span class='ocrx_word' id='word_1_209' title='bbox 221 3897 279 3959; x_wconf 87' lang='lat' dir='ltr'>cet.</span> 
     </span>
    </p>
   </div>
   <div class='ocr_carea' id='block_1_6' title="bbox 62 4020 1137 4531">
    <p class='ocr_par' dir='ltr' id='par_1_7' title="bbox 62 4020 1137 4531">
     <span class='ocr_line' id='line_1_31' title="bbox 170 4020 1137 4107; baseline 0.001 -23"><span class='ocrx_word' id='word_1_210' title='bbox 170 4020 301 4087; x_wconf 79' lang='lat' dir='ltr'>lbid.7:</span> <span class='ocrx_word' id='word_1_211' title='bbox 325 4022 372 4087; x_wconf 82' lang='lat' dir='ltr'>llt</span> <span class='ocrx_word' id='word_1_212' title='bbox 394 4021 427 4087; x_wconf 89' lang='lat' dir='ltr'>is</span> <span class='ocrx_word' id='word_1_213' title='bbox 450 4026 628 4088; x_wconf 78' lang='lat' dir='ltr'>ostreno</span> <span class='ocrx_word' id='word_1_214' title='bbox 650 4024 857 4098; x_wconf 68' lang='lat' dir='ltr'>avarities,</span> <span class='ocrx_word' id='word_1_215' title='bbox 880 4020 1007 4107; x_wconf 87' lang='lat' dir='ltr'>quiin</span> <span class='ocrx_word' id='word_1_216' title='bbox 1030 4022 1137 4087; x_wconf 89' lang='lat' dir='ltr'>uber-</span> 
     </span>
     <span class='ocr_line' id='line_1_32' title="bbox 63 4125 1137 4211; baseline 0 -19"><span class='ocrx_word' id='word_1_217' title='bbox 63 4125 168 4192; x_wconf 87' lang='lat' dir='ltr'>rime</span> <span class='ocrx_word' id='word_1_218' title='bbox 201 4146 241 4193; x_wconf 90' lang='lat' dir='ltr'>re</span> <span class='ocrx_word' id='word_1_219' title='bbox 274 4129 391 4211; x_wconf 86' lang='lat' dir='ltr'>turpe</span> <span class='ocrx_word' id='word_1_220' title='bbox 423 4127 719 4211; x_wconf 82' lang='lat' dir='ltr'>compendium,</span> <span class='ocrx_word' id='word_1_221' title='bbox 751 4129 788 4197; x_wconf 93' lang='lat' dir='ltr'>in</span> <span class='ocrx_word' id='word_1_222' title='bbox 820 4127 1137 4195; x_wconf 87' lang='lat' dir='ltr'>maledicentis·</span> 
     </span>
     <span class='ocr_line' id='line_1_33' title="bbox 62 4233 1137 4320; baseline 0.001 -22"><span class='ocrx_word' id='word_1_223' title='bbox 62 4234 170 4299; x_wconf 86' lang='lat' dir='ltr'>sime</span> <span class='ocrx_word' id='word_1_224' title='bbox 192 4233 388 4312; x_wconf 77' lang='lat' dir='ltr'>civitate,</span> <span class='ocrx_word' id='word_1_225' title='bbox 417 4234 457 4300; x_wconf 89' lang='lat' dir='ltr'>iu</span> <span class='ocrx_word' id='word_1_226' title='bbox 482 4235 841 4320; x_wconf 89' lang='lat' dir='ltr'>suspiciosissimo</span> <span class='ocrx_word' id='word_1_227' title='bbox 862 4234 1034 4319; x_wconf 82' lang='lat' dir='ltr'>negotio</span> <span class='ocrx_word' id='word_1_228' title='bbox 1055 4253 1137 4300; x_wconf 85' lang='lat' dir='ltr'>ma·</span> 
     </span>
     <span class='ocr_line' id='line_1_34' title="bbox 64 4338 1137 4426; baseline 0 -22"><span class='ocrx_word' id='word_1_229' title='bbox 64 4338 267 4406; x_wconf 82' lang='lat' dir='ltr'>dedictum</span> <span class='ocrx_word' id='word_1_230' title='bbox 292 4359 420 4416; x_wconf 85' lang='lat' dir='ltr'>omne,</span> <span class='ocrx_word' id='word_1_231' title='bbox 443 4361 516 4407; x_wconf 94' lang='lat' dir='ltr'>non</span> <span class='ocrx_word' id='word_1_232' title='bbox 541 4339 653 4407; x_wconf 91' lang='lat' dir='ltr'>modo</span> <span class='ocrx_word' id='word_1_233' title='bbox 673 4339 1018 4426; x_wconf 83' lang='lat' dir='ltr'>crimenellugit?</span> <span class='ocrx_word' id='word_1_234' title='bbox 1041 4342 1137 4407; x_wconf 84' lang='lat' dir='ltr'>Recte</span> 
     </span>
     <span class='ocr_line' id='line_1_35' title="bbox 65 4445 1137 4531; baseline 0.002 -20"><span class='ocrx_word' id='word_1_235' title='bbox 65 4446 263 4513; x_wconf 85' lang='lat' dir='ltr'>intellectum</span> <span class='ocrx_word' id='word_1_236' title='bbox 287 4447 387 4513; x_wconf 88' lang='lat' dir='ltr'>estin</span> <span class='ocrx_word' id='word_1_237' title='bbox 410 4445 510 4513; x_wconf 88' lang='lat' dir='ltr'>verbis</span> <span class='ocrx_word' id='word_1_238' title='bbox 536 4449 653 4531; x_wconf 88' lang='lat' dir='ltr'>turpe</span> <span class='ocrx_word' id='word_1_239' title='bbox 682 4447 965 4531; x_wconf 88' lang='lat' dir='ltr'>compendium</span> <span class='ocrx_word' id='word_1_240' title='bbox 991 4449 1137 4516; x_wconf 82' lang='lat' dir='ltr'>vitiosam</span> 
     </span>
    </p>
   </div>
   <div class='ocr_carea' id='block_1_7' title="bbox 0 0 1333 5056">
    <p class='ocr_par' dir='ltr' id='par_1_8' title="bbox 0 0 1333 5056">
     <span class='ocr_line' id='line_1_36' title="bbox 0 0 1333 5056; baseline 0 0"><span class='ocrx_word' id='word_1_241' title='bbox 0 0 1333 5056; x_wconf 95' lang='lat' dir='ltr'> </span> 
     </span>
    </p>
   </div>
  </div>
 </body>
</html>
