2580 5054
33 2012 77 2061 tn
99 1996 192 2062 editis
224 2017 250 2063 a.
288 1998 366 2062 1871
405 2002 435 2064 el
472 2000 552 2064 1873
588 2001 839 2068 Adversariornm
872 2003 1053 2070 Criticorum

32 2101 109 2168 >tus
131 2105 336 2170 voluminibus
359 2105 520 2170 materiam
543 2107 681 2173 criticam
708 2109 747 2174 ad
766 2109 950 2193 scriptorum
967 2109 1053 2177 Grae·

32 2223 93 2275 um
117 2211 148 2277 et
169 2210 348 2276 Latinomm
372 2211 466 2276 libros
490 2213 693 2280 emendandos
708 2215 815 2280 multis
830 2216 920 2281 aunis
941 2216 1053 2282 collec-

32 2330 49 2377 ι
81 2321 333 2400 exprompsissem
362 2320 642 2404 mansissemque,
671 2341 731 2386 nou
757 2323 899 2404 putaram
921 2322 996 2399 fore,
1018 2323 1055 2388 nt

32 2423 157 2506 *dquam
179 2426 308 2505 posthac
329 2426 467 2491 eiusdem
492 2427 614 2510 generis
636 2428 767 2500 ederem,
792 2431 935 2512 quoniam
953 2447 1052 2512 neque

32 2529 200 2596 titutornm
234 2534 277 2598 rei
310 2533 441 2616 publica
469 2533 614 2599 Romanae
637 2535 799 2612 enarratio,
828 2536 876 2600 cui
898 2537 1052 2618 proximos

32 2651 80 2702 ros
96 2636 295 2714 destinaram,
311 2638 443 2704 similem
460 2640 722 2724 expurgandornm
737 2641 918 2709 mendorum
931 2643 1050 2725 copiam

32 2744 263 2828 pessimamque
290 2744 432 2811 habitura
464 2745 633 2820 videbatur,
658 2747 689 2810 et
712 2746 767 2810 illa
793 2764 885 2830 opera
911 2748 1051 2814 absoluta

48 2849 111 2914 alia
131 2850 233 2933 potius
255 2850 359 2916 studia
386 2853 522 2917 animum
551 2850 748 2916 traducturus
777 2870 859 2916 eram
890 2870 909 2916 a
938 2854 1051 2920 litteris

32 2957 101 3022 acis
146 2958 323 3041 Latinisque
366 2957 491 3022 remota.
560 2957 621 3022 Sed
658 2962 761 3023 tamen
799 2959 831 3022 et
867 2958 1051 3038 scholarum,

32 3082 62 3128 as
92 3082 144 3146 per
177 3063 298 3147 aliquot
318 3084 413 3129 anuos
436 3064 622 3144 continuavi,
659 3065 870 3153 opportunitas
892 3065 1049 3150 animique

32 3168 125 3234 adam
158 3170 315 3236 inclinatio
348 3173 401 3236 ant
433 3172 537 3235 vetera
576 3175 608 3237 et
648 3172 722 3236 olim
755 3174 888 3247 tractata
918 3171 1050 3238 libenter

32 3280 126 3341 ›ctens
158 3280 213 3341 ant
247 3278 452 3361 praetermissa
489 3278 608 3358 explere
644 3280 768 3360 cupiens
811 3279 901 3361 paulo
945 3279 1050 3359 latius,

32 3403 74 3448 rm
101 3385 243 3466 opinatus
269 3403 362 3459 eram,
395 3401 445 3448 me
470 3402 524 3466 per
549 3381 671 3450 Grecos
698 3385 861 3467 scriptores
893 3387 996 3464 traxit,
1019 3389 1050 3452 et

32 3510 49 3556 a
94 3490 148 3555 illa
194 3492 390 3574 antiquitatis
433 3490 580 3555 Romana
627 3489 786 3572 explicatio
832 3493 863 3555 in
906 3493 1049 3574 operibus

33 3597 127 3680 iquis‚
160 3615 228 3680 qnae
250 3616 318 3661 eam
340 3596 476 3678 prorime
503 3597 711 3680 attingebant,
740 3597 862 3663 assidue
889 3597 1047 3663 pensandis

32 3731 34 3766 ι
69 3721 164 3785 panca
194 3703 368 3782 obiiciebat
402 3722 478 3786 quae,
512 3702 634 3768 etiamsi
663 3703 701 3768 ad
724 3721 881 3768 summam
899 3722 965 3769 rem
986 3722 1046 3768 non

32 3809 180 3887 tinercnt,
202 3812 316 3882 tamen,
333 3811 404 3892 quia
419 3808 580 3874 lectionem
596 3808 785 3892 impedirent
798 3811 1046 3894 sententiamque

36 3919 161 3997 ptorum
177 3918 383 3989 obscurarent,
395 3915 516 3981 mendis
531 3917 562 3979 in
576 3919 752 3981 transcursu
767 3916 896 3981 liberare
912 3934 1046 3995 conarer,

32 4024 75 4087 eri
108 4025 278 4103 prasertim
311 4022 524 4090 consuetudini
550 4023 729 4106 obsequens,
757 4023 949 4105 maximeque
975 4042 1045 4089 cum

32 4147 73 4193 rm
96 4129 350 4196 amicissimorum
371 4129 531 4195 homiuum
552 4129 693 4214 Ussingii
724 4133 755 4194 et
783 4128 919 4213 Siesbyei
942 4148 1045 4205 cansa,

59 4234 93 4298 in
121 4235 273 4302 Ciceronis
306 4237 492 4302 orationibus
523 4238 555 4300 et
586 4234 726 4318 epistolis
759 4255 829 4301 cnm
868 4235 1044 4321 philologiae

32 4340 125 4406 dionis
158 4343 382 4425 pertractandis
415 4342 567 4408 interdum
598 4342 752 4425 symbolas
781 4360 874 4407 ame
896 4340 1044 4425 petebant

50 4467 113 4514 nou
135 4450 329 4532 respuebant,
355 4449 387 4514 in
420 4451 485 4516 hac
507 4450 621 4533 scripta
643 4449 785 4514 accurate
808 4448 970 4514 recolenda
992 4466 1044 4514 me

32 4558 158 4630 inissem,
192 4574 259 4640 qna
282 4557 356 4623 olim
380 4556 516 4622 studiose
537 4557 672 4621 tractata
692 4554 892 4638 aliquamdiu,
916 4554 990 4618 dnm
1012 4553 1044 4617 in
