2678 5018
518 615 666 673 Terentius.
783 648 787 660 ι
1042 619 1079 681 19

150 810 290 896 {leem
325 833 354 880 v.
379 814 518 895 247711,
554 815 583 891 2,
622 815 655 893 5)
686 815 855 881 toileodum
877 818 1008 893 estetsi
1040 819 1120 902 quod

1 966 2 979 r
68 920 122 985 sine
141 919 207 985 olle
222 920 359 985 minime
381 939 475 985 oense
495 920 710 1004 interpositum
733 921 974 1004 perspicuumst
994 924 1119 990 facilem

66 1026 199 1092 untionis
222 1045 350 1092 cursum
373 1027 479 1091 turbet
501 1028 533 1091 et
556 1026 620 1091 eins
643 1025 698 1101 rei
720 1029 1116 1113 equehochessdreliqus

66 1132 262 1216 progreditur,
284 1133 535 1216 propositionem:

0 1263 2 1332 p
99 1238 260 1321 Phidippo,
294 1256 349 1322 ego
372 1239 452 1303 meis
472 1257 522 1303 me
547 1238 687 1305 omnibus
709 1238 773 1303 scio
800 1255 867 1303 esse
896 1238 1034 1334 adprime
1062 1241 1117 1307 ob-
1157 1238 1160 1246 “

881 1348 1069 1427 sequentem,

0 1412 1 1481 Ῑ
100 1451 152 1515 sed
173 1469 235 1515 non
259 1450 343 1525 odeo,
364 1452 401 1514 ut
416 1468 487 1514 mee
496 1449 625 1514 facilites
649 1451 822 1533 corrumpat
842 1449 964 1516 illorum
986 1452 1114 1519 animos.

155 1556 225 1621 Ibd.
249 1555 311 1618 273
333 1555 387 1632 (ΙΙ,
410 1555 439 1628 7,
460 1556 530 1636 31);

98 1660 180 1726 Nom
203 1661 366 1745 estquod
388 1679 438 1725 me
464 1663 593 1727 transire
616 1652 774 1742 ed'forum
799 1664 860 1728 iem
883 1663 1013 1745 oportet
1049 1662 1116 1728 LA.

805 1770 848 1833 Eo
873 1771 976 1834 tecum
998 1785 1069 1831 uns.

154 1875 226 1939 Non
249 1874 342 1938 debet
362 1874 477 1938 servari
499 1873 743 1939 orotiosoloeco:
767 1885 818 1954 esc,
842 1874 923 1959 qood
934 1920 962 1937 ..
979 1882 1115 1956 ‚oportet

1 2024 2 2031 κ
59 1981 124 2058 (hoc
147 1985 208 2053 est,
230 1997 333 2055 censa,
354 1980 477 2061 propter
498 1989 612 2062 quom),
634 1981 804 2062 presertim
827 1999 896 2046 com
918 1979 1010 2044 codex
1021 1979 1114 2044 Bem-

59 2086 145 2151 tinus
177 2086 405 2156 coniunctivum
441 2086 562 2151 hebeat.
616 2085 815 2154 Scribendum
838 2087 941 2171 igitur,
972 2085 1115 2151 restituto

1 2174 3 2196 ¹
59 2193 168 2276 ellipsi,
204 2192 291 2257 cuins
327 2191 571 2273 supplementum
593 2193 746 2259 adiectum
770 2193 985 2259 necessitatem
1008 2191 1115 2258 attulit

57 2300 259 2364 indicativum
278 2299 370 2362 metri
395 2317 488 2364 cause
508 2299 653 2381 ponendi:

99 2405 182 2470 Nem
206 2407 264 2480 est,
286 2403 367 2486 quod
389 2421 440 2468 me
461 2406 590 2471 meusne
612 2405 651 2471 ad
672 2405 772 2471 sorum
794 2407 856 2470 ism
871 2406 1018 2488 oporteat.
1049 2404 1112 2468 LA.
1149 2424 1156 2431 ·

824 2512 938 2576 Tecum
961 2530 1030 2576 uns.

155 2616 220 2681 lbd
248 2616 310 2678 740
330 2616 382 2697 (V,
408 2618 435 2689 1,
464 2620 530 2690 lot:
1230 2700 1233 2705 ι

121 2723 268 2787 inscitum
296 2722 403 2786 offerre
433 2721 574 2807 iniuriam
596 2723 652 2788 tibi
674 2723 849 2787 immerenti
872 2723 1045 2805 iniquomst.
1182 2710 1184 2715 ⁴
1218 2700 1235 2729 ''

152 2828 277 2892 Fierine
298 2830 412 2912 potest,
447 2830 561 2894 utnon
583 2827 777 2895 scribendum
800 2829 856 2893 sit:

95 2934 248 2998 Inscitum
269 2934 376 2999 offerre
402 2933 545 2998 iniuriam
569 2935 745 3016 immerenti
767 2935 869 2996 eidnec
890 2934 1067 3018 iniquomst.

152 3039 223 3110 ΙΝ.
246 3040 306 3101 779
329 3040 378 3119 (V,
401 3041 431 3114 2,
456 3041 522 3122 13):
655 3085 658 3097 .

136 3145 221 3210 Nam
242 3148 271 3210 si
291 3147 473 3228 compererit
493 3147 612 3212 crimini
633 3150 688 3212 tua
708 3165 741 3211 se
762 3165 836 3210 uxor
852 3145 1028 3220 credidisse,

1 3224 3 3275 t
153 3250 317 3318 Sententia
347 3254 516 3318 necessario
553 3271 589 3318 co
626 3255 684 3326 est,
722 3272 814 3337 quem
848 3252 967 3318 codices
1003 3254 1112 3336 prester

52 3357 242 3424 Bembinnm
259 3360 438 3442 exprimunt,
460 3358 565 3424 addito
586 3363 691 3426 contm
712 3378 833 3424 versum
854 3358 935 3436 falso
952 3360 1024 3424 onte
1046 3379 1110 3422 crc-

53 3464 180 3538 do'dissm
203 3484 276 3530 nom
296 3464 328 3530 in
350 3466 472 3528 mini
494 3465 563 3531 falsi
584 3464 770 3551 significatio,
798 3465 883 3530 nulle
904 3466 1025 3530 omnino
1050 3466 1109 3530 est.

53 3570 119 3636 hm
151 3573 187 3636 in
221 3571 368 3637 Bembino
401 3572 543 3637 scribitur
576 3581 628 3634 tua
659 3593 690 3634 se
719 3594 798 3635 mcor
818 3594 848 3634 ee
870 3571 1039 3646 credidisse,
1074 3570 1106 3633 in

54 3697 109 3760 ono
132 3677 262 3742 subesse
282 3698 362 3739 secus
384 3677 543 3740 credidisse
563 3678 719 3743 Bentleius
743 3677 828 3743 vidit.
873 3678 985 3741 Versus
1006 3677 1108 3740 rectus

10 3824 11 3838 ι
55 3784 117 3858 crit
142 3785 171 3848 si
194 3782 421 3864 scripserimus:

10 3904 11 3907 ’
90 3889 176 3954 Nem
199 3888 226 3954 si
243 3888 423 3971 compererit
439 3889 550 3950 comeo
567 3891 621 3953 tue
642 3907 674 3954 se
696 3908 768 3954 uxor
785 3908 868 3951 oecon
890 3886 1067 3952 credidisse.

14 4016 15 4019 ¹
155 3992 279 4058 &meo
311 3994 429 4056 eredere
460 4013 518 4059 non
551 3995 652 4060 minus
673 3997 754 4060 recte
782 3994 894 4059 dicitnr
916 4009 1009 4075 qoem
1030 3990 1109 4073 opud

8 4110 10 4113 ’
57 4098 230 4166 Ciceronem
254 4101 384 4185 focinus
417 4101 533 4164 eredes
566 4107 632 4184 (pro
655 4100 744 4166 Rosc.
777 4102 849 4164 Am.
878 4099 930 4178 68)
955 4098 987 4161 et
1008 4098 1109 4181 opinio

60 4208 164 4271 sedita
203 4219 271 4291 (pro
307 4207 423 4275 Scauro
462 4207 522 4282 10),
557 4224 596 4271 ne
629 4205 750 4272 Livium
790 4210 844 4270 eut
876 4203 1021 4270 Ovidium
1059 4206 1107 4269 te-

59 4316 113 4380 stes
132 4315 213 4383 dem.

146 4419 212 4485 lbd.
237 4419 302 4481 873
325 4437 392 4500 sqq.
416 4417 466 4495 (V,
487 4419 516 4490 4,
539 4417 608 4493 33):

880 4519 911 4572 2!
