2656 5056
442 698 582 755 Ciceronis
601 699 749 755 orationes.
1026 699 1086 762 115

57 897 187 978 nem>
205 893 354 963 Veneri
376 896 574 980 absoluit,
597 897 676 963 sibi
699 898 944 963 condemnat.
968 896 1129 982 Significat

55 1002 191 1070 Dionem
225 1022 245 1068 a
274 1003 382 1069 Naevio
415 1002 595 1069 accusatum
628 1005 660 1067 et
691 1003 913 1070 absolutionem
948 1004 1079 1086 pecunia
1110 1023 1130 1069 a

54 1109 157 1175 Verre
178 1126 279 1174 emere
302 1109 445 1174 coactum
466 1127 542 1174 esse.

161 1238 241 1303 Ibid.
265 1238 323 1302 31:
354 1238 389 1302 si
409 1254 502 1303 vero
524 1236 629 1301 illud
652 1256 807 1321 quoque
828 1237 1005 1315 accedit,
1025 1237 1070 1301 ut
1090 1235 1152 1300 iu-

57 1365 104 1412 ea
125 1345 247 1411 verba
268 1343 634 1427 praetor'iudicium
658 1343 741 1424 det,
759 1344 928 1411 utvelL.
945 1342 1129 1409 Octavius

56 1453 214 1519 Balbus
235 1449 354 1516 iudex
376 1495 509 1512 .....
533 1468 606 1515 nou
628 1450 762 1533 possit
784 1450 909 1516 aliter
930 1450 1128 1525 iudicare3

56 1555 313 1649 siiudioium
342 1554 398 1621 sit
428 1555 645 1621 eiusmodi:
676 1554 711 1619 L.
734 1557 928 1623 Octavius
951 1599 1118 1618 ······
1122 1600 1130 1627 ,

56 1683 137 1729 non
174 1679 339 1732 necesse
378 1663 458 1728 erit
489 1663 562 1728 cet
607 1662 745 1745 Apparet
766 1667 886 1729 servato
909 1664 940 1727 in
970 1661 1129 1746 geminata

55 1768 212 1851 particula
240 1770 274 1834 si
304 1769 411 1834 eodem
441 1768 527 1834 verbi
555 1766 647 1833 modo
677 1768 873 1833 scribendum
895 1787 978 1834 essa:
1011 1768 1044 1832 si
1066 1767 1130 1831 iu-

58 1874 213 1941 dicium
244 1876 277 1941 st
309 1874 523 1952 eiusmodi;
556 1873 694 1958 alioquin
726 1874 830 1939 Cicero
863 1873 1055 1956 scripsisset:
1088 1878 1131 1936 ut

55 1982 259 2047 iudicium
295 1980 352 2046 sit
387 1979 594 2046 eiusmodi.
659 1977 747 2044 Idem
784 1979 930 2045 mendum
966 1978 1127 2061 permultis

56 2088 139 2154 locis
161 2085 329 2163 eorrexi.*)

161 2225 1130 2310 Ibid.lll,65(deApronio):ut,quicumviverenemo

56 2352 245 2418 umquam
273 2333 354 2399 nisi
381 2333 516 2414 turpis
544 2331 805 2416 impurusque
834 2331 1055 2409 voluisset,
1083 2330 1130 2396 ad

56 2442 149 2508 aius
178 2439 408 2507 convivium
436 2436 742 2521 spectatissimi
771 2439 892 2523 atque
921 2437 1131 2504 honestis·

56 2546 157 2613 simi
180 2546 256 2611 viri
278 2546 527 2610 tenerentur.
577 2543 630 2609 Sic
659 2544 804 2610 Halmius
826 2564 843 2610 e
865 2546 969 2610 codice
991 2544 1066 2629 Lag.
1088 2544 1129 2607 42

57 2656 95 2721 et
124 2678 148 2738 φ
178 2651 383 2733 (Fabricium)
411 2650 537 2734 scripsit
568 2667 623 2731 pro
657 2667 703 2728 eo,
726 2651 807 2734 qnod
836 2654 928 2716 antea
957 2670 993 2715 ex
1021 2650 1131 2716 ceteris

56 2759 226 2826 edebatur:
260 2772 425 2836 quocum
447 2756 551 2823 inira
579 2755 809 2821 convivium
830 2775 950 2822 nemo.
995 2757 1133 2841 Apparet

56 2884 130 2930 earn
154 2863 226 2929 vitae
249 2862 436 2946 quotidianae
465 2861 719 2940 coniunctionem,
742 2880 809 2943 qua
834 2862 1031 2946 significetur,
1060 2882 1131 2929 eum

55 2973 165 3038 vivere
188 2988 259 3034 cum
285 2967 385 3052 aliquo
414 2967 562 3044 dicamur,
592 2966 643 3031 hio
672 2985 690 3031 a
717 2966 860 3033 Cicerone
883 2968 1050 3053 significari
1072 2988 1132 3034 non

55 3076 212 3162 potuisse,
236 3075 290 3141 sed
312 3094 384 3141 oum
405 3075 504 3157 ipsius
526 3070 657 3166 convivii
678 3073 825 3139 societate
851 3074 1020 3159 comparari
1042 3074 1131 3158 longe

56 3182 259 3250 humiliorem
292 3198 396 3245 eorum
429 3179 652 3256 condicionem,
688 3179 741 3264 qui
777 3180 977 3264 spectatores
1000 3180 1129 3248 convivii

118 3509 148 3575 *l
166 3506 235 3560 Ibid.
256 3506 290 3561 54
309 3506 400 3561 omnia
417 3514 492 3561 recte
511 3506 540 3561 in
557 3505 663 3561 Baiteri
682 3515 710 3563 et
727 3506 843 3577 Kayseri
869 3508 993 3578 exemplo
1009 3509 1051 3564 ita
1069 3511 1135 3566 scri-

167 3599 269 3653 buntur
296 3606 327 3652 ut
352 3598 382 3652 in
410 3599 521 3669 optimis
550 3599 689 3655 codicibus
716 3600 812 3669 (Lagg.
831 3601 865 3654 29
884 3607 912 3654 et
930 3600 976 3667 42)
1004 3618 1020 3657 a
1046 3604 1136 3672 prima

168 3708 251 3746 manu
270 3698 298 3746 et
316 3690 344 3744 in
363 3690 433 3759 aliis,
449 3692 501 3746 nisi
515 3691 588 3760 quod
601 3692 720 3747 editores
732 3693 823 3748 mendi
835 3700 927 3747 notam
940 3702 1136 3764 apposuerunt.

168 3784 263 3838 Cicero
291 3783 428 3851 significat
445 3785 569 3852 Verrem,
596 3792 706 3841 cautum
732 3786 877 3854 hominem,
904 3801 938 3841 ne
964 3787 1016 3842 sibi
1040 3788 1137 3856 praeda

169 3876 261 3944 aliquo
289 3892 355 3932 casu
382 3893 397 3932 e
424 3894 506 3932 manu
534 3878 698 3946 elaberetur,
718 3880 811 3934 statim
836 3895 954 3947 curasse,
981 3887 1013 3933 ut
1030 3879 1136 3947 aliquid

167 3983 291 4039 praesens
310 3976 337 4024 et
356 3976 527 4037 numeratum
541 3970 665 4026 baberet.
707 3970 793 4041 §176
811 3978 885 4027 recte
907 3973 1050 4028 Ernestius
1067 3973 1137 4027 vidit

170 4061 344 4117 scribendum
360 4077 435 4117 esee:
463 4068 590 4118 tantum
617 4064 696 4118 mihi
722 4065 805 4120 licet
831 4066 953 4134 dicere,
978 4072 1134 4132 quantum

119 4214 122 4219 ¹
141 4188 143 4192 -
169 4151 268 4224 possim
281 4156 342 4223 (pro
354 4157 508 4223 possum),
527 4162 655 4210 tantum
668 4156 772 4211 iudici
786 4158 963 4227 suspicari,
977 4167 1133 4226 quantum

167 4246 264 4316 velit,
284 4253 391 4302 servato
410 4248 438 4301 in
457 4248 584 4303 membris
603 4248 674 4304 inter
692 4265 722 4304 se
740 4250 835 4305 relatis
848 4251 944 4305 eodem
956 4251 1032 4306 uerbi
1044 4254 1134 4310 modo.

89 4371 91 4373 ·
167 4340 200 4394 ln
224 4340 239 4409 5
264 4340 314 4396 180
338 4339 564 4409 quemadmodum
589 4340 677 4395 oratio
703 4340 895 4410 distinguenda
921 4350 1002 4411 esset,
1027 4345 1081 4399 dixi
1104 4347 1134 4401 in

167 4433 221 4502 Ep.
245 4433 280 4488 ad
303 4433 385 4489 Orell.
408 4450 435 4503 p.
460 4434 503 4501 90,
531 4431 566 4488 ad
593 4449 674 4501 quam
701 4432 913 4489 admonitionem
942 4436 965 4492 si
993 4435 1133 4508 Kayserus

168 4525 339 4594 attendisset,
357 4526 465 4581 manem
484 4525 666 4595 suspicionem
684 4526 827 4582 omisisset

901 4627 932 4688 81
