2656 5056
331 710 337 727 “
454 697 612 755 Columella.
964 697 1024 758 519

107 899 180 965 lbd.
215 916 280 980 cap.
315 895 343 972 2,
377 896 412 959 5:
469 894 546 959 Nee
588 894 721 958 absint
753 912 891 977 greges
919 913 1068 976 armeu-

49 1025 130 1071 rum
187 1005 486 1084 oeterorumque
535 999 821 1083 quadrupedum
874 1001 982 1065 eulta
1032 1002 1068 1064 et
1120 1066 1125 1074 ,

47 1112 162 1175 ‚meta
183 1109 437 1193 pascentium.
474 1106 565 1171 tlnlta
587 1105 709 1188 depasci
738 1105 866 1173 minime
899 1106 1067 1172 Columella

47 1216 81 1292 lt,
103 1215 158 1279 sed
181 1234 247 1297 quae
270 1214 329 1279 noli
351 1213 514 1296 nequeant,
543 1215 578 1276 ut
600 1229 635 1276 ea
660 1230 778 1294 quoqne
800 1213 968 1279 utilitatem
990 1234 1069 1297 prae·

47 1323 108 1386 ant.
169 1320 358 1403 scripserat:
393 1317 542 1381 inculta
575 1319 613 1382 et
641 1316 808 1382 dumeta.
874 1317 996 1382 Excidit
1031 1319 1068 1382 in

47 1430 136 1492 stne.

106 1531 305 1612 lbd.3,10:
338 1531 410 1596 illa
443 1531 605 1612 septena
642 1529 780 1613 iugera
897 1529 1067 1594 maiores

47 1640 176 1701 raestus
210 1636 386 1718 antiquis
423 1635 627 1709 rettulere,
673 1652 782 1716 quam
826 1653 921 1699 nuno
962 1634 1068 1698 nobis

53 1742 180 1806 aebeat
219 1741 464 1823 amplissima
504 1726 696 1806 vetereto}
752 1739 876 1804 Tanta
918 1740 1068 1823 quidem

47 1849 149 1912 rrius
182 1847 454 1911 Dentatus...
488 1863 674 1930 prospero
706 1845 822 1909 ductu
855 1850 964 1928 parta
987 1846 1068 1909 vie-

51 1954 127 2030 ria‚
274 1950 475 2018 deferente
525 1953 662 2036 populo
707 1950 862 2032 praemii
917 1953 1068 2016 nomine

47 2057 300 2142 linquaginta
351 2058 428 2123 soli
471 2057 621 2142 iugera,
671 2073 786 2137 supra
830 2056 1068 2121 consularem

46 2158 362 2244 inmphalemquo
384 2161 580 2228 fortunam
603 2161 759 2246 putarit
791 2179 875 2225 asse
897 2161 969 2242 (hoe
989 2182 1069 2244 pra·

47 2284 119 2340 um3
141 2267 273 2349 pessime
296 2267 514 2333 Schneidorus:
539 2267 697 2352 putavit
723 2266 825 2332 satis
849 2285 943 2344 esse,
966 2267 1068 2334 Goosii

47 2371 218 2438 otoritatem
240 2374 390 2438 incertam
412 2375 557 2456 secutus).
590 2371 692 2438 Codex
715 2371 872 2456 Saugerm.
902 2374 1068 2440 Tantam

47 2475 168 2542 idem.
211 2477 427 2544 Seribendum:
576 2481 762 2546 veterata.
807 2477 864 2540 Μ’.
909 2480 1070 2562 quidem

47 2581 148 2648 rrius
170 2584 365 2649 Dentatus
387 2587 445 2650 eet.
498 2584 542 2648 Er
573 2587 611 2649 ta
634 2583 830 2666 praeoedentis
853 2585 936 2650 noeis
958 2585 1069 2651 ultima

47 2688 126 2752 llaba
147 2690 178 2753 et
198 2689 384 2772 praenomine
406 2692 505 2755 ortum
527 2692 576 2756 est
596 2692 759 2755 tantam.

107 2793 222 2873 lbd.4‚
256 2795 291 2859 4:
337 2795 425 2859 Haeo
458 2799 582 2861 autem
613 2814 908 2878 consequemur,
945 2796 976 2860 si

47 2898 87 2962 ti
204 2900 493 2967 crediderimus
529 2901 677 2965 dicenti
715 2905 1069 2978 ...,neceoutenti

49 3021 134 3066 men
169 3006 409 3072 auctoritate
442 3006 504 3070 rel
525 3008 692 3088 priorum
725 3008 788 3071 vel
823 3008 1068 3090 presentium

52 3108 227 3174 lenonum
288 3114 424 3177 nostra
477 3102 847 3195 praetermiserimus
897 3115 1069 3196 exempla

47 3233 177 3297 »raquo
199 3219 486 3284 tentaverimus
512 3218 787 3300 experimenta.
832 3218 890 3282 Pro
912 3224 1070 3302 praeter-

46 3321 232 3389 iserimus
280 3324 371 3408 Sang.
406 3323 710 3407 promiserimus,
754 3341 789 3388 ex
822 3342 881 3406 quo
917 3325 968 3391 fit:
1004 3346 1070 3391 neo

52 3428 179 3492 utenti
202 3431 330 3495 tamon
353 3429 424 3506 (hoe
446 3431 507 3495 est:
536 3434 569 3496 et
588 3433 702 3506 tamen,
731 3447 789 3493 non
812 3431 959 3505 contenti)
983 3449 1071 3496 auo·

53 3530 176 3598 ritate
224 3583 313 3613 ...,
363 3538 498 3601 nostra
541 3536 844 3620 prompserimus
894 3538 1071 3620 exemplu

47 3655 179 3720 iraque
202 3641 349 3705 teutav.
373 3659 448 3724 exp.

109 3744 214 3818 (Del,
236 3744 424 3822 4‚8etll,
449 3745 497 3822 10,
520 3747 559 3807 27
583 3746 642 3811 diri
665 3747 812 3828 vollp.
835 3746 876 3809 90
898 3748 942 3830 u.)
1154 3833 1164 3842 ι

110 3845 179 3914 Ibd.
204 3851 233 3927 5,
267 3851 301 3915 6:
339 3852 417 3916 tum
449 3853 567 3918 etiam
603 3853 775 3917 nantium
807 3854 1071 3936 serpentium-

47 3973 79 4018 re
108 3958 253 4036 pestes,
290 3957 454 4023 hiberna
484 3957 678 4024 destituta
710 3959 873 4043 uligine,
904 3977 1004 4023 eoeno
1035 3962 1073 4024 et

52 4064 251 4127 rmentata
274 4063 444 4129 colluvie
477 4082 563 4128 vere
591 4066 708 4129 natas
730 4064 900 4140 omittit,
925 4082 965 4137 er
987 4065 1072 4147 qui-

47 4186 76 4233 ιε
105 4187 203 4251 saepo
233 4171 523 4235 contrahuntur
550 4170 642 4236 oaeei
668 4168 797 4233 morbi.
849 4170 924 4234 Haeo
952 4171 984 4233 ot
1005 4188 1073 4234 rer·

48 4293 118 4339 rum
141 4275 213 4341 ordo
243 4278 275 4340 et
302 4277 454 4342 sannatia
477 4277 557 4342 male
584 4277 696 4341 habere
723 4273 857 4339 ostendit
890 4277 922 4339 et
954 4277 1073 4342 ueteres

48 4383 172 4459 itiones,
206 4400 224 4446 a
257 4382 367 4463 quibus
392 4380 783 4465 eoderSangermauensis
815 4381 845 4446 in
869 4399 930 4446 una
951 4385 1073 4447 tantum

47 4507 79 4553 ne
109 4486 292 4570 (nantium
323 4507 377 4570 pro
413 4486 639 4569 nutricium)
669 4484 831 4551 dissentire
854 4486 984 4552 videtur.
1030 4486 1074 4549 Er
