2656 5056
475 639 563 746 Taciti
580 690 706 748 Annales.
1024 692 1085 755 555

65 890 125 975 gii
148 888 345 973 regimen:
367 906 575 970 possumus
597 880 777 958 seniores
809 891 929 968 amici
951 893 1125 976 quietem

62 1013 284 1078 reposcere.
345 994 551 1062 Vehementer
584 997 712 1063 offendit
743 998 788 1064 sic
819 998 900 1064 nude
934 998 1052 1064 dictum
1087 999 1125 1065 de

63 1101 227 1187 principaii
248 1101 314 1166 loco
346 1103 377 1167 et
408 1103 629 1186 gubernatione
650 1096 781 1189 'sootiqiz'
800 1109 950 1188 regimem
983 1124 1039 1170 nee
1072 1108 1126 1171 aut

62 1214 162 1272 odeum
182 1207 316 1291 regimen
349 1210 402 1272 aut
433 1218 565 1292 superest
585 1213 683 1272 visum
705 1211 838 1294 regimen
859 1210 1018 1276 tolerabile
1040 1211 1124 1277 vide·

61 1317 124 1379 tur.
172 1313 208 1377 In
230 1312 328 1378 altera
348 1314 433 1395 pravi
466 1314 618 1398 participii
647 1318 765 1401 syllaba
785 1317 872 1392 latet,
895 1315 974 1400 quod
997 1317 1124 1400 requiri·

61 1424 129 1485 tur:
165 1418 300 1482 summi
330 1420 488 1504 fastigii
518 1423 711 1506 regimem
743 1423 825 1506 prior
846 1442 881 1487 er
903 1422 952 1487 bis
972 1424 1055 1486 orta:
1086 1424 1138 1496 et,

62 1530 121 1593 tot
144 1544 214 1609 per
234 1543 356 1590 annos
377 1529 483 1588 costr·
504 1528 642 1591 summi
666 1528 687 1591 f.
711 1549 787 1613 rog.
843 1530 887 1594 Er
908 1528 1004 1594 semel
1026 1529 1124 1613 scrip·

61 1636 101 1699 tis
125 1630 238 1707 littoris
260 1648 331 1695 nos
352 1630 525 1708 (annosti
557 1635 711 1712 summi)
739 1634 860 1700 initium
892 1634 993 1699 mendi
1016 1637 1122 1700 natum

61 1742 119 1806 est
156 1737 313 1822 [Summi
334 1737 397 1802 iam
411 1736 591 1823 Wurmius]
622 1737 623 1740 ’

161 1843 227 1908 Ibd.
260 1842 300 1906 58
323 1844 365 1920 (in
389 1844 541 1910 mandatis
562 1845 597 1909 L.
621 1845 749 1910 Antistii
770 1844 809 1909 ad
831 1845 1006 1910 Rubellium
1031 1847 1123 1912 Plau·

61 1955 139 2027 tum,
162 1953 197 2014 nt
218 1949 347 2014 Neronis
380 1949 592 2016 crudelitatem
622 1950 716 2015 armis
748 1950 902 2034 capiendis
923 1952 1120 2034 praevenisti:

61 2057 257 2140 effugeret
290 2075 445 2139 segnem
469 2059 644 2132 mortem;
681 2057 804 2122 otium
828 2056 1046 2137 suffugium
1083 2060 1120 2122 et

60 2162 189 2246 magni
221 2162 390 2227 nominis
412 2161 670 2227 miseratione
703 2166 948 2247 reperturum
982 2165 1118 2243 bonos,

59 2268 382 2333 consociaturum
425 2267 599 2333 audaces.
665 2268 756 2332 Varie
798 2271 936 2334 tentatur
978 2271 1121 2347 otium,

59 2373 163 2439 mendi
185 2372 399 2449 manifestum
422 2372 498 2437 mihi
520 2373 775 2438 verisimillimum
800 2373 933 2439 videtur:
958 2377 997 2436 ic
1019 2386 1122 2439 motu

60 2479 299 2561 suffugium
337 2484 373 2545 et
415 2479 636 2575 magnicat.
703 2479 878 2546 Contrarias
911 2481 997 2564 segni
1030 2484 1121 2548 morti

60 2587 293 2652 commendatur
328 2588 446 2662 motus;
484 2585 616 2661 additur,
649 2585 721 2670 quid
758 2586 790 2650 in
826 2605 861 2651 eo
897 2605 983 2668 spem
1018 2586 1119 2652 faciet.

58 2692 119 2757 Sed
169 2692 260 2775 paulo
320 2696 390 2758 ante
439 2692 519 2776 'quod
573 2712 652 2758 nunc
703 2693 819 2757 editur:
882 2691 987 2757 Vana
1039 2693 1118 2757 baeo

58 2818 162 2864 more
188 2799 303 2874 ,sams
347 2798 591 2864 credentium
633 2799 712 2864 otio
749 2799 1017 2883 augebantur,
1061 2799 1119 2864 etsi

57 2906 148 2971 otiosi
193 2904 307 2970 famam
356 2904 550 2969 circumferre
607 2905 724 2980 solent.
780 2908 883 2969 tanuen
930 2903 1118 2970 credentium

57 3012 118 3077 otio
155 3012 259 3095 augeri
297 3031 334 3077 ea
365 3011 413 3077 vir
450 3012 533 3075 recta
567 3011 692 3090 dicitnr,
734 3014 865 3095 putoque
897 3031 966 3077 cum
1000 3010 1119 3077 Grono-

57 3118 104 3182 vio
126 3118 222 3183 inisse
244 3119 329 3182 odio
351 3117 519 3198 (Neronis).

88 3304 90 3307 .
159 3225 226 3290 Ibd.
259 3225 314 3289 60:
359 3223 451 3289 Inde
494 3224 628 3289 crebri
664 3227 829 3308 questus
864 3243 933 3289 neo
965 3224 1118 3289 occulti

57 3351 121 3415 per
146 3330 325 3415 vulgum,
359 3331 421 3396 cni
454 3329 576 3396 minor
609 3332 808 3415 sapientia
842 3350 881 3395 ex
909 3328 1118 3397 mediocri-

56 3442 138 3504 tate
161 3438 325 3503 fortunas
347 3437 534 3520 pauciora
555 3438 732 3520 pericula
754 3441 856 3503 sunt.
901 3436 970 3501 His
992 3457 1118 3521 quam-

56 3564 169 3628 quarn
192 3543 295 3609 Nero
330 3543 566 3626 poenitentia
593 3543 751 3628 flagitii
774 3545 981 3627 coniugem
1004 3562 1119 3608 revo-

56 3651 168 3716 cavit
199 3648 415 3714 Ootaviam.
473 3648 542 3714 Non
576 3654 767 3726 revocatam,
807 3648 860 3713 sed
893 3649 1012 3713 inanem
1048 3669 1123 3714 eum.

55 3775 210 3822 rumorem
248 3755 368 3843 fuisse„
393 3755 468 3820 satis
500 3774 535 3819 er
567 3755 622 3834 iis,
657 3776 723 3840 quae
759 3755 946 3838 sequuntur,
982 3760 1117 3839 apparot.

54 3864 167 3946 Itaque
204 3864 311 3944 sponte
341 3862 542 3945 scripseram:
578 3881 647 3928 nec
674 3861 823 3927 occulti
851 3879 917 3943 per
946 3862 1118 3946 vulgum,

54 3969 122 4034 cni
167 3969 286 4034 minor
328 3969 529 4051 sapientia
573 3971 611 4033 et
659 3988 701 4033 er
743 3968 803 4044 (sio
847 3968 976 4040 Putaui,
1011 3968 1115 4032 Halm.

54 4076 262 4159 sapientia
302 4078 351 4156 et)
396 4074 684 4141 mediocritate
726 4075 895 4139 fortunae
932 4072 1119 4155 pauciora

53 4181 248 4265 pericula,
275 4204 464 4257 carneres,
488 4191 668 4265 tanquam
700 4180 798 4244 Nero
832 4197 920 4261 poen.
951 4169 990 4244 fl.
1024 4198 1118 4244 con·

52 4289 187 4371 iugem
209 4289 407 4354 revocarit
428 4287 647 4354 Octaviam.
712 4287 818 4350 Exim
848 4286 931 4350 laeti
953 4285 1118 4369 Capito·

15 4423 20 4432 ·
53 4395 152 4459 lium
174 4393 371 4459 scandunt
391 4396 449 4459 oet.
495 4394 606 4459 Postea
636 4396 826 4476 tanquam
850 4392 912 4456 iam
934 4392 1116 4459 Rhenanum

56 4500 238 4583 precepisse
270 4500 342 4574 vidi,
374 4502 557 4584 tauquam
660 4499 857 4565 revocarit
886 4498 1119 4583 Nipperdeium,
