2656 5056
421 692 451 747 L.
471 691 576 746 Seneca
593 691 730 761 Epistula.
1009 693 1071 756 495

18 889 110 953 aevi
135 888 339 970 sapientia
361 893 479 954 notes.
520 889 628 973 Neque
650 889 774 954 verbum
797 891 935 972 (perfecti
965 890 1128 974 temperis

20 999 66 1058 et
90 1012 154 1075 per
177 1013 212 1059 se
235 995 386 1078 positum)
417 996 525 1061 abesse
554 1000 658 1077 potest
684 1013 783 1078 neque
813 997 884 1061 aevi
913 998 993 1062 ferri·
1007 1001 1061 1062 aut
1080 999 1113 1063 iu

23 1099 198 1164 orationis
240 1103 370 1164 turmum
411 1101 525 1166 includi
577 1112 661 1180 inam
707 1101 791 1166 aliud
831 1104 880 1166 est
921 1104 990 1167 aevi
1033 1105 1111 1179 sni).

23 1205 220 1287 Scripserut
233 1203 363 1270 Seneca:
385 1208 489 1272 inter
510 1210 656 1288 septem
666 1207 752 1290 fuit
772 1208 972 1290 sapientia
992 1213 1114 1275 uetus.

22 1312 81 1376 Ex
109 1309 214 1375 FUIT
235 1310 351 1376 mutum
373 1314 422 1376 est
442 1311 549 1386 RUIT,
572 1312 682 1376 deinde
704 1313 785 1376 aevi.
829 1312 909 1377 Tum
931 1315 949 1396 ἕ
975 1316 1011 1375 17
1035 1316 1110 1392 (15),
1172 1384 1174 1389 ,

27 1418 93 1482 ubi
119 1416 240 1481 Seneca
261 1415 350 1480 facile
384 1419 416 1480 et
436 1417 504 1482 siue
525 1419 592 1482 arte
613 1418 715 1500 parari
736 1417 901 1501 haberique
923 1419 1012 1497 dicit,
1044 1439 1114 1503 quae

29 1523 77 1586 ad
104 1521 244 1586 ualerem
276 1522 432 1606 frigusque
456 1521 616 1588 vitandum
654 1524 826 1587 neccssaria
846 1525 917 1599 sint,
952 1525 1111 1590 scribitur:

32 1628 148 1708 Quid
186 1630 301 1711 ergo?
333 1645 407 1690 nou
446 1630 623 1692 vetustus
657 1629 782 1694 multa
814 1629 973 1694 abdidit
1007 1630 1110 1703 lece,

32 1753 127 1818 quae
157 1781 164 1794 .
193 1782 200 1797 .
230 1782 237 1794 .
265 1735 302 1798 iu
326 1751 479 1816 specum
503 1736 782 1798 recesserunt?
825 1734 857 1799 Si
880 1735 1050 1801 abdidisset
1071 1754 1109 1800 ea

32 1841 175 1914 natura,
213 1830 290 1901 nihil
312 1838 454 1903 homiues
477 1839 626 1905 iuvarent.
678 1839 880 1905 Scribendum
914 1844 962 1906 est
995 1843 1109 1904 dedit.

35 1944 139 2008 Error
159 1962 199 2007 ex
220 1944 377 2026 geminate
398 1966 418 2004 a
442 1947 612 2009 uetus-est.
656 1947 677 2025 ξ
712 1944 750 2007 18
772 1932 837 2024 (17)
869 1947 1003 2029 primum
1036 1949 1111 2012 scri·

35 2049 184 2115 bendum
218 2051 281 2113 est:
325 2050 447 2114 'recta
487 2053 787 2133 tegumentaque
933 2055 969 2115 et
1011 2052 1111 2128 cibi,

36 2175 126 2239 qnae
149 2154 254 2237 (vulgo
286 2158 323 2219 et
354 2161 446 2237 qua)
479 2173 577 2247 nuuc
609 2155 743 2239 ingens
780 2157 982 2241 negotium
1005 2158 1110 2224 factu

35 2263 149 2335 sunt,
183 2261 295 2325 obvia
326 2268 436 2326 erant
468 2260 506 2324 et
526 2262 718 2344 gratuite,
755 2265 823 2338 cet,
857 2263 966 2329 deinde
987 2265 1018 2328 in
1041 2284 1111 2347 pre·

37 2369 135 2440 nimo,
170 2365 223 2430 ubi
243 2367 275 2430 in
309 2366 410 2431 codice
437 2367 553 2448 optime
575 2366 626 2442 (B)
647 2367 804 2431 scribitur:
838 2369 974 2435 modus
1007 2372 1109 2434 enim

37 2471 218 2538 omnium
255 2475 368 2553 prout
402 2473 628 2537 necessitas
661 2476 759 2546 erat,
795 2492 854 2538 uon
878 2474 1050 2540 uddendum
1074 2495 1110 2540 er

38 2578 160 2644 ceteris
181 2579 230 2649 est
262 2576 492 2661 postulabat
526 2582 654 2660 (prout
688 2579 781 2661 post.
812 2585 903 2657 nec),
929 2581 984 2646 sed
1006 2581 1110 2645 detra-

37 2684 181 2749 bendum
206 2683 511 2766 interpretamentum
534 2688 660 2766 prout,
683 2687 718 2748 ut
738 2685 943 2767 relinquatur:
976 2685 1111 2750 modus

38 2791 143 2854 enim
176 2789 341 2853 omnium
374 2790 600 2854 necessitas
637 2793 728 2855 erat.
786 2790 817 2872 (ξ
848 2789 888 2851 26
921 2790 990 2874 [27]
1020 2790 1112 2855 huius

38 2895 184 2978 epistolae
218 2895 264 2959 bis
286 2895 449 2960 emendavi
479 2895 538 2959 vol.
562 2894 576 2958 l
598 2914 628 2976 p.
651 2894 691 2958 82
714 2897 746 2959 et
767 2895 831 2972 59.)
875 2894 993 2960 Deinde
1015 2896 1032 2977 ἕ
1059 2894 1111 2967 28,

41 3003 96 3068 nbi
122 3000 246 3065 cedices
267 3001 376 3082 optimi
399 3001 439 3077 (B
462 3003 494 3066 et
517 3004 557 3073 Α)
578 3000 706 3064 habent:
729 3001 818 3083 quid
841 3001 878 3064 in
899 3000 1108 3066 secundam

40 3109 241 3171 numinum
285 3106 442 3172 formum
486 3107 620 3171 animae
663 3107 889 3188 perpetitae„
934 3105 1107 3171 iaciendum

38 3214 104 3276 est:
139 3210 237 3294 quid
260 3211 297 3275 in
319 3212 533 3278 secundam
565 3213 759 3276 numinum
793 3213 954 3278 formam
976 3199 1110 3277 animae

40 3325 216 3401 recepte.
259 3318 357 3382 Valde
377 3318 455 3382 latet
476 3321 600 3382 externa
621 3317 722 3400 specie
745 3317 931 3394 obvelatum,
953 3319 1109 3382 sententia

39 3423 245 3488 manifestum
277 3428 325 3488 est
357 3424 503 3488 mendum
535 3425 567 3488 in
600 3423 682 3509 §31
713 3420 796 3501 ωε
832 3423 920 3487 Haec
951 3424 1110 3487 inventu

39 3531 153 3605 sunt,
189 3531 647 3612 postquamfsapientem
684 3529 863 3593 invenire
895 3527 1109 3594 desivimus

39 3637 78 3713 (B
103 3634 297 3711 desimus).
348 3634 474 3714 Quando
496 3636 593 3719 igitur
614 3635 754 3700 homines
776 3635 947 3716 sapientem
969 3634 1109 3701 invenie·

39 3743 140 3807 bunt?
162 3742 196 3804 et
223 3741 344 3822 quande
367 3741 544 3806 desierunt?
597 3740 667 3805 Non
700 3740 737 3803 de
759 3740 908 3834 sapientis
930 3740 1109 3806 inventione

39 3849 70 3911 in
95 3846 304 3929 superioribus
325 3846 441 3910 dictum
464 3850 525 3922 est,
560 3845 615 3911 sed
637 3847 676 3910 de
697 3846 827 3910 alierum
857 3863 958 3909 rerum
980 3847 1109 3928 abipso

39 3954 228 4018 inventione.
288 3951 470 4018 Posidonius
508 3948 589 4018 enim
626 3952 700 4016 olim
743 3951 899 4034 sapientes
933 3951 1030 4015 multa
1068 3951 1107 4015 ad

40 4061 111 4124 nites
152 4077 242 4123 usum
281 4059 451 4141 repperisse
486 4058 620 4134 dixerat,
648 4059 762 4141 >postea
789 4076 823 4122 se
851 4057 890 4121 ab
912 4057 1029 4121 artibus
1052 4058 1107 4122 ub·

42 4164 164 4230 duxisse
198 4163 232 4249 (§
254 4163 294 4226 29
316 4163 408 4248 [30]t.
471 4164 578 4247 Itaque
600 4164 760 4230 sententiae
789 4162 984 4245 aptissimum
1007 4167 1104 4228 esset:

42 4275 255 4353 postquam,
288 4270 446 4353 sapiens
488 4271 666 4335 invenire
689 4270 822 4345 desiit;
866 4269 938 4334 sed.
962 4255 1133 4351 queniam'

41 4374 97 4440 hoc
142 4375 282 4440 ecdicum
325 4376 457 4458 vestigia
490 4376 673 4449 excludunt,
706 4375 799 4441 scribi
834 4375 956 4441 videtur
978 4376 1105 4442 debere:
