2678 5016
525 630 646 689 Ovinius.
1034 633 1073 695 77

152 833 223 897 Non
254 837 341 918 optat
366 834 474 912 Ionon,
506 831 562 897 eod
592 849 663 896 oum
694 850 816 896 enmma
842 832 1064 899 asseveratione
1086 835 1118 899 et

55 940 128 1005 fidei
153 940 256 1023 speeie
276 939 441 1023 promittit.
499 940 607 1021 ltaque
638 936 706 1003 eG
734 936 828 1019 (opud
857 937 1011 1018 Inhninm)
1038 938 1118 1005 eori-

54 1046 191 1113 bendum
214 1050 263 1112 est
283 1057 428 1109 venarer.
482 1046 596 1112 Contra
617 1063 664 1126 ep.
686 1046 711 1119 I,
735 1044 774 1106 79
796 1045 946 1128 Penelope
967 1047 1060 1129 optat,
1084 1046 1119 1110 nt

56 1153 168 1218 falsum
192 1153 307 1217 erimen
330 1151 511 1235 reperiatur.
554 1150 619 1234 [Sio
640 1150 841 1234 Heusinger]
1082 1160 1086 1171 ¹

154 1257 431 1341 Ep.x111‚100:

207 1365 276 1431 Non
298 1368 356 1441 eet,
379 1382 438 1448 qno
458 1382 608 1447 properae,
632 1366 715 1428 terra
737 1367 864 1446 paterna
886 1363 952 1428 tibi.

57 1473 125 1537 Hoe
148 1472 320 1556 signifieat,
347 1471 553 1535 Protesilaum
585 1489 645 1534 non
675 1467 788 1533 habere
812 1470 926 1533 terram
948 1471 1119 1550 patemam‚

59 1598 116 1662 quo
137 1579 292 1662 properet.
338 1576 425 1657 Quod
446 1576 505 1641 diei
531 1576 630 1644 debet
653 1575 792 1639 honest:

209 1684 280 1748 Non
305 1686 363 1757 eet,
388 1700 447 1765 qno
463 1702 623 1765 properae,
648 1683 729 1746 terra
753 1682 883 1763 peteme
905 1680 971 1751 tini,

59 1792 91 1855 et
115 1791 176 1856 hoe
204 1790 329 1855 Iahnius
362 1808 378 1853 θ
407 1788 524 1854 dnobus
557 1786 712 1853 codicibus
735 1787 879 1863 annotat,
914 1789 1032 1851 reetnm
1055 1803 1120 1850 θεεθ

59 1916 117 1963 non
139 1896 283 1964 attendit.
337 1894 494 1978 [Attendit
514 1893 683 1977 momina]
715 1893 776 1960 Sed
798 1895 891 1960 etiam
922 1891 1013 1974 paulo
1039 1893 1121 1969 ante,

60 2025 87 2068 v.
110 2004 161 2079 72,
183 2002 357 2068 necessario
378 2000 583 2066 scribendum:

232 2108 275 2173 Τθ
300 2125 420 2191 qnoque
443 2127 500 2173 non
521 2107 619 2172 nllnm
641 2108 752 2173 vulnus
773 2107 905 2172 habente
928 2105 1022 2182 codor,

61 2231 121 2278 non
143 2215 245 2294 codor.
846 2227 847 2233 ¹

163 2320 230 2384 loo
253 2321 355 2399 (XIII)
382 2319 441 2382 110
462 2320 654 2385 scribendum
677 2325 740 2385 est:

198 2425 259 2489 cur
280 2426 375 2505 venit,
398 2423 446 2498 at,
470 2426 536 2508 (pro
558 2432 590 2503 a)
613 2426 714 2491 verbis
736 2425 839 2490 multa
856 2424 981 2507 querela
1000 2423 1072 2490 tuis.
1210 2460 1214 2470 ·

82 2559 84 2563 ⁴
166 2532 233 2596 lod.
256 2531 374 2609 (XIII),
405 2530 479 2594 121:
789 2558 791 2562 ·

131 2637 261 2719 Semper
288 2638 319 2702 in
342 2638 390 2702 his
415 2637 549 2716 (oeenlie)
571 2640 643 2721 apte
665 2638 822 2703 narrantia
846 2638 940 2702 verba
960 2636 1123 2711 resistunt3

197 2744 372 2826 Promptior
394 2744 443 2808 θεῖ
463 2743 545 2809 dulei
566 2744 674 2828 lingna
693 2744 805 2809 referre
827 2759 921 2808 mora.

63 2849 149 2915 Nihil
172 2851 224 2915 θεῖ
243 2850 348 2932 lingua
369 2867 457 2914 mora
477 2849 646 2932 promptior
665 2850 796 2923 referre,
817 2848 847 2913 h.
872 2867 908 2923 a,
931 2847 970 2912 ad
991 2846 1126 2911 referen-

67 2955 151 3032 dam,
175 2956 258 3040 qnod
283 2974 337 3037 pro
359 2976 488 3017 narrare
509 2974 568 3020 non
590 2956 712 3037 ponitur
732 2956 811 3038 apud
833 2955 926 3020 bonos
948 2951 1125 3035 scriptorem

64 3062 95 3126 in
120 3063 148 3127 P
171 3062 315 3128 eoribitnr
335 3063 440 3145 refero.
489 3061 586 3127 Soribi
608 3061 714 3127 debet:

468 3166 551 3232 dulei
572 3167 678 3251 lingna
697 3167 810 3251 referre
833 3186 927 3232 mora.

166 3270 295 3355 Referri
323 3291 378 3355 pro
414 3273 499 3359 refici
529 3272 677 3357 seriptum
712 3272 760 3339 aet
791 3271 823 3336 in
859 3269 963 3336 codiee
996 3270 1127 3338 Vindob.

67 3377 145 3443 livii
168 3377 263 3455 XLV,
285 3378 336 3454 28,
360 3378 410 3444 10.

168 3483 226 3566 Ep.
240 3483 326 3561 XIV,
350 3485 389 3546 14
411 3483 514 3550 Ovidii
534 3484 722 3550 consuetudo
738 3503 809 3550 oum
831 3482 981 3550 eermonie
996 3480 1128 3548 naturali

67 3588 169 3654 forma
189 3591 393 3668 consentiens,
414 3591 569 3673 postulare
590 3590 730 3657 videtur:

225 3695 294 3761 Non
316 3699 373 3775 est,
396 3716 489 3781 qnam
510 3697 596 3782 pigot
617 3716 695 3775 nese,
712 3697 770 3781 pia
792 3702 858 3779 (pro
884 3716 944 3758 θεεθ
962 3694 1070 3778 piam).

169 3802 236 3866 Ibd.
259 3802 368 3884 (XIV),
390 3803 445 3867 86:

169 3906 299 3973 Seilioet
319 3926 354 3974 er
378 3909 432 3975 illo
451 3909 582 3975 Iunonia
602 3910 769 3991 permanet.
781 3908 838 3990 ira,

234 4033 292 4097 quo
314 4015 368 4081 boe
391 4035 427 4081 ex
448 4015 570 4081 homine
593 4018 651 4091 θεῖ,
674 4034 710 4080 er
732 4015 807 4080 bove
827 4015 909 4080 faeta
930 4014 997 4080 dea.
1219 4082 1229 4105 ,

14 4187 15 4192 η
77 4113 139 4182 Non
152 4120 196 4184 eie
206 4120 359 4185 omittitur
371 4131 503 4206 tompore
514 4122 615 4205 (qao).
648 4119 862 4186 Scribendum:
874 4141 966 4204 qreom
976 4119 1030 4184 boe
1041 4116 1131 4195 eetd)

106 4365 125 4431 ι)
142 4366 271 4439 Reliquae
289 4371 428 4441 epistolae,
455 4373 520 4443 qnia
537 4370 571 4427 ab
592 4370 687 4426 Ovidio
712 4369 929 4426 abindioantibne
945 4369 1024 4442 plane
1042 4382 1132 4423 aenen-

18 4493 19 4496 =
148 4463 209 4525 tior,
240 4479 294 4518 non
324 4465 441 4536 attingo.
488 4462 632 4520 Annotabo
659 4467 759 4529 umen,
786 4464 941 4533 aeriptorem
967 4464 996 4518 in
1026 4461 1134 4518 Helena
1267 4451 1280 4470 ⁴
