2656 5056
237 262 296 327 m
595 258 876 329 mmmm

194 477 315 527 cause
336 464 421 536 (nem
444 456 511 522 sino
533 473 626 524 muse
647 475 686 522 an
709 475 782 523 oum
806 476 910 525 censa
933 460 1089 526 additum
1114 460 1167 526 hoc
1184 460 1258 534 liert

194 563 415 632 nihilomnino
438 563 478 628 ud
499 562 541 641 id,
566 563 604 627 de
627 581 687 646 quo
709 563 818 629 Cicero
842 565 979 644 scribit,
1013 565 1159 650 pertinet)
1179 570 1205 631 et
1219 565 1258 630 ita

196 671 347 737 lactum
370 670 441 734 est.
485 668 690 735 Scribendum
711 668 857 741 ridetur:
894 670 977 738 hoc
1000 671 1258 753 eutemdspo·

187 776 307 859 pulis
335 775 485 841 liberis
514 774 550 841 in
578 791 650 841 eam
672 792 804 842 causam
834 777 1041 843 additum
1073 780 1114 843 et
1138 775 1258 844 iciam

198 888 260 951 ost
280 884 418 960 (ossei)
441 901 460 947 u
480 881 516 947 P.
538 881 718 947 Servilio
740 882 848 950 lilio.

299 1022 434 1101 ibidll,
455 1022 483 1100 1,
500 1023 538 1085 5:
561 1022 630 1088 sed
653 1041 724 1107 ego
745 1023 862 1090 illam
888 1024 1078 1102 (Clodiam)
1101 1024 1166 1090 odi
1186 1023 1260 1089 nub

199 1128 471 1205 consulerem
503 1127 576 1214 [eu]
606 1129 668 1194 est
699 1129 802 1194 enim
832 1129 1074 1210 seditiosa,
1106 1133 1176 1211 [eo]
1201 1149 1258 1195 run

197 1232 284 1301 viro
317 1232 466 1300 bellum
500 1233 627 1320 gerit,
660 1252 785 1316 neque
813 1234 951 1300 solnm
989 1255 1083 1301 cum
1108 1232 1259 1307 Metello,

199 1338 268 1404 sed
306 1339 429 1404 etiam
468 1358 553 1405 cum
593 1339 732 1420 sabio,
772 1339 875 1423 quod
911 1360 986 1407 eos
1022 1340 1066 1407 in
1101 1343 1171 1408 boc
1199 1358 1262 1405 esse

61 1437 63 1440 ’
201 1444 370 1511 moleste
403 1445 492 1511 fert.
552 1444 697 1511 Extremo
728 1445 793 1511 bac
824 1445 857 1510 in
894 1447 929 1510 Μ
967 1448 1082 1530 prima
1117 1443 1261 1513 monerio

200 1553 390 1619 scribuntur:
423 1570 490 1618 eos
523 1569 611 1616 esse
643 1553 682 1617 in
709 1551 781 1617 hoc
802 1570 893 1617 esse
917 1554 1106 1619 moleste
1129 1552 1260 1628 ferte

199 1678 261 1743 quo
284 1658 432 1725 efficitur:
453 1655 556 1742 quod
578 1676 644 1723 eos
667 1676 753 1723 esse
775 1658 969 1724 innoeentes
992 1660 1177 1725 moleste
1196 1657 1262 1722 lert

201 1765 340 1831 Clodiam
369 1763 474 1830 Cicero
502 1762 581 1829 dicit
609 1761 771 1828 Metellum
799 1765 832 1828 et
859 1763 998 1830 Fabium
1030 1765 1140 1832 odisse
1170 1764 1260 1830 nullan

201 1873 294 1938 ubam
326 1872 364 1936 ob
397 1889 534 1948 censum,
567 1869 627 1934 nisi
657 1868 738 1952 quod
767 1886 786 1934 a
813 1869 915 1936 Clodii
938 1870 1127 1956 Clodiaeque
1150 1870 1260 1938 uitiiset

201 1977 365 2046 sceleribus
393 1978 583 2043 abhorreant.

302 2117 381 2184 lbid.
397 2118 427 2195 7,
444 2119 479 2182 l:
502 2116 718 2183 Orationes
739 2119 870 2182 cutem
893 2136 912 2182 e
935 2136 995 2183 me
1020 2118 1125 2184 duas
1146 2118 1261 2202 postu·

200 2225 278 2303 lus,
302 2241 467 2307 querum
490 2223 659 2288 alteram
682 2242 752 2290 non
775 2223 937 2289 libebat
962 2223 1070 2289 mihi
1093 2225 1261 2294 scribere

202 2332 268 2415 qui
289 2330 506 2410 ebusinam,
530 2330 719 2409 alteram,
741 2347 787 2394 ne
808 2328 1022 2396 laudarem
1048 2347 1261 2415 eum‚qncn

202 2456 276 2504 non
297 2438 485 2502 emabum.
529 2437 573 2501 Ex
594 2435 733 2520 vestigiis
751 2434 925 2501 litterumm
950 2437 1021 2501 erui
1047 2438 1186 2503 videtur:
1206 2433 1262 2520 qm

201 2543 339 2612 obscura
360 2543 444 2609 enat
498 2544 535 2608 In
569 2542 697 2608 minutis
728 2543 761 2607 et
790 2540 970 2606 difficilibus
1000 2545 1100 2609 rebus
1130 2543 1263 2609 versuum

201 2669 268 2716 esse
303 2650 473 2714 cretionem
504 2667 561 2714 nec
597 2648 691 2714 ullam
724 2647 874 2712 luminum
910 2650 1115 2716 ssessionem
1139 2648 1263 2714 hubuise
1304 2720 1305 2726 η

200 2756 405 2841 siguificat.*)
1304 2740 1305 2747 '

300 2894 380 2961 Ibid.
406 2894 454 2972 16,
482 2895 517 2959 4:
546 2893 586 2960 Si
618 2914 777 2978 possum
810 2892 1046 2973 discedere,
1086 2916 1133 2962 ue
1165 2911 1264 2963 ceusu
1310 2950 1311 2975 2

200 3002 354 3085 optima
384 3001 422 3066 in
444 3002 588 3066 senatu
609 3004 767 3083 pereat,
799 3017 870 3084 ego
903 3000 1178 3068 satisfaciam
1207 3019 1264 3084 pu·

199 3107 376 3175 blicanis
392 3109 450 3172 cet.
474 3107 528 3172 Ne
543 3126 596 3190 pro
618 3106 694 3186 ita,
712 3110 840 3174 utnon
857 3104 950 3189 (odae
966 3107 1065 3194 dass)
1083 3109 1147 3174 dici
1165 3106 1265 3191 nequit

199 3229 297 3296 neque
331 3211 544 3279 discedere
576 3218 682 3298 aptum
715 3216 771 3279 est.
825 3211 878 3277 Ne
908 3230 980 3279 cum
1013 3213 1264 3281 satisfaciam

198 3318 446 3403 coniungendum
468 3321 532 3398 θεῖς
567 3320 672 3386 Cicero
705 3319 788 3385 enim
818 3336 850 3383 se
880 3316 951 3382 ideo
984 3320 1168 3402 publicanis
1188 3319 1264 3386 setis·

198 3427 349 3491 iacturum
372 3425 457 3504 dicit,
478 3445 517 3491 ne
540 3426 658 3508 optima
686 3443 788 3504 causa,
815 3424 873 3489 boc
896 3425 954 3503 est,
980 3429 1143 3509 equestris
1166 3424 1266 3495 ordiois

197 3550 267 3596 cnm
289 3535 400 3596 senatu
421 3533 602 3611 coniunctio,
625 3532 658 3597 iu
674 3533 783 3598 senatu
797 3532 911 3614 pereat.
948 3531 1067 3615 Itaque
1083 3532 1263 3601 scribendum

197 3637 319 3720 opinor:
342 3635 381 3701 si
403 3655 563 3720 possum
587 3637 745 3717 decidere,
774 3638 830 3703 boc
851 3638 909 3716 est,
933 3641 1026 3722 quasi
1049 3659 1127 3706 cum
1149 3644 1262 3723 utraque

197 3745 282 3825 parte
302 3743 417 3827 pacisci
439 3744 506 3827 (eia
530 3742 742 3826 Oompromrss
760 3744 893 3828 finden).

249 3996 276 4061 *J
294 3997 336 4052 De
366 3999 443 4067 14‚2
471 3999 526 4054 dixi
554 3999 582 4054 in
610 4001 830 4070 ephemeridibus
855 3999 980 4068 Gallicis,
1000 4017 1066 4070 quae
1086 4002 1264 4059 inscribuntur

294 4109 364 4143 revue
383 4093 691 4164 deplilolopr'e1878p.
711 4094 770 4150 186.
797 4173 800 4179 Ι
