2580 5054
500 110 709 168 Demosthenes.
1057 106 1097 171 35

67 293 260 371 α’πόλιπεῑν
282 299 400 373 αότόν.
444 307 586 371 llrrorem
608 303 717 388 gennit
738 307 793 371 aut
806 305 917 372 litterae
933 333 954 392 η
970 307 1139 390 geminatio

68 413 129 476 eut
160 412 312 496 ignoratio
345 413 487 479 vocabuli
520 415 599 500 ἰθέῃ
628 413 766 478 absolute
795 433 849 496 pro
871 412 1015 479 adverbio
1036 413 1139 494 positi,

68 519 333 600 quemadmodum
372 518 447 584 alibi
476 514 540 603 τήν
579 522 681 583 ἰθέαν
721 521 754 583 et
790 525 824 585 ἐκ
846 521 907 604 τῆς
929 524 1037 604 ἰθέης.
1059 522 1140 603 apud

70 625 236 690 Platonem
259 619 381 710 εὐθείᾳ
404 628 590 710 περαίνειν.

514 1045 600 1128 Cap.
623 1045 695 1114 ΙΙΙ.

506 1198 716 1254 Demosthenes.

174 1385 396 1452 Demosthenis
418 1384 571 1450 orationes
592 1385 664 1450 inda
687 1387 725 1452 ab
748 1387 994 1454 duodevicesima
1023 1390 1140 1476 perlegi

69 1495 175 1559 denno
198 1512 225 1558 a.
266 1491 356 1570 1875,
384 1480 453 1556 enm
479 1491 660 1573 Leptinaam
685 1493 797 1559 scholis
824 1496 1020 1561 enarraturus
1046 1515 1139 1571 eram,

69 1617 150 1683 quas
180 1599 341 1664 oculorum
370 1596 474 1662 subilo
506 1596 721 1681 ingravescens
748 1600 901 1666 hebetudo
925 1603 1067 1670 omittere
1088 1624 1140 1669 me

67 1706 183 1790 coegit.
227 1704 263 1768 In
286 1723 322 1769 ea
344 1705 474 1768 leolione
496 1705 642 1770 nonnulla
663 1705 812 1771 annotavi
833 1708 866 1772 et
880 1710 1049 1790 emendavi,
1072 1730 1140 1793 quae
1219 1712 1222 1725 ⁴

67 1810 208 1878 editione
229 1829 290 1876 non
311 1809 441 1894 indigna
463 1814 545 1891 puto.

172 1985 389 2064 XV111‚135:
426 1978 564 2051 Οὐκοῦν
596 1981 653 2051 ὅτε
686 1984 811 2054 τούτου
838 1992 1022 2072 μέλλοντος
1050 1984 1141 2077 α’πή-

64 2097 175 2160 λασεν
197 2085 219 2177 ἡ
241 2088 351 2177 βονλή
375 2094 429 2158 καί
452 2097 657 2177 προσέταξεν
671 2098 782 2180 ἑτέρῳ,
801 2090 878 2160 τότε
895 2098 949 2162 καὶ
966 2094 1140 2183 προδότην

64 2201 159 2267 εἶναι
192 2201 246 2265 καί
280 2194 448 2265 κακόνουν
482 2194 567 2284 όμῑν
600 2193 786 2284 α’πέφηνεν.
854 2203 1038 2269 Mendosum
1073 2224 1140 2271 esse

64 2303 196 2374 τούτου
216 2308 403 2391 μέλλοντος
420 2325 475 2388 pro
491 2324 536 2381 eo,
559 2307 641 2389 quod
664 2305 725 2371 diei
747 2306 887 2386 debebat,
910 2310 1034 2374 τοῦτον
1056 2314 1140 2396 μίλ-

65 2421 175 2481 λοντα
198 2415 308 2500 λέγειν
330 2415 379 2479 vel
401 2413 506 2495 polius
528 2413 653 2478 τοῦτον
673 2416 842 2498 μέλλοντα
866 2408 1026 2480 σύνδικον
1045 2418 1140 2481 στέλ-

64 2528 208 2597 λεσθαι,
242 2522 385 2605 apparet;
419 2520 524 2602 itaque
547 2519 630 2584 varie
661 2521 694 2585 et
723 2519 840 2585 librarii
861 2519 1086 2603 interpolamnt
1107 2524 1140 2587 et

65 2628 223 2711 corrigere
262 2628 446 2694 recentiores
481 2628 651 2701 tentarunt,
687 2644 776 2692 nemo
812 2627 1025 2710 probabiliter.
1077 2627 1140 2692 Er-

63 2735 211 2802 eiderunt
231 2732 344 2800 litteras
366 2733 485 2817 aliquot
506 2735 631 2815 propter
657 2732 807 2799 similium
828 2735 982 2808 viciniam,
1008 2754 1078 2800 enm
1093 2735 1138 2800 sio

63 2843 218 2926 sorIptum
242 2840 367 2907 fuisset:
403 2834 542 2909 Οὐκοῦν
564 2836 621 2905 ὅτε
643 2842 719 2906 τοό
728 2866 804 2907 τον
818 2842 938 2926 <τοό
954 2836 1138 2927 δήμοα>

65 2942 246 3022 ἑλόντος
267 2941 445 3033 α’πήλασεν
466 2940 489 3033 ἦ
510 2941 621 3032 βουλή
645 2972 675 3013 κ.
697 2973 726 3013 τ.
750 2950 780 3013 λ.
1155 2933 1156 2938 ¹

158 3054 237 3121 Ibin
251 3054 326 3122 210:
344 3057 399 3121 καί
411 3048 700 3139 παραλαμβάνειν
710 3080 749 3141 ys
762 3050 834 3140 ἅμα
847 3056 889 3143 τῇ
900 3055 1070 3139 βακτηρία
1082 3057 1137 3120 καί

65 3165 114 3250 τῷ
138 3153 301 3251 συμβόλῳ
324 3160 361 3228 τό
379 3158 538 3248 φρόνημα
554 3159 592 3226 τό
608 3162 670 3246 τῆς
685 3155 815 3235 πόλεως
829 3161 983 3247 νομίζειν
997 3171 1139 3228 ἕκαστον

65 3265 167 3356 ὑμῶν
199 3270 261 3344 δεῖ,
294 3266 378 3336 ὅταν
409 3267 452 3335 τιί
482 3263 630 3355 δημόσια
657 3268 782 3354 εἰσίητε
810 3269 1020 3354 κρινοῦντες,
1042 3271 1138 3355 εἴπερ

66 3375 143 3455 ἄξια
176 3377 314 3442 ἐκείνων
344 3372 508 3461 πράττειν
537 3379 655 3441 οἴεσθε
677 3378 807 3461 χρῆναι.
861 3375 931 3441 Non
964 3376 1041 3441 satis
1073 3378 1141 3441 erat

67 3485 189 3551 iudices
221 3487 330 3565 putare
360 3503 392 3548 se
422 3482 560 3549 civitatis
590 3481 685 3548 animi
713 3481 960 3566 magnitudinem
981 3477 1031 3559 (τό
1056 3477 1139 3568 φρό-

68 3617 166 3679 νημα
188 3584 226 3657 τό
249 3591 312 3675 τῆς
333 3583 477 3667 πόλεως)
510 3589 674 3672 suscipere,
708 3587 764 3654 sed
795 3589 897 3672 ipsum
914 3589 1012 3655 liuns
1043 3588 1140 3655 animi

68 3698 211 3764 habitum
232 3714 341 3780 reapse
363 3697 515 3780 suscipere
537 3696 698 3762 debebant.
739 3696 848 3779 ltaque
862 3714 986 3777 prorsus
1002 3695 1140 3778 suspicor

70 3806 225 3892 νομίζειν
247 3805 330 3869 male
351 3823 445 3869 maun
466 3803 608 3869 additum
630 3821 697 3868 esse
721 3802 1021 3885 Demosthenemque
1043 3803 1139 3885 serip-

69 3915 148 3980 sisse
170 3913 306 3979 tautum:
341 3913 395 3978 καί
419 3903 710 4003 παραλαμβάνειν
731 3935 769 3997 με
802 3903 875 3994 ίίμα
899 3909 942 3999 τῇ
969 3909 1139 3997 βακτηρίᾳ

902 4050 938 4105 3*
