2662 5062
230 291 292 357 388
423 352 425 355 ,
586 285 814 359 unsrun-p.
827 288 866 344 11.

288 486 356 553 lbd.
379 485 430 564 15,
459 484 494 550 3:
526 502 606 557 cnm
634 502 675 549 eo
707 483 831 567 magis
863 483 909 549 ad
941 482 1259 550 emendationem

188 613 297 680 poena
322 589 525 676 proficiat,
548 589 589 655 'si
620 589 769 654 indicio
798 590 878 656 lata
906 590 975 659 est.
1019 589 1122 655 Nemo
1144 589 1258 656 labne

188 718 314 784 penam
335 717 355 764 a
375 694 484 762 iudice
500 698 555 761 aut
575 695 742 781 castiganti
767 694 959 780 soridixit
1014 693 1176 778 Suspicor,
1204 695 1258 762 sed

189 805 373 879 dubitanter,
395 801 507 868 fnisse:
540 800 717 885 irrepere
738 801 842 882 est.¹)

234 992 237 998 Ι
288 909 357 976 lib.
377 908 421 984 ΙΙ,
443 905 472 984 2,
493 907 530 971 4;
571 905 713 972 Cantus
745 925 811 972 nos
844 922 1114 988 nonuunquam
1135 907 1178 972 et
1199 905 1257 971 eia

187 1018 271 1082 tata
291 1012 503 1080 modulatio
523 1012 697 1097 instiget
716 1010 1054 1095 Martiusque'ille
1075 1011 1259 1076 tubarum

189 1139 306 1188 sonus
339 1118 466 1185 moret
493 1119 638 1183 mentes
669 1119 709 1182 et
743 1120 852 1182 atrox
881 1115 1036 1198 pictura
1056 1118 1095 1181 et
1116 1115 1257 1182 iustis·

189 1228 370 1295 simorum
400 1222 682 1305 suppliciorum
715 1222 850 1288 tristis
882 1221 1090 1303 adspectus
1123 1220 1166 1286 id
1197 1222 1259 1287 est
1314 1211 1322 1219 ’

190 1331 288 1415 quod
329 1327 550 1395 adridemus
593 1327 812 1393 ridentibus
854 1328 891 1391 ot
932 1326 1151 1397 contristat
1188 1346 1257 1394 nos

189 1436 306 1502 turba
342 1434 596 1517 maruntium.
641 1432 692 1498 Sic
723 1433 760 1497 Α.
810 1431 954 1498 Oratione
986 1434 1115 1507 rectius,
1161 1451 1257 1516 quam

114 1564 116 1568 ⁴
188 1541 280 1626 vulgo
302 1539 349 1619 fit,
383 1539 529 1611 muron
555 1538 649 1605 etiam
670 1537 818 1604 mendum
839 1538 908 1604 tolli
927 1537 973 1604 sic
994 1539 1123 1622 poterit:
1159 1538 1257 1605 Oan-

188 1649 253 1713 tns
356 1645 527 1730 instigat
557 1644 801 1727 Martiusque
828 1644 898 1709 illo
918 1643 1095 1711 tubarum
1117 1661 1257 1720 sonus;

188 1753 313 1818 movst
333 1751 481 1834 mentes
512 1751 551 1816 et
571 1751 677 1816 atrox
707 1748 860 1833 pictura
885 1751 923 1816 et
942 1750 1259 1816 iustissimorum

190 1855 469 1938 suppliciorum
517 1855 741 1938 adspectus,
790 1855 980 1941 iidemque
1029 1853 1258 1920 adridemus

188 1958 412 2026 ridentibus
445 1961 500 2025 -et
552 1960 765 2027 contristat
811 1980 877 2028 nos
922 1962 1049 2026 turba
1090 1975 1259 2026 maren·

189 2066 301 2145 tium,
324 2058 384 2135 cet.
480 2077 482 2081 ·

289 2172 357 2238 Ibd.
400 2171 430 2249 6,
477 2172 509 2236 1:
554 2169 667 2250 Quid·
694 2171 726 2237 si
768 2171 940 2249 dicatur,
982 2170 1176 2237 virtutem
1221 2174 1260 2237 et

188 2278 373 2344 humilem
408 2279 446 2343 et
479 2294 652 2361 magnam
685 2295 770 2343 esse
792 2277 968 2344 debere?-
1000 2275 1261 2353 Seremusitate

188 2384 353 2467 scripserat
379 2383 505 2460 dicct,
537 2382 576 2448 ad
598 2381 739 2448 eandam
761 2383 894 2450 referens
916 2401 1088 2467 personam,
1124 2401 1195 2465 quae
1223 2382 1260 2448 in

186 2490 314 2573 inquit
354 2489 521 2574 mgitatnrz
572 2505 609 2553 er
650 2489 791 2571 proxima
832 2488 965 2574 syllaba·
994 2488 1055 2553 uir
1097 2489 1261 2568 (tutem)

185 2594 387 2663 arcessitur.
1147 2620 1151 2626 ·
1294 2602 1295 2605 ’

185 2832 383 2844 --

213 3001 234 3069 ¹)
252 2996 320 3069 Cap.
338 2999 382 3061 16,
410 2994 596 3052 dlaudandus
619 2995 689 3050 mihi
706 2996 755 3059 est,
781 3011 860 3064 quem
884 2994 1018 3052 rarissime
1035 2995 1144 3053 laudare
1164 2996 1256 3066 potui,

254 3086 411 3161 reprehendi
428 3103 497 3158 sape
515 3089 544 3142 et
562 3089 689 3159 grauiter,
718 3086 882 3152 Goerennins,
911 3088 966 3157 qui,
986 3104 1045 3145 cum
1064 3088 1093 3143 in
1111 3086 1255 3143 codicibus

251 3184 294 3238 ita
329 3170 502 3237 scriberetur:
540 3178 576 3252 Si
603 3175 786 3237 intrassem
822 3179 1113 3237 valitudinarium
1148 3170 1267 3233 exer?

251 3274 386 3328 citatus
416 3250 461 3329 et‘
481 3273 594 3328 sciens
622 3274 680 3328 aut
708 3272 822 3328 domus
852 3272 977 3329 diuitis
1004 3273 1054 3342 (sic
1072 3271 1144 3326 enim
1162 3271 1253 3336 codo„

250 3382 304 3421 non
323 3365 474 3435 diuites),
501 3365 673 3422 nunidem
697 3364 913 3436 imperassem
941 3363 1098 3421 omnibns
1116 3379 1176 3433 por
1194 3363 1254 3418 di·

249 3473 348 3514 serua
377 3458 646 3530 spretionibus,
683 3456 784 3514 viderit
818 3458 848 3513 in
885 3458 1102 3514 exercitatus
1137 3455 1252 3512 subesse

249 3551 425 3607 exercitus
451 3551 532 3622 idque
559 3550 777 3621 coniungentium
803 3567 864 3605 cum
889 3551 947 3606 illis
967 3552 1029 3607 ant
1052 3550 1174 3604 domus
1192 3548 1250 3604 di·

249 3642 335 3697 ritis
363 3643 428 3711 (uisi
453 3643 525 3714 qnod
550 3644 608 3700 sine
634 3659 715 3699 cansa
747 3643 879 3699 domiui
910 3643 992 3700 scribi
1018 3643 1127 3707 soluit).
1176 3641 1251 3697 Nam

249 3736 333 3791 etiam
363 3734 463 3791 dirius
489 3736 582 3792 domos
609 3737 751 3802 Romanas,
779 3735 828 3792 ubi
858 3737 967 3808 agmina
996 3750 1134 3792 seruorum
1159 3736 1248 3799 erant

247 3843 296 3882 sna
313 3826 509 3883 valetudinaria
527 3827 660 3895 habuisse,
679 3828 723 3884 vel
742 3844 756 3884 e
776 3828 926 3885 Columella
940 3831 1037 3885 notum
1055 3829 1107 3882 est.
1138 3825 1194 3880 Pro
1213 3829 1250 3880 et

246 3918 359 3974 sciens
377 3919 473 3989 opinor
490 3920 660 3977 scribendum
678 3922 710 3976 αἰ
729 3920 847 3978 sciens
861 3926 933 3992 (cum
950 3921 1117 3993 professione
1136 3919 1247 3973 medice

246 4010 389 4081 scientia).
