<?xml version="1.0" encoding="UTF-8"?>
<!DOCTYPE html PUBLIC "-//W3C//DTD XHTML 1.0 Transitional//EN"
    "http://www.w3.org/TR/xhtml1/DTD/xhtml1-transitional.dtd">
<html xmlns="http://www.w3.org/1999/xhtml" xml:lang="en" lang="en">
 <head>
  <title>
</title>
<meta http-equiv="Content-Type" content="text/html;charset=utf-8" />
  <meta name='ocr-system' content='tesseract 3.04.00' />
  <meta name='ocr-capabilities' content='ocr_page ocr_carea ocr_par ocr_line ocrx_word'/>
</head>
<body>
  <div class='ocr_page' id='page_1' title='image "./ioniemadvigiiad00madvgoog_0097.png"; bbox 0 0 2678 5016; ppageno 0'>
   <div class='ocr_carea' id='block_1_1' title="bbox 267 270 888 339">
    <p class='ocr_par' dir='ltr' id='par_1_1' title="bbox 267 270 888 339">
     <span class='ocr_line' id='line_1_1' title="bbox 267 270 888 339; baseline 0.002 -15"><span class='ocrx_word' id='word_1_1' title='bbox 267 270 308 334; x_wconf 65' lang='lat' dir='ltr'>m</span> <span class='ocrx_word' id='word_1_2' title='bbox 626 270 888 339; x_wconf 48' lang='lat' dir='ltr'><strong>mmmm</strong></span> 
     </span>
    </p>
   </div>
   <div class='ocr_carea' id='block_1_2' title="bbox 224 467 1297 658">
    <p class='ocr_par' dir='ltr' id='par_1_2' title="bbox 224 467 1297 658">
     <span class='ocr_line' id='line_1_2' title="bbox 224 467 1297 553; baseline 0.001 -23"><span class='ocrx_word' id='word_1_3' title='bbox 224 467 327 531; x_wconf 89' lang='lat' dir='ltr'><strong>lantur</strong></span> <span class='ocrx_word' id='word_1_4' title='bbox 348 474 455 534; x_wconf 90' lang='lat' dir='ltr'><strong>cantus</strong></span> <span class='ocrx_word' id='word_1_5' title='bbox 478 474 618 552; x_wconf 78' lang='lat' dir='ltr'>artesque</span> <span class='ocrx_word' id='word_1_6' title='bbox 639 487 814 553; x_wconf 68' lang='lat' dir='ltr'><strong>magorum</strong></span> <span class='ocrx_word' id='word_1_7' title='bbox 858 469 885 532; x_wconf 90' lang='lat' dir='ltr'><strong>si</strong></span> <span class='ocrx_word' id='word_1_8' title='bbox 914 470 980 550; x_wconf 89' lang='lat' dir='ltr'><strong>quis</strong></span> <span class='ocrx_word' id='word_1_9' title='bbox 1010 473 1129 543; x_wconf 77' lang='lat' dir='ltr'><strong>autem,</strong></span> <span class='ocrx_word' id='word_1_10' title='bbox 1162 468 1297 531; x_wconf 84' lang='lat' dir='ltr'><strong>sublato</strong></span> 
     </span>
     <span class='ocr_line' id='line_1_3' title="bbox 225 573 1281 658; baseline -0.003 -20"><span class='ocrx_word' id='word_1_11' title='bbox 225 579 292 656; x_wconf 88' lang='lat' dir='ltr'><strong>post</strong></span> <span class='ocrx_word' id='word_1_12' title='bbox 314 598 473 658; x_wconf 70' lang='lat' dir='ltr'><strong>magorum</strong></span> <span class='ocrx_word' id='word_1_13' title='bbox 495 581 656 650; x_wconf 76' lang='lat' dir='ltr'><strong>commate,</strong></span> <span class='ocrx_word' id='word_1_14' title='bbox 680 585 988 658; x_wconf 71' lang='lat' dir='ltr'><strong>coctosquearmsqoe</strong></span> <span class='ocrx_word' id='word_1_15' title='bbox 1009 573 1198 638; x_wconf 82' lang='lat' dir='ltr'><strong>accusativos</strong></span> <span class='ocrx_word' id='word_1_16' title='bbox 1214 591 1281 636; x_wconf 85' lang='lat' dir='ltr'><strong>esse</strong></span> 
     </span>
    </p>
   </div>
   <div class='ocr_carea' id='block_1_3' title="bbox 221 678 1282 1083">
    <p class='ocr_par' dir='ltr' id='par_1_3' title="bbox 221 678 1282 1083">
     <span class='ocr_line' id='line_1_4' title="bbox 224 678 1282 763; baseline 0 -20"><span class='ocrx_word' id='word_1_17' title='bbox 224 679 299 744; x_wconf 87' lang='lat' dir='ltr'><strong>velit</strong></span> <span class='ocrx_word' id='word_1_18' title='bbox 332 683 364 745; x_wconf 89' lang='lat' dir='ltr'><strong>et</strong></span> <span class='ocrx_word' id='word_1_19' title='bbox 396 682 433 745; x_wconf 89' lang='lat' dir='ltr'><strong>ab</strong></span> <span class='ocrx_word' id='word_1_20' title='bbox 466 681 588 742; x_wconf 76' lang='lat' dir='ltr'><strong>instruis</strong></span> <span class='ocrx_word' id='word_1_21' title='bbox 623 682 753 762; x_wconf 84' lang='lat' dir='ltr'><strong>pendere</strong></span> <span class='ocrx_word' id='word_1_22' title='bbox 799 681 996 763; x_wconf 82' lang='lat' dir='ltr'><strong>(quamquam</strong></span> <span class='ocrx_word' id='word_1_23' title='bbox 1029 679 1061 743; x_wconf 95' lang='lat' dir='ltr'><strong>id</strong></span> <span class='ocrx_word' id='word_1_24' title='bbox 1097 679 1162 742; x_wconf 89' lang='lat' dir='ltr'><strong>lieri</strong></span> <span class='ocrx_word' id='word_1_25' title='bbox 1199 678 1282 743; x_wconf 91' lang='lat' dir='ltr'><strong>nullo</strong></span> 
     </span>
     <span class='ocr_line' id='line_1_5' title="bbox 222 785 1281 870; baseline -0.002 -19"><span class='ocrx_word' id='word_1_26' title='bbox 222 791 310 870; x_wconf 88' lang='lat' dir='ltr'><strong>pacto</strong></span> <span class='ocrx_word' id='word_1_27' title='bbox 330 790 439 869; x_wconf 79' lang='lat' dir='ltr'><strong>potest,</strong></span> <span class='ocrx_word' id='word_1_28' title='bbox 462 789 531 870; x_wconf 91' lang='lat' dir='ltr'><strong>quia</strong></span> <span class='ocrx_word' id='word_1_29' title='bbox 553 788 724 851; x_wconf 88' lang='lat' dir='ltr'><strong>necessario</strong></span> <span class='ocrx_word' id='word_1_30' title='bbox 746 788 778 850; x_wconf 94' lang='lat' dir='ltr'><strong>in</strong></span> <span class='ocrx_word' id='word_1_31' title='bbox 801 808 926 870; x_wconf 79' lang='lat' dir='ltr'><strong>qouque</strong></span> <span class='ocrx_word' id='word_1_32' title='bbox 947 785 1070 849; x_wconf 90' lang='lat' dir='ltr'><strong>demum</strong></span> <span class='ocrx_word' id='word_1_33' title='bbox 1093 785 1132 848; x_wconf 87' lang='lat' dir='ltr'><strong>ad</strong></span> <span class='ocrx_word' id='word_1_34' title='bbox 1154 785 1281 850; x_wconf 88' lang='lat' dir='ltr'><strong>alterius</strong></span> 
     </span>
     <span class='ocr_line' id='line_1_6' title="bbox 223 884 1279 976; baseline 0 -21"><span class='ocrx_word' id='word_1_35' title='bbox 223 892 286 956; x_wconf 86' lang='lat' dir='ltr'><strong>deae</strong></span> <span class='ocrx_word' id='word_1_36' title='bbox 308 895 491 957; x_wconf 84' lang='lat' dir='ltr'>mentionem</span> <span class='ocrx_word' id='word_1_37' title='bbox 514 892 691 975; x_wconf 78' lang='lat' dir='ltr'><strong>transitur),</strong></span> <span class='ocrx_word' id='word_1_38' title='bbox 727 884 808 956; x_wconf 91' lang='lat' dir='ltr'><strong>nibil</strong></span> <span class='ocrx_word' id='word_1_39' title='bbox 831 894 873 958; x_wconf 88' lang='lat' dir='ltr'><strong>sit</strong></span> <span class='ocrx_word' id='word_1_40' title='bbox 903 896 1009 957; x_wconf 86' lang='lat' dir='ltr'><strong>cantus</strong></span> <span class='ocrx_word' id='word_1_41' title='bbox 1039 912 1199 976; x_wconf 76' lang='lat' dir='ltr'>magorum</span> <span class='ocrx_word' id='word_1_42' title='bbox 1233 893 1279 955; x_wconf 92' lang='lat' dir='ltr'><strong>in·</strong></span> 
     </span>
     <span class='ocr_line' id='line_1_7' title="bbox 221 991 1280 1083; baseline -0.002 -19"><span class='ocrx_word' id='word_1_43' title='bbox 221 1003 338 1064; x_wconf 89' lang='lat' dir='ltr'><strong>struere</strong></span> <span class='ocrx_word' id='word_1_44' title='bbox 361 991 470 1072; x_wconf 82' lang='lat' dir='ltr'><strong>herbis,</strong></span> <span class='ocrx_word' id='word_1_45' title='bbox 503 1001 742 1083; x_wconf 79' lang='lat' dir='ltr'><strong>perversiusque,</strong></span> <span class='ocrx_word' id='word_1_46' title='bbox 776 1001 801 1064; x_wconf 92' lang='lat' dir='ltr'><strong>si</strong></span> <span class='ocrx_word' id='word_1_47' title='bbox 826 998 890 1062; x_wconf 89' lang='lat' dir='ltr'><strong>fieri</strong></span> <span class='ocrx_word' id='word_1_48' title='bbox 913 1000 1024 1081; x_wconf 78' lang='lat' dir='ltr'><strong>potest,</strong></span> <span class='ocrx_word' id='word_1_49' title='bbox 1060 1001 1280 1082; x_wconf 88' lang='lat' dir='ltr'><strong>coniungantur</strong></span> 
     </span>
    </p>
   </div>
   <div class='ocr_carea' id='block_1_4' title="bbox 175 1104 1279 3520">
    <p class='ocr_par' dir='ltr' id='par_1_4' title="bbox 175 1104 1279 3520">
     <span class='ocr_line' id='line_1_8' title="bbox 222 1104 1279 1189; baseline 0.003 -21"><span class='ocrx_word' id='word_1_50' title='bbox 222 1117 326 1168; x_wconf 72' lang='lat' dir='ltr'><strong>contus</strong></span> <span class='ocrx_word' id='word_1_51' title='bbox 358 1117 495 1189; x_wconf 76' lang='lat' dir='ltr'><strong>artesque</strong></span> <span class='ocrx_word' id='word_1_52' title='bbox 526 1128 686 1189; x_wconf 66' lang='lat' dir='ltr'><strong>rodgerum</strong></span> <span class='ocrx_word' id='word_1_53' title='bbox 717 1126 888 1188; x_wconf 66' lang='lat' dir='ltr'><strong>magosque.</strong></span> <span class='ocrx_word' id='word_1_54' title='bbox 946 1104 1012 1169; x_wconf 86' lang='lat' dir='ltr'><strong>Una</strong></span> <span class='ocrx_word' id='word_1_55' title='bbox 1033 1105 1137 1170; x_wconf 77' lang='lat' dir='ltr'><strong>littera</strong></span> <span class='ocrx_word' id='word_1_56' title='bbox 1161 1111 1279 1171; x_wconf 77' lang='lat' dir='ltr'><strong>murata</strong></span> 
     </span>
     <span class='ocr_line' id='line_1_9' title="bbox 175 1192 829 1277; baseline -0.003 -1"><span class='ocrx_word' id='word_1_57' title='bbox 175 1192 181 1206; x_wconf 58' lang='lat'>⁸</span> <span class='ocrx_word' id='word_1_58' title='bbox 219 1213 404 1277; x_wconf 77' lang='lat' dir='ltr'><strong>sententiam</strong></span> <span class='ocrx_word' id='word_1_59' title='bbox 426 1213 568 1276; x_wconf 78' lang='lat' dir='ltr'><strong>restituet</strong></span> <span class='ocrx_word' id='word_1_60' title='bbox 592 1220 623 1275; x_wconf 85' lang='lat' dir='ltr'><strong>et</strong></span> <span class='ocrx_word' id='word_1_61' title='bbox 647 1212 829 1276; x_wconf 89' lang='lat' dir='ltr'><strong>orationem:</strong></span> 
     </span>
     <span class='ocr_line' id='line_1_10' title="bbox 617 1319 1094 1400; baseline 0.002 -20"><span class='ocrx_word' id='word_1_62' title='bbox 617 1337 683 1400; x_wconf 83' lang='lat' dir='ltr'><strong>quae</strong></span> <span class='ocrx_word' id='word_1_63' title='bbox 705 1319 811 1399; x_wconf 86' lang='lat' dir='ltr'><strong>coeptis</strong></span> <span class='ocrx_word' id='word_1_64' title='bbox 836 1319 958 1382; x_wconf 86' lang='lat' dir='ltr'><strong>conscia</strong></span> <span class='ocrx_word' id='word_1_65' title='bbox 982 1319 1094 1382; x_wconf 91' lang='lat' dir='ltr'><strong>nostris</strong></span> 
     </span>
     <span class='ocr_line' id='line_1_11' title="bbox 368 1425 1194 1516; baseline -0.002 -27"><span class='ocrx_word' id='word_1_66' title='bbox 368 1425 559 1506; x_wconf 75' lang='lat' dir='ltr'><strong>adiutrixque</strong></span> <span class='ocrx_word' id='word_1_67' title='bbox 582 1425 666 1488; x_wconf 82' lang='lat' dir='ltr'><strong>venis</strong></span> <span class='ocrx_word' id='word_1_68' title='bbox 690 1434 853 1507; x_wconf 79' lang='lat' dir='ltr'><strong>coctusque</strong></span> <span class='ocrx_word' id='word_1_69' title='bbox 871 1425 1002 1507; x_wconf 81' lang='lat' dir='ltr'><strong>artisque</strong></span> <span class='ocrx_word' id='word_1_70' title='bbox 1023 1443 1194 1516; x_wconf 81' lang='lat' dir='ltr'>magorum.</span> 
     </span>
     <span class='ocr_line' id='line_1_12' title="bbox 318 1530 705 1605; baseline -0.003 -10"><span class='ocrx_word' id='word_1_71' title='bbox 318 1532 387 1605; x_wconf 82' lang='lat' dir='ltr'><strong>vll,</strong></span> <span class='ocrx_word' id='word_1_72' title='bbox 411 1531 471 1593; x_wconf 65' lang='lat'>‘2⁶23</span> <span class='ocrx_word' id='word_1_73' title='bbox 494 1530 543 1605; x_wconf 75' lang='lat' dir='ltr'><strong>(de</strong></span> <span class='ocrx_word' id='word_1_74' title='bbox 566 1531 705 1605; x_wconf 73' lang='lat' dir='ltr'><strong>Medeai:</strong></span> 
     </span>
     <span class='ocr_line' id='line_1_13' title="bbox 676 1636 1177 1720; baseline -0.002 -18"><span class='ocrx_word' id='word_1_75' title='bbox 676 1639 870 1720; x_wconf 88' lang='lat' dir='ltr'><strong>subiectaque</strong></span> <span class='ocrx_word' id='word_1_76' title='bbox 893 1636 1040 1701; x_wconf 84' lang='lat' dir='ltr'><strong>Thessala</strong></span> <span class='ocrx_word' id='word_1_77' title='bbox 1061 1638 1177 1719; x_wconf 80' lang='lat' dir='ltr'>Tempe</span> 
     </span>
     <span class='ocr_line' id='line_1_14' title="bbox 401 1742 1275 1828; baseline 0.002 -22"><span class='ocrx_word' id='word_1_78' title='bbox 401 1744 527 1826; x_wconf 85' lang='lat' dir='ltr'><strong>despicit</strong></span> <span class='ocrx_word' id='word_1_79' title='bbox 549 1747 579 1808; x_wconf 90' lang='lat' dir='ltr'><strong>et</strong></span> <span class='ocrx_word' id='word_1_80' title='bbox 601 1746 693 1808; x_wconf 82' lang='lat' dir='ltr'><strong>cretis</strong></span> <span class='ocrx_word' id='word_1_81' title='bbox 716 1742 793 1821; x_wconf 86' lang='lat' dir='ltr'><strong>(cod.</strong></span> <span class='ocrx_word' id='word_1_82' title='bbox 816 1746 949 1827; x_wconf 89' lang='lat' dir='ltr'><strong>optimus</strong></span> <span class='ocrx_word' id='word_1_83' title='bbox 973 1752 1075 1817; x_wconf 71' lang='lat' dir='ltr'><strong>metes)</strong></span> <span class='ocrx_word' id='word_1_84' title='bbox 1104 1745 1275 1828; x_wconf 83' lang='lat' dir='ltr'><strong>regionibus</strong></span> 
     </span>
     <span class='ocr_line' id='line_1_15' title="bbox 898 1852 1175 1934; baseline 0.004 -20"><span class='ocrx_word' id='word_1_85' title='bbox 898 1852 1030 1934; x_wconf 86' lang='lat' dir='ltr'><strong>applicat</strong></span> <span class='ocrx_word' id='word_1_86' title='bbox 1052 1869 1175 1934; x_wconf 84' lang='lat' dir='ltr'><strong>angues.</strong></span> 
     </span>
     <span class='ocr_line' id='line_1_16' title="bbox 216 1954 1024 2038; baseline 0.005 -20"><span class='ocrx_word' id='word_1_87' title='bbox 216 1954 312 2019; x_wconf 86' lang='lat' dir='ltr'><strong>Recte</strong></span> <span class='ocrx_word' id='word_1_88' title='bbox 333 1955 393 2018; x_wconf 89' lang='lat' dir='ltr'><strong>iam</strong></span> <span class='ocrx_word' id='word_1_89' title='bbox 417 1955 448 2017; x_wconf 94' lang='lat' dir='ltr'><strong>in</strong></span> <span class='ocrx_word' id='word_1_90' title='bbox 470 1955 585 2037; x_wconf 89' lang='lat' dir='ltr'><strong>aliquot</strong></span> <span class='ocrx_word' id='word_1_91' title='bbox 606 1955 760 2019; x_wconf 88' lang='lat' dir='ltr'><strong>codicibus</strong></span> <span class='ocrx_word' id='word_1_92' title='bbox 785 1957 933 2038; x_wconf 87' lang='lat' dir='ltr'><strong>scriptum</strong></span> <span class='ocrx_word' id='word_1_93' title='bbox 961 1964 1024 2022; x_wconf 86' lang='lat' dir='ltr'><strong>est:</strong></span> 
     </span>
     <span class='ocr_line' id='line_1_17' title="bbox 556 2064 1190 2148; baseline 0.003 -22"><span class='ocrx_word' id='word_1_94' title='bbox 556 2065 588 2126; x_wconf 89' lang='lat' dir='ltr'><strong>et</strong></span> <span class='ocrx_word' id='word_1_95' title='bbox 610 2065 696 2124; x_wconf 74' lang='lat' dir='ltr'><strong>cerlis</strong></span> <span class='ocrx_word' id='word_1_96' title='bbox 718 2064 888 2145; x_wconf 87' lang='lat' dir='ltr'><strong>regionibus</strong></span> <span class='ocrx_word' id='word_1_97' title='bbox 911 2066 1045 2146; x_wconf 82' lang='lat' dir='ltr'><strong>applicat</strong></span> <span class='ocrx_word' id='word_1_98' title='bbox 1066 2084 1190 2148; x_wconf 87' lang='lat' dir='ltr'><strong>angues.</strong></span> 
     </span>
     <span class='ocr_line' id='line_1_18' title="bbox 216 2164 1273 2254; baseline 0.007 -26"><span class='ocrx_word' id='word_1_99' title='bbox 216 2164 284 2229; x_wconf 91' lang='lat' dir='ltr'><strong>Non</strong></span> <span class='ocrx_word' id='word_1_100' title='bbox 317 2166 432 2230; x_wconf 89' lang='lat' dir='ltr'><strong>incerta</strong></span> <span class='ocrx_word' id='word_1_101' title='bbox 466 2168 574 2233; x_wconf 86' lang='lat' dir='ltr'><strong>Medea</strong></span> <span class='ocrx_word' id='word_1_102' title='bbox 607 2175 746 2252; x_wconf 77' lang='lat' dir='ltr'><strong>vagatur,</strong></span> <span class='ocrx_word' id='word_1_103' title='bbox 779 2168 906 2234; x_wconf 90' lang='lat' dir='ltr'><strong>sedeas</strong></span> <span class='ocrx_word' id='word_1_104' title='bbox 930 2172 1067 2254; x_wconf 84' lang='lat' dir='ltr'><strong>regiones</strong></span> <span class='ocrx_word' id='word_1_105' title='bbox 1093 2173 1178 2252; x_wconf 88' lang='lat' dir='ltr'><strong>petit.</strong></span> <span class='ocrx_word' id='word_1_106' title='bbox 1213 2173 1273 2248; x_wconf 79' lang='lat' dir='ltr'><strong>ubi,</strong></span> 
     </span>
     <span class='ocr_line' id='line_1_19' title="bbox 216 2274 866 2358; baseline 0.012 -25"><span class='ocrx_word' id='word_1_107' title='bbox 216 2291 282 2353; x_wconf 84' lang='lat' dir='ltr'><strong>quse</strong></span> <span class='ocrx_word' id='word_1_108' title='bbox 304 2291 379 2354; x_wconf 89' lang='lat' dir='ltr'><strong>opus</strong></span> <span class='ocrx_word' id='word_1_109' title='bbox 402 2274 474 2348; x_wconf 78' lang='lat' dir='ltr'><strong>sint,</strong></span> <span class='ocrx_word' id='word_1_110' title='bbox 496 2293 529 2338; x_wconf 87' lang='lat' dir='ltr'><strong>se</strong></span> <span class='ocrx_word' id='word_1_111' title='bbox 552 2278 740 2357; x_wconf 88' lang='lat' dir='ltr'><strong>reperturam</strong></span> <span class='ocrx_word' id='word_1_112' title='bbox 764 2278 866 2358; x_wconf 73' lang='lat' dir='ltr'><strong>soit1).</strong></span> 
     </span>
     <span class='ocr_line' id='line_1_20' title="bbox 314 2379 1101 2465; baseline 0.001 -23"><span class='ocrx_word' id='word_1_113' title='bbox 314 2379 372 2455; x_wconf 90' lang='lat' dir='ltr'><strong>(De</strong></span> <span class='ocrx_word' id='word_1_114' title='bbox 396 2379 464 2454; x_wconf 81' lang='lat' dir='ltr'><strong>Vll,</strong></span> <span class='ocrx_word' id='word_1_115' title='bbox 487 2379 547 2441; x_wconf 78' lang='lat'><strong>275</strong></span> <span class='ocrx_word' id='word_1_116' title='bbox 570 2401 634 2465; x_wconf 88' lang='lat' dir='ltr'><strong>sqq.</strong></span> <span class='ocrx_word' id='word_1_117' title='bbox 658 2384 774 2447; x_wconf 91' lang='lat' dir='ltr'><strong>dictum</strong></span> <span class='ocrx_word' id='word_1_118' title='bbox 797 2389 844 2448; x_wconf 90' lang='lat' dir='ltr'><strong>est</strong></span> <span class='ocrx_word' id='word_1_119' title='bbox 866 2384 924 2447; x_wconf 80' lang='lat' dir='ltr'><strong>vol.</strong></span> <span class='ocrx_word' id='word_1_120' title='bbox 947 2383 962 2446; x_wconf 95' lang='lat' dir='ltr'>I</span> <span class='ocrx_word' id='word_1_121' title='bbox 985 2403 1013 2464; x_wconf 89' lang='lat' dir='ltr'><strong>p.</strong></span> <span class='ocrx_word' id='word_1_122' title='bbox 1041 2383 1101 2458; x_wconf 80' lang='lat'><strong>79.)</strong></span> 
     </span>
     <span class='ocr_line' id='line_1_21' title="bbox 313 2485 1276 2570; baseline 0.007 -23"><span class='ocrx_word' id='word_1_123' title='bbox 313 2485 382 2561; x_wconf 85' lang='lat' dir='ltr'><strong>Vll,</strong></span> <span class='ocrx_word' id='word_1_124' title='bbox 417 2486 477 2548; x_wconf 77' lang='lat'><strong>509</strong></span> <span class='ocrx_word' id='word_1_125' title='bbox 500 2508 565 2570; x_wconf 92' lang='lat' dir='ltr'><strong>sqq.</strong></span> <span class='ocrx_word' id='word_1_126' title='bbox 599 2490 641 2565; x_wconf 86' lang='lat' dir='ltr'><strong>(in</strong></span> <span class='ocrx_word' id='word_1_127' title='bbox 663 2489 751 2554; x_wconf 83' lang='lat' dir='ltr'><strong>AEaci</strong></span> <span class='ocrx_word' id='word_1_128' title='bbox 782 2491 917 2555; x_wconf 86' lang='lat' dir='ltr'><strong>oratione</strong></span> <span class='ocrx_word' id='word_1_129' title='bbox 940 2490 1179 2553; x_wconf 84' lang='lat' dir='ltr'><strong>Atheniensibus</strong></span> <span class='ocrx_word' id='word_1_130' title='bbox 1202 2509 1276 2554; x_wconf 81' lang='lat' dir='ltr'><strong>aun·</strong></span> 
     </span>
     <span class='ocr_line' id='line_1_22' title="bbox 213 2591 1090 2674; baseline 0.003 -19"><span class='ocrx_word' id='word_1_131' title='bbox 213 2591 299 2656; x_wconf 90' lang='lat' dir='ltr'><strong>ilium</strong></span> <span class='ocrx_word' id='word_1_132' title='bbox 323 2594 506 2674; x_wconf 86' lang='lat' dir='ltr'><strong>pollicentis)</strong></span> <span class='ocrx_word' id='word_1_133' title='bbox 529 2596 559 2658; x_wconf 89' lang='lat' dir='ltr'><strong>in</strong></span> <span class='ocrx_word' id='word_1_134' title='bbox 581 2596 666 2659; x_wconf 91' lang='lat' dir='ltr'><strong>bonis</strong></span> <span class='ocrx_word' id='word_1_135' title='bbox 690 2596 843 2660; x_wconf 88' lang='lat' dir='ltr'><strong>codicibus</strong></span> <span class='ocrx_word' id='word_1_136' title='bbox 867 2597 910 2661; x_wconf 92' lang='lat' dir='ltr'><strong>sio</strong></span> <span class='ocrx_word' id='word_1_137' title='bbox 933 2597 1090 2661; x_wconf 89' lang='lat' dir='ltr'><strong>scribitur:</strong></span> 
     </span>
     <span class='ocr_line' id='line_1_23' title="bbox 254 2700 1224 2784; baseline 0.01 -27"><span class='ocrx_word' id='word_1_138' title='bbox 254 2751 256 2756; x_wconf 90' lang='lat'><strong>.</strong></span> <span class='ocrx_word' id='word_1_139' title='bbox 363 2701 391 2762; x_wconf 96' lang='lat' dir='ltr'>N</span> <span class='ocrx_word' id='word_1_140' title='bbox 395 2719 428 2763; x_wconf 90' lang='lat' dir='ltr'><strong>ec</strong></span> <span class='ocrx_word' id='word_1_141' title='bbox 452 2700 541 2764; x_wconf 91' lang='lat' dir='ltr'><strong>dubie</strong></span> <span class='ocrx_word' id='word_1_142' title='bbox 563 2703 651 2774; x_wconf 81' lang='lat' dir='ltr'><strong>uires,</strong></span> <span class='ocrx_word' id='word_1_143' title='bbox 675 2722 749 2784; x_wconf 90' lang='lat' dir='ltr'><strong>quas</strong></span> <span class='ocrx_word' id='word_1_144' title='bbox 772 2704 836 2766; x_wconf 80' lang='lat' dir='ltr'><strong>haec</strong></span> <span class='ocrx_word' id='word_1_145' title='bbox 858 2705 951 2768; x_wconf 89' lang='lat' dir='ltr'><strong>habet</strong></span> <span class='ocrx_word' id='word_1_146' title='bbox 972 2703 1082 2774; x_wconf 83' lang='lat' dir='ltr'><strong>insula,</strong></span> <span class='ocrx_word' id='word_1_147' title='bbox 1104 2705 1224 2767; x_wconf 85' lang='lat' dir='ltr'><strong>uestras</strong></span> 
     </span>
     <span class='ocr_line' id='line_1_24' title="bbox 362 2805 1277 2890; baseline 0.002 -23"><span class='ocrx_word' id='word_1_148' title='bbox 362 2805 463 2870; x_wconf 88' lang='lat' dir='ltr'><strong>ducite</strong></span> <span class='ocrx_word' id='word_1_149' title='bbox 485 2809 516 2870; x_wconf 86' lang='lat' dir='ltr'><strong>et</strong></span> <span class='ocrx_word' id='word_1_150' title='bbox 537 2809 640 2872; x_wconf 89' lang='lat' dir='ltr'><strong>ornnia</strong></span> <span class='ocrx_word' id='word_1_151' title='bbox 662 2828 728 2890; x_wconf 84' lang='lat' dir='ltr'><strong>quae</strong></span> <span class='ocrx_word' id='word_1_152' title='bbox 751 2822 852 2872; x_wconf 90' lang='lat' dir='ltr'><strong>rerum</strong></span> <span class='ocrx_word' id='word_1_153' title='bbox 897 2809 957 2884; x_wconf 86' lang='lat' dir='ltr'><strong>(lll;</strong></span> <span class='ocrx_word' id='word_1_154' title='bbox 993 2809 1031 2872; x_wconf 89' lang='lat' dir='ltr'><strong>L:</strong></span> <span class='ocrx_word' id='word_1_155' title='bbox 1065 2819 1091 2869; x_wconf 76' lang='lat' dir='ltr'><strong>el</strong></span> <span class='ocrx_word' id='word_1_156' title='bbox 1112 2810 1210 2871; x_wconf 66' lang='lat' dir='ltr'><strong>orneris</strong></span> <span class='ocrx_word' id='word_1_157' title='bbox 1234 2812 1277 2870; x_wconf 80' lang='lat' dir='ltr'><strong>air</strong></span> 
     </span>
     <span class='ocr_line' id='line_1_25' title="bbox 631 2916 1124 2991; baseline 0.004 -14"><span class='ocrx_word' id='word_1_158' title='bbox 631 2921 745 2991; x_wconf 76' lang='lat' dir='ltr'><strong>rernm)</strong></span> <span class='ocrx_word' id='word_1_159' title='bbox 772 2917 869 2978; x_wconf 84' lang='lat' dir='ltr'><strong>status</strong></span> <span class='ocrx_word' id='word_1_160' title='bbox 893 2916 951 2979; x_wconf 86' lang='lat' dir='ltr'><strong>iste</strong></span> <span class='ocrx_word' id='word_1_161' title='bbox 974 2934 1124 2990; x_wconf 75' lang='lat' dir='ltr'><strong>mearum,</strong></span> 
     </span>
     <span class='ocr_line' id='line_1_26' title="bbox 362 3011 1211 3103; baseline 0.008 -24"><span class='ocrx_word' id='word_1_162' title='bbox 362 3019 466 3081; x_wconf 88' lang='lat' dir='ltr'><strong>robora</strong></span> <span class='ocrx_word' id='word_1_163' title='bbox 489 3037 544 3082; x_wconf 94' lang='lat' dir='ltr'><strong>non</strong></span> <span class='ocrx_word' id='word_1_164' title='bbox 569 3020 693 3094; x_wconf 89' lang='lat' dir='ltr'><strong>desunt;</strong></span> <span class='ocrx_word' id='word_1_165' title='bbox 719 3011 843 3103; x_wconf 69' lang='lat' dir='ltr'><strong>&#39;sirperat</strong></span> <span class='ocrx_word' id='word_1_166' title='bbox 866 3023 941 3086; x_wconf 91' lang='lat' dir='ltr'><strong>mihi</strong></span> <span class='ocrx_word' id='word_1_167' title='bbox 964 3022 1052 3086; x_wconf 91' lang='lat' dir='ltr'><strong>miles</strong></span> <span class='ocrx_word' id='word_1_168' title='bbox 1076 3024 1107 3083; x_wconf 91' lang='lat' dir='ltr'><strong>et</strong></span> <span class='ocrx_word' id='word_1_169' title='bbox 1131 3020 1211 3085; x_wconf 80' lang='lat' dir='ltr'><strong>hosti</strong></span> 
     </span>
     <span class='ocr_line' id='line_1_27' title="bbox 361 3123 1070 3210; baseline 0.007 -23"><span class='ocrx_word' id='word_1_170' title='bbox 361 3125 459 3207; x_wconf 90' lang='lat' dir='ltr'><strong>gratia</strong></span> <span class='ocrx_word' id='word_1_171' title='bbox 482 3123 539 3200; x_wconf 74' lang='lat' dir='ltr'><strong>die,</strong></span> <span class='ocrx_word' id='word_1_172' title='bbox 564 3126 634 3191; x_wconf 82' lang='lat' dir='ltr'><strong>felin</strong></span> <span class='ocrx_word' id='word_1_173' title='bbox 659 3131 688 3191; x_wconf 86' lang='lat' dir='ltr'><strong>et</strong></span> <span class='ocrx_word' id='word_1_174' title='bbox 711 3129 915 3192; x_wconf 75' lang='lat' dir='ltr'><strong>inexcusabile</strong></span> <span class='ocrx_word' id='word_1_175' title='bbox 939 3133 1070 3210; x_wconf 83' lang='lat' dir='ltr'><strong>tempus.</strong></span> 
     </span>
     <span class='ocr_line' id='line_1_28' title="bbox 213 3227 811 3298; baseline 0.01 -8"><span class='ocrx_word' id='word_1_176' title='bbox 213 3227 318 3293; x_wconf 88' lang='lat' dir='ltr'><strong>Priora</strong></span> <span class='ocrx_word' id='word_1_177' title='bbox 341 3229 510 3296; x_wconf 83' lang='lat' dir='ltr'><strong>Gronovius</strong></span> <span class='ocrx_word' id='word_1_178' title='bbox 533 3251 601 3296; x_wconf 88' lang='lat' dir='ltr'><strong>vere</strong></span> <span class='ocrx_word' id='word_1_179' title='bbox 624 3234 811 3298; x_wconf 85' lang='lat' dir='ltr'><strong>emendavit:</strong></span> 
     </span>
     <span class='ocr_line' id='line_1_29' title="bbox 360 3338 1275 3417; baseline 0.004 -16"><span class='ocrx_word' id='word_1_180' title='bbox 360 3338 469 3413; x_wconf 77' lang='lat' dir='ltr'><strong>ducite,</strong></span> <span class='ocrx_word' id='word_1_181' title='bbox 509 3344 540 3405; x_wconf 88' lang='lat' dir='ltr'><strong>et</strong></span> <span class='ocrx_word' id='word_1_182' title='bbox 562 3347 603 3417; x_wconf 77' lang='lat' dir='ltr'><strong>(o,</strong></span> <span class='ocrx_word' id='word_1_183' title='bbox 638 3351 756 3400; x_wconf 62' lang='lat' dir='ltr'><strong>crievecor</strong></span> <span class='ocrx_word' id='word_1_184' title='bbox 781 3361 880 3404; x_wconf 91' lang='lat' dir='ltr'><strong>rerum</strong></span> <span class='ocrx_word' id='word_1_185' title='bbox 903 3344 1000 3405; x_wconf 88' lang='lat' dir='ltr'><strong>status</strong></span> <span class='ocrx_word' id='word_1_186' title='bbox 1024 3343 1080 3405; x_wconf 86' lang='lat' dir='ltr'><strong>iste</strong></span> <span class='ocrx_word' id='word_1_187' title='bbox 1105 3346 1275 3417; x_wconf 75' lang='lat' dir='ltr'><strong>mearumi)</strong></span> 
     </span>
     <span class='ocr_line' id='line_1_30' title="bbox 360 3446 698 3520; baseline 0.012 -14"><span class='ocrx_word' id='word_1_188' title='bbox 360 3446 698 3520; x_wconf 60' lang='lat' dir='ltr'><strong>mmmwmm</strong></span> 
     </span>
    </p>
   </div>
   <div class='ocr_carea' id='block_1_5' title="bbox 240 3812 1276 4166">
    <p class='ocr_par' dir='ltr' id='par_1_5' title="bbox 240 3812 1276 4166">
     <span class='ocr_line' id='line_1_31' title="bbox 240 3812 1276 3888; baseline 0.009 -24"><span class='ocrx_word' id='word_1_189' title='bbox 240 3812 260 3878; x_wconf 85' lang='lat'><strong>¹)</strong></span> <span class='ocrx_word' id='word_1_190' title='bbox 279 3813 310 3865; x_wconf 92' lang='lat' dir='ltr'><strong>ln</strong></span> <span class='ocrx_word' id='word_1_191' title='bbox 330 3816 421 3868; x_wconf 88' lang='lat' dir='ltr'><strong>multis</strong></span> <span class='ocrx_word' id='word_1_192' title='bbox 440 3834 470 3871; x_wconf 84' lang='lat' dir='ltr'><strong>ex</strong></span> <span class='ocrx_word' id='word_1_193' title='bbox 489 3819 524 3871; x_wconf 87' lang='lat' dir='ltr'><strong>iis</strong></span> <span class='ocrx_word' id='word_1_194' title='bbox 543 3819 614 3882; x_wconf 89' lang='lat' dir='ltr'><strong>locis,</strong></span> <span class='ocrx_word' id='word_1_195' title='bbox 635 3835 700 3888; x_wconf 89' lang='lat' dir='ltr'><strong>quos</strong></span> <span class='ocrx_word' id='word_1_196' title='bbox 719 3817 867 3881; x_wconf 77' lang='lat' dir='ltr'><strong>emendavi,</strong></span> <span class='ocrx_word' id='word_1_197' title='bbox 888 3834 982 3886; x_wconf 86' lang='lat' dir='ltr'><strong>pravas</strong></span> <span class='ocrx_word' id='word_1_198' title='bbox 996 3817 1118 3871; x_wconf 80' lang='lat' dir='ltr'><strong>blerlrelii</strong></span> <span class='ocrx_word' id='word_1_199' title='bbox 1138 3820 1276 3873; x_wconf 87' lang='lat' dir='ltr'><strong>coniectu-</strong></span> 
     </span>
     <span class='ocr_line' id='line_1_32' title="bbox 278 3910 1274 3981; baseline 0.005 -22"><span class='ocrx_word' id='word_1_200' title='bbox 278 3923 321 3960; x_wconf 85' lang='lat' dir='ltr'><strong>ras</strong></span> <span class='ocrx_word' id='word_1_201' title='bbox 348 3924 550 3965; x_wconf 84' lang='lat' dir='ltr'><strong>commemorare</strong></span> <span class='ocrx_word' id='word_1_202' title='bbox 577 3917 708 3981; x_wconf 73' lang='lat' dir='ltr'><strong>poteram:</strong></span> <span class='ocrx_word' id='word_1_203' title='bbox 742 3912 791 3966; x_wconf 89' lang='lat' dir='ltr'><strong>boo</strong></span> <span class='ocrx_word' id='word_1_204' title='bbox 820 3911 877 3965; x_wconf 86' lang='lat' dir='ltr'><strong>loco</strong></span> <span class='ocrx_word' id='word_1_205' title='bbox 905 3910 974 3979; x_wconf 90' lang='lat' dir='ltr'><strong>quod</strong></span> <span class='ocrx_word' id='word_1_206' title='bbox 1009 3914 1109 3962; x_wconf 66' lang='lat' dir='ltr'><strong>&#39;l&#39;lroces</strong></span> <span class='ocrx_word' id='word_1_207' title='bbox 1138 3918 1274 3979; x_wconf 71' lang='lat' dir='ltr'><strong>rcqr&#39;mn&#39;oos</strong></span> 
     </span>
     <span class='ocr_line' id='line_1_33' title="bbox 278 4002 1273 4072; baseline 0.01 -21"><span class='ocrx_word' id='word_1_208' title='bbox 278 4002 381 4069; x_wconf 87' lang='lat' dir='ltr'><strong>posuit,</strong></span> <span class='ocrx_word' id='word_1_209' title='bbox 410 4021 467 4072; x_wconf 83' lang='lat' dir='ltr'><strong>quae</strong></span> <span class='ocrx_word' id='word_1_210' title='bbox 488 4008 636 4072; x_wconf 86' lang='lat' dir='ltr'><strong>sequuntur</strong></span> <span class='ocrx_word' id='word_1_211' title='bbox 661 4006 792 4059; x_wconf 89' lang='lat' dir='ltr'><strong>montium</strong></span> <span class='ocrx_word' id='word_1_212' title='bbox 820 4004 1013 4072; x_wconf 81' lang='lat' dir='ltr'><strong>fluviorumque</strong></span> <span class='ocrx_word' id='word_1_213' title='bbox 1032 4007 1153 4069; x_wconf 81' lang='lat' dir='ltr'><strong>nomina.</strong></span> <span class='ocrx_word' id='word_1_214' title='bbox 1182 4009 1273 4061; x_wconf 91' lang='lat' dir='ltr'><strong>omnia</strong></span> 
     </span>
     <span class='ocr_line' id='line_1_34' title="bbox 278 4092 658 4166; baseline 0.018 -21"><span class='ocrx_word' id='word_1_215' title='bbox 278 4092 312 4145; x_wconf 82' lang='lat' dir='ltr'><strong>ad</strong></span> <span class='ocrx_word' id='word_1_216' title='bbox 331 4094 496 4150; x_wconf 80' lang='lat' dir='ltr'><strong>Thessaliam</strong></span> <span class='ocrx_word' id='word_1_217' title='bbox 513 4099 658 4166; x_wconf 84' lang='lat' dir='ltr'><strong>pertinent.</strong></span> 
     </span>
    </p>
   </div>
   <div class='ocr_carea' id='block_1_6' title="bbox 0 0 1344 5016">
    <p class='ocr_par' dir='ltr' id='par_1_6' title="bbox 0 0 1344 5016">
     <span class='ocr_line' id='line_1_35' title="bbox 0 0 1344 5016; baseline 0 5"><span class='ocrx_word' id='word_1_218' title='bbox 0 0 1344 5016; x_wconf 95' lang='lat' dir='ltr'><strong> </strong></span> 
     </span>
    </p>
   </div>
  </div>
 </body>
</html>
