2580 5054
521 99 676 159 Athenaeus.
1051 99 1090 162 59

0 277 133 362 *ive
153 295 233 377 quod
256 295 323 378 ipsa
345 314 426 361 oenae
448 314 505 359 non
529 296 711 374 interfuerit,
729 299 793 362 sive
809 299 889 381 quod
904 297 1009 362 tantus
1025 297 1132 362 interi-

21 400 120 465 ug
140 402 288 468 honarum
309 420 411 466 rerum
432 403 531 467 factus
553 401 604 466 eit.
654 404 689 467 In
719 403 833 469 litteris
863 404 1003 469 κατίστα
1034 407 1133 469 mani-

0 507 1 528 *
28 510 146 575 esu
168 509 247 573 latet
268 508 420 590 particula
441 502 491 574 ed
514 509 585 586 (rel,
619 507 645 573 si
674 509 740 574 haec
760 510 887 593 produci
902 511 1018 593 nequit,
1042 506 1132 576 udat

18 616 42 648 '⁸
120 616 345 680 substantivum
368 614 508 681 feminini
530 617 652 699 generis
681 615 812 699 querelae
842 616 966 693 sociam„
997 617 1024 680 si
1051 617 1133 682 adsit

27 724 40 754 ²
60 724 121 786 ut
142 723 293 792 exaudiat.
316 721 451 788 futuram
474 723 658 807 significans.
705 723 772 789 Una
794 723 900 789 littera
922 723 1042 789 mnmta
1063 723 1130 789 effi·

26 818 147 987 ὶῖλατ
169 828 265 910 καρίς
286 837 315 909 (ο
337 830 564 896 crustaceorum
591 839 725 914 genere).
781 829 898 914 Opinor
928 828 1025 915 igitur
1056 829 1133 895 scri-

80 935 215 999 endum:

148 1056 371 1149 αερίσαμα
400 1092 444 1149 με
479 1066 627 1131 καλοὺσα
661 1070 776 1150 καρίς
810 1092 858 1132 κα
895 1061 997 1146 (κοῖν)
1030 1071 1132 1153 λέγοι,

777 1174 855 1257 φεύ
878 1173 945 1237 τῶν
968 1175 1089 1239 κακῶν.

163 1299 245 1364 Nam
272 1298 444 1384 περιόαμα
468 1317 564 1365 unum
586 1299 772 1366 adiectivum
792 1301 906 1383 plurali
927 1322 1054 1368 numero
1077 1323 1131 1386 pro

70 1406 212 1472 adverbio
249 1407 383 1487 positum
413 1425 479 1472 esse
501 1406 564 1472 iam
585 1405 766 1473 Wolclrerus
795 1407 947 1475 intellexit
978 1409 1029 1486 (cl.
1052 1414 1131 1495 synt.

49 1511 162 1580 *aree
187 1514 207 1592 ἓ
230 1512 270 1576 88
293 1516 418 1588 anot).

164 1703 199 1768 P.
213 1702 274 1765 282
286 1704 304 1766 d
317 1706 349 1768 et
360 1722 385 1769 e.
421 1702 623 1785 Epicharmus
644 1705 676 1768 in
698 1705 811 1790 fabula,
827 1724 895 1788 quae
910 1707 1133 1774 inscribebatur

65 1811 214 1886 Μοῦσαι,
244 1815 280 1874 ut
310 1809 448 1875 solebant
475 1808 628 1874 interdum
658 1812 878 1877 comediarum
907 1815 1072 1898 scriptores
1101 1815 1132 1879 in

59 1936 206 1984 cenarum
237 1918 388 1999 apparatu
422 1916 618 1999 ciborumque
655 1916 817 1999 generibus
850 1917 1008 2000 splendide
1042 1902 1139 2004 longa

61 2042 209 2089 versuum
233 2024 310 2087 serie
331 2022 606 2088 commemorandis
628 2020 744 2096 ludere,
775 2024 876 2106 pisces
904 2045 988 2091 raros
1011 2034 1042 2092 et
1062 2046 1133 2110 pre·

62 2132 164 2196 tiosos
186 2129 300 2194 alicubi
321 2129 475 2211 appositos
498 2131 736 2202 enumeraverat,
755 2131 838 2194 inter
852 2150 929 2213 quoe
945 2151 1026 2206 eum,
1042 2152 1134 2216 quem

60 2237 166 2303 Graeci
190 2239 294 2303 ἔλοπα
318 2234 523 2318 appellabant,
546 2235 598 2318 qui
621 2234 691 2301 aliis
706 2235 880 2301 nominihus
901 2240 1086 2324 καλλίχθος
1102 2243 1134 2307 et

62 2337 303 2427 καλλιώνυμος
337 2343 511 2407 vocabatur.
558 2342 603 2407 Ex
638 2362 674 2407 eo
709 2341 822 2407 fobulae
854 2341 919 2409 loeo
951 2346 1016 2411 haec
1051 2347 1132 2427 apud

64 2451 253 2517 Athenaeum
277 2453 447 2534 ponuntur:

112 2595 185 2668 Τόν
206 2627 242 2667 τε
265 2605 500 2688 πολυτίματον
523 2605 642 2678 ἔλοπα,
666 2595 685 2668 o‘
708 2594 738 2669 δ’
759 2596 863 2676 adedo
882 2599 1004 2690 χαλκὸς
1020 2601 1131 2681 ὤνιος,

106 2719 167 2775 ἕνα
189 2703 312 2793 μόνον,
337 2712 391 2776 καὶ
415 2710 520 2795 κῆνον
542 2705 560 2777 ὁ
583 2707 675 2783 Ζεύς
697 2713 799 2794 ἔλαβε
824 2703 1031 2796 κήκελήσατο

107 2822 283 2901 κατθέμεν
305 2810 395 2903 αὐτῷ
418 2824 454 2885 τέ
475 2823 507 2884 or'
530 2820 584 2884 nol
608 2819 648 2903 τᾷ
672 2813 817 2904 δάμαρτι
840 2823 990 2904 θωτέρω.

68 3000 70 3004 ⁴
166 2958 303 3024 Primum
336 2961 464 3042 apparet
495 2959 667 3027 certissimo
700 2960 815 3025 indicio
847 2959 992 3025 orationis
1025 2960 1132 3026 lormae

51 3059 98 3147 λα’
122 3058 152 3131 d
174 3058 292 3146 adedo)
322 3067 353 3131 in
380 3065 494 3132 litteris
523 3085 614 3133 sensu
641 3065 735 3132 cassis
764 3061 887 3152 χαλκός
916 3062 1132 3140 <locupletem

60 3174 196 3239 alterum
217 3173 310 3257 piscis
332 3192 441 3237 nomen
459 3172 716 3256 seribendumque
731 3192 797 3238 esse
810 3194 817 3238 :
831 3167 850 3239 o‘
866 3166 896 3239 δ’
911 3168 1016 3248 αὐτὸς
1038 3200 1085 3240 κα
1096 3177 1131 3240 λ·

62 3274 299 3364 λιώνομος,
323 3301 359 3346 ex
382 3299 440 3364 quo
462 3279 601 3361 soquitm
622 3281 703 3362 apud
721 3278 823 3361 ipsum
840 3280 1020 3368 Athenaeum
1041 3280 1131 3362 paulo

54 3391 137 3456 fante
158 3406 213 3471 pro
235 3389 411 3475 σεσίγηκεν
433 3386 629 3454 scribendum
651 3405 718 3452 esse
739 3379 787 3452 ον’
811 3387 998 3474 σεσίγηκεν.
1027 3386 1131 3469 Atque

61 3497 95 3561 id
119 3495 280 3578 perspicue
301 3492 369 3577 ipsa
390 3495 544 3559 sententia
565 3493 697 3575 requirit
718 3497 751 3559 et
772 3493 917 3558 Athenaei
946 3493 1129 3571 eonsilium

61 3621 163 3686 neque
196 3601 277 3667 enirn
310 3606 384 3675 erat,
420 3619 474 3666 cnr
506 3599 566 3665 duo
600 3600 699 3665 altera
732 3602 854 3674 ἔλοπος
890 3600 1014 3667 nomina
1050 3602 1130 3684 apud

61 3708 283 3793 Epicharmum
305 3728 364 3774 non
387 3708 450 3792 legi
473 3708 649 3789 annotaret;
683 3706 789 3772 contra
818 3707 976 3789 aptissime
997 3708 1128 3785 additur,

59 3820 101 3882 ne
136 3815 267 3880 alterum
299 3813 425 3898 quidem
460 3831 570 3879 nomen
601 3813 868 3893 epulchritudine
889 3814 982 3897 piscis
1003 3816 1129 3881 ductum

59 3921 145 4006 apud
168 3921 387 4003 Epicharmum
410 3921 524 3985 deesse.
553 3919 675 3984 rVerum
692 3918 740 3983 his
756 3917 900 3984 correctis
917 3922 1128 4004 nihilomagis
