2678 5016
556 623 663 680 Senccn

386 820 473 906 forte
493 812 625 898 interire,

80 947 152 995 canu
174 930 207 992 et
228 928 295 993 sine
316 927 442 993 consilio
464 926 637 1010 effectuque
655 927 726 993 nllc.

178 1033 248 1098 lbd.
273 1032 371 1097 1312:

165 1189 167 1191 >
230 1138 339 1203 emitte
361 1137 464 1203 Siculc
483 1137 600 1203 vertice
621 1137 774 1216 ardentes,
796 1140 891 1222 pater,

229 1244 357 1308 litanas
378 1244 411 1309 in
433 1244 494 1320 me,
515 1243 567 1327 qui
589 1262 698 1309 manne
720 1240 821 1310 Pindc
843 1244 922 1311 leret

232 1350 288 1413 aut
308 1352 350 1426 tc,
374 1349 468 1426 Osca,
490 1349 542 1432 qui
564 1367 614 1413 me
636 1351 742 1417 mente
764 1354 910 1434 prerupto
931 1352 1092 1435 opprimet.
1155 1361 1172 1389 ‘

183 1453 236 1519 Sic
272 1453 315 1530 m
352 1453 407 1520 aed
443 1453 606 1538 singularis
650 1466 796 1520 numerus
833 1456 994 1523 verberum
1036 1455 1145 1541 (ferat,

86 1562 255 1646 opprimat)
289 1559 361 1624 ferri
394 1577 454 1624 ncn
487 1563 606 1640 potem
651 1559 834 1642 perridicule
870 1562 954 1627 enim
986 1562 1146 1640 Herculea,

83 1666 251 1731 nominatis
294 1664 477 1738 Titanibus,
515 1666 602 1748 quani
638 1684 767 1749 parcens
799 1667 969 1749 permittit,
1002 1669 1036 1731 ut
1067 1684 1146 1732 unua

84 1772 232 1845 mittatur,
263 1771 314 1855 qui
337 1774 391 1835 aut
413 1771 531 1836 Pindon
564 1772 618 1837 aut
639 1771 749 1838 Ossam
772 1772 932 1849 multatum
960 1788 1146 1856 quamquam

84 1897 119 1943 ne
151 1878 197 1943 eic
233 1877 357 1961 quidem
389 1877 589 1942 tolerabiliter
621 1875 773 1943 diceretur
803 1877 941 1956 Titanas,
970 1878 1025 1963 qui
1050 1877 1146 1962 serat.
1266 1936 1268 1941 .

87 1982 190 2068 Neque
212 2005 323 2047 manue
345 1982 447 2044 Ptrdo
470 1981 557 2067 serre
580 1983 714 2062 (etiamsi
736 1982 849 2066 inserat
869 1985 998 2065 scribae)
1020 1985 1147 2049 adrem

83 2092 187 2172 aptum
227 2093 284 2154 est.
351 2087 513 2171 (Vulgaree
556 2087 677 2155 codices
712 2111 814 2158 manu,
843 2089 993 2155 Pindum·
1016 2090 1146 2176 serant.)

86 2192 163 2260 Puta
185 2195 298 2260 labulae
316 2197 483 2270 auctorem,
505 2197 604 2259 tetum
620 2195 764 2260 Titanum
777 2213 886 2280 ugmen
909 2196 1146 2282 significantem,

85 2301 252 2383 scripsisse:

179 2405 306 2470 Titanas
327 2407 359 2470 iu
382 2424 442 2483 me,
470 2425 538 2488 quer
559 2423 668 2470 manue
692 2403 814 2469 Pindon
835 2405 915 2471 ferat

179 2512 290 2589 cutte,
314 2510 403 2585 Ocea,
425 2532 493 2594 qun
514 2530 565 2578 me
588 2512 694 2575 mente
716 2514 862 2594 prerupto
885 2511 1048 2596 opprimet

182 2615 247 2680 lbd.
272 2615 350 2680 1331
375 2636 458 2700 equ:

177 2722 231 2786 lta
252 2721 337 2786 nulla
359 2740 457 2786 saevm
478 2723 562 2787 terra
584 2721 737 2804 concipiat
761 2721 840 2787 teras

182 2830 253 2908 pcat
277 2845 337 2898 me,
360 2826 473 2909 sepulti
495 2827 552 2906 (cic
576 2827 722 2892 Heinsius
744 2845 798 2910 pre
819 2827 946 2912 repello)
982 2845 1038 2892 ncc
1059 2843 1145 2891 mean

768 2951 914 3016 umquam
936 2950 1045 2997 manue

182 3038 327 3120 impleret
348 3039 445 3113 orbim
468 3037 494 3102 ei
517 3057 577 3120 qua
599 3042 761 3104 nascentur
782 3038 877 3116 mala,

183 3147 327 3210 nascetur
348 3144 469 3218 cuium
492 3143 625 3227 undique
645 3143 749 3211 infelix
770 3147 863 3227 capnt

184 3251 321 3315 mactate
342 3250 433 3325 carin
456 3250 568 3316 vincite
590 3261 742 3316 erumnae
764 3268 860 3316 meas.

182 3355 219 3420 V.
256 3355 336 3418 1334
357 3355 388 3419 in
411 3358 482 3421 vctc
503 3355 698 3422 scribendum
721 3373 790 3421 esec
824 3363 976 3431 caecatur,
1000 3372 1019 3419 a
1040 3351 1147 3418 multia

84 3460 275 3527 intellectum
300 3464 362 3535 eet3
395 3462 426 3526 in
463 3461 567 3524 odium
602 3463 712 3527 vitium
749 3465 781 3527 et
802 3480 908 3527 versus
932 3461 965 3526 et
986 3458 1147 3525 sententia

83 3566 284 3632 manifestum
307 3568 364 3632 eat.
410 3567 508 3633 Scribi
530 3567 637 3633 debet:

504 3675 648 3739 nascatur
669 3672 772 3737 onum.

86 3775 183 3840 chet
206 3776 368 3852 Herculea,
403 3784 438 3845 ut
468 3778 619 3845 malcrum
649 3778 802 3844 medicina
823 3781 856 3844 et
876 3778 1019 3845 interitus
1040 3777 1147 3846 atatim

83 3881 176 3946 eimul
200 3886 354 3948 nascatur.

185 3987 252 4052 Ibd.
279 3987 374 4051 1756:

665 4097 697 4160 et
718 4115 779 4178 qua
801 4096 949 4180 plurimus
1042 4178 1044 4182 Ι

140 4224 152 4233 r
287 4201 420 4266 exundat
440 4202 530 4286 ignis,
553 4202 665 4285 recipit
684 4202 853 4285 intrepidus
875 4202 967 4268 ferun

87 4302 189 4368 Codex
208 4305 235 4370 Ε
257 4307 386 4391 repedit3
409 4307 602 4373 scribendum
624 4307 737 4393 repetit.

188 4411 351 4481 octaviam
373 4414 564 4481 emendando
586 4434 646 4481 ncn
669 4414 768 4499 attigi.
