<?xml version="1.0" encoding="UTF-8"?>
<!DOCTYPE html PUBLIC "-//W3C//DTD XHTML 1.0 Transitional//EN"
    "http://www.w3.org/TR/xhtml1/DTD/xhtml1-transitional.dtd">
<html xmlns="http://www.w3.org/1999/xhtml" xml:lang="en" lang="en">
 <head>
  <title>
</title>
<meta http-equiv="Content-Type" content="text/html;charset=utf-8" />
  <meta name='ocr-system' content='tesseract 3.04.00' />
  <meta name='ocr-capabilities' content='ocr_page ocr_carea ocr_par ocr_line ocrx_word'/>
</head>
<body>
  <div class='ocr_page' id='page_1' title='image "./ioniemadvigiiad00madvgoog_0509.png"; bbox 0 0 2656 5056; ppageno 0'>
   <div class='ocr_carea' id='block_1_1' title="bbox 260 292 893 362">
    <p class='ocr_par' dir='ltr' id='par_1_1' title="bbox 260 292 893 362">
     <span class='ocr_line' id='line_1_1' title="bbox 260 292 893 362; baseline -0.016 -4"><span class='ocrx_word' id='word_1_1' title='bbox 260 297 333 360; x_wconf 76' lang='lat' dir='ltr'>roa</span> <span class='ocrx_word' id='word_1_2' title='bbox 616 293 674 348; x_wconf 77' lang='lat' dir='ltr'>usu.</span> <span class='ocrx_word' id='word_1_3' title='bbox 685 292 761 348; x_wconf 87' lang='lat' dir='ltr'>v111.</span> <span class='ocrx_word' id='word_1_4' title='bbox 774 292 893 362; x_wconf 69' lang='lat' dir='ltr'>capno.</span> 
     </span>
    </p>
   </div>
   <div class='ocr_carea' id='block_1_2' title="bbox 211 488 1326 4146">
    <p class='ocr_par' dir='ltr' id='par_1_2' title="bbox 218 488 1326 2774">
     <span class='ocr_line' id='line_1_2' title="bbox 219 488 1260 579; baseline -0.007 -16"><span class='ocrx_word' id='word_1_5' title='bbox 219 499 275 563; x_wconf 89' lang='lat' dir='ltr'>hoe</span> <span class='ocrx_word' id='word_1_6' title='bbox 296 493 520 579; x_wconf 90' lang='lat' dir='ltr'>quodammodo</span> <span class='ocrx_word' id='word_1_7' title='bbox 550 495 582 556; x_wconf 87' lang='lat' dir='ltr'>et</span> <span class='ocrx_word' id='word_1_8' title='bbox 603 492 730 567; x_wconf 82' lang='lat' dir='ltr'>foratur)</span> <span class='ocrx_word' id='word_1_9' title='bbox 762 488 961 554; x_wconf 84' lang='lat' dir='ltr'>oculorum</span> <span class='ocrx_word' id='word_1_10' title='bbox 984 493 1109 574; x_wconf 89' lang='lat' dir='ltr'>atque</span> <span class='ocrx_word' id='word_1_11' title='bbox 1131 493 1260 558; x_wconf 88' lang='lat' dir='ltr'>auriuu</span> 
     </span>
     <span class='ocr_line' id='line_1_3' title="bbox 220 594 1262 673; baseline -0.007 -6"><span class='ocrx_word' id='word_1_12' title='bbox 220 620 390 673; x_wconf 87' lang='lat' dir='ltr'>sensum,</span> <span class='ocrx_word' id='word_1_13' title='bbox 445 599 582 662; x_wconf 90' lang='lat' dir='ltr'>bonam</span> <span class='ocrx_word' id='word_1_14' title='bbox 622 594 893 660; x_wconf 84' lang='lat' dir='ltr'>valetudinem</span> <span class='ocrx_word' id='word_1_15' title='bbox 939 596 980 658; x_wconf 89' lang='lat' dir='ltr'>et</span> <span class='ocrx_word' id='word_1_16' title='bbox 1024 615 1101 661; x_wconf 88' lang='lat' dir='ltr'>nou</span> <span class='ocrx_word' id='word_1_17' title='bbox 1146 598 1262 662; x_wconf 84' lang='lat' dir='ltr'>foeduu</span> 
     </span>
     <span class='ocr_line' id='line_1_4' title="bbox 219 698 1264 787; baseline -0.005 -16"><span class='ocrx_word' id='word_1_18' title='bbox 219 708 421 787; x_wconf 85' lang='lat' dir='ltr'>aspectum</span> <span class='ocrx_word' id='word_1_19' title='bbox 464 701 644 783; x_wconf 86' lang='lat' dir='ltr'>eorporis</span> <span class='ocrx_word' id='word_1_20' title='bbox 680 701 720 764; x_wconf 89' lang='lat' dir='ltr'>ot</span> <span class='ocrx_word' id='word_1_21' title='bbox 761 698 900 763; x_wconf 88' lang='lat' dir='ltr'>habitu</span> <span class='ocrx_word' id='word_1_22' title='bbox 936 706 1166 768; x_wconf 85' lang='lat' dir='ltr'>manentem</span> <span class='ocrx_word' id='word_1_23' title='bbox 1200 721 1264 774; x_wconf 85' lang='lat' dir='ltr'>suo,</span> 
     </span>
     <span class='ocr_line' id='line_1_5' title="bbox 219 803 1264 891; baseline -0.006 -15"><span class='ocrx_word' id='word_1_24' title='bbox 219 811 350 876; x_wconf 87' lang='lat' dir='ltr'>aetatis</span> <span class='ocrx_word' id='word_1_25' title='bbox 385 811 576 891; x_wconf 79' lang='lat' dir='ltr'>praterea</span> <span class='ocrx_word' id='word_1_26' title='bbox 607 803 966 888; x_wconf 82' lang='lat' dir='ltr'>longiusspatium.</span> <span class='ocrx_word' id='word_1_27' title='bbox 1019 803 1149 889; x_wconf 78' lang='lat' dir='ltr'>Opera</span> <span class='ocrx_word' id='word_1_28' title='bbox 1184 807 1264 887; x_wconf 81' lang='lat' dir='ltr'>(oodd</span> 
     </span>
     <span class='ocr_line' id='line_1_6' title="bbox 220 910 1266 997; baseline -0.003 -17"><span class='ocrx_word' id='word_1_29' title='bbox 220 916 397 997; x_wconf 86' lang='lat' dir='ltr'>spatium</span> <span class='ocrx_word' id='word_1_30' title='bbox 427 930 494 995; x_wconf 86' lang='lat' dir='ltr'>per</span> <span class='ocrx_word' id='word_1_31' title='bbox 525 910 635 988; x_wconf 82' lang='lat' dir='ltr'>hano)</span> <span class='ocrx_word' id='word_1_32' title='bbox 673 911 898 991; x_wconf 89' lang='lat' dir='ltr'>potestnon</span> <span class='ocrx_word' id='word_1_33' title='bbox 927 911 1168 990; x_wconf 70' lang='lat' dir='ltr'>punitentia</span> <span class='ocrx_word' id='word_1_34' title='bbox 1200 913 1266 996; x_wconf 80' lang='lat' dir='ltr'>agi·</span> 
     </span>
     <span class='ocr_line' id='line_1_7' title="bbox 220 1013 1267 1101; baseline -0.006 -17"><span class='ocrx_word' id='word_1_35' title='bbox 220 1023 316 1085; x_wconf 89' lang='lat' dir='ltr'>tare.</span> <span class='ocrx_word' id='word_1_36' title='bbox 366 1017 415 1082; x_wconf 85' lang='lat' dir='ltr'>Ut</span> <span class='ocrx_word' id='word_1_37' title='bbox 435 1014 670 1098; x_wconf 79' lang='lat' dir='ltr'>imperfecto</span> <span class='ocrx_word' id='word_1_38' title='bbox 693 1014 779 1078; x_wconf 88' lang='lat' dir='ltr'>viro</span> <span class='ocrx_word' id='word_1_39' title='bbox 801 1013 890 1077; x_wconf 88' lang='lat' dir='ltr'>huio</span> <span class='ocrx_word' id='word_1_40' title='bbox 911 1013 951 1089; x_wconf 92' lang='grc' dir='ltr'>(Β</span> <span class='ocrx_word' id='word_1_41' title='bbox 974 1017 1005 1079; x_wconf 87' lang='lat' dir='ltr'>et</span> <span class='ocrx_word' id='word_1_42' title='bbox 1029 1017 1083 1081; x_wconf 87' lang='lat' dir='ltr'>alii</span> <span class='ocrx_word' id='word_1_43' title='bbox 1107 1018 1267 1101; x_wconf 83' lang='lat' dir='ltr'>agitarit</span> 
     </span>
     <span class='ocr_line' id='line_1_8' title="bbox 219 1118 1269 1206; baseline -0.002 -18"><span class='ocrx_word' id='word_1_44' title='bbox 219 1123 473 1205; x_wconf 84' lang='lat' dir='ltr'>imperfecto,</span> <span class='ocrx_word' id='word_1_45' title='bbox 507 1120 544 1185; x_wconf 90' lang='lat' dir='ltr'>de</span> <span class='ocrx_word' id='word_1_46' title='bbox 576 1121 604 1184; x_wconf 82' lang='grc' dir='ltr'>Α</span> <span class='ocrx_word' id='word_1_47' title='bbox 638 1122 769 1196; x_wconf 82' lang='lat' dir='ltr'>tacetur)</span> <span class='ocrx_word' id='word_1_48' title='bbox 805 1118 973 1183; x_wconf 88' lang='lat' dir='ltr'>malitiae</span> <span class='ocrx_word' id='word_1_49' title='bbox 1005 1122 1069 1185; x_wconf 82' lang='lat' dir='ltr'>ris</span> <span class='ocrx_word' id='word_1_50' title='bbox 1108 1123 1269 1206; x_wconf 84' lang='lat' dir='ltr'>qnaedau</span> 
     </span>
     <span class='ocr_line' id='line_1_9' title="bbox 218 1223 1269 1311; baseline 0.001 -19"><span class='ocrx_word' id='word_1_51' title='bbox 218 1231 342 1302; x_wconf 81' lang='lat' dir='ltr'>inest,</span> <span class='ocrx_word' id='word_1_52' title='bbox 375 1227 466 1309; x_wconf 88' lang='lat' dir='ltr'>qnia</span> <span class='ocrx_word' id='word_1_53' title='bbox 493 1226 660 1290; x_wconf 86' lang='lat' dir='ltr'>animum</span> <span class='ocrx_word' id='word_1_54' title='bbox 695 1223 813 1289; x_wconf 86' lang='lat' dir='ltr'>habet</span> <span class='ocrx_word' id='word_1_55' title='bbox 849 1223 1034 1289; x_wconf 83' lang='lat' dir='ltr'><strong>mobilem</strong></span> <span class='ocrx_word' id='word_1_56' title='bbox 1067 1227 1114 1290; x_wconf 89' lang='lat' dir='ltr'>ad</span> <span class='ocrx_word' id='word_1_57' title='bbox 1152 1247 1269 1311; x_wconf 69' lang='lat' dir='ltr'>prora</span> 
     </span>
     <span class='ocr_line' id='line_1_10' title="bbox 219 1328 1270 1407; baseline 0 -11"><span class='ocrx_word' id='word_1_58' title='bbox 219 1332 289 1397; x_wconf 88' lang='lat' dir='ltr'>ilia</span> <span class='ocrx_word' id='word_1_59' title='bbox 311 1331 433 1394; x_wconf 81' lang='lat' dir='ltr'>altera</span> <span class='ocrx_word' id='word_1_60' title='bbox 454 1331 592 1392; x_wconf 74' lang='lat' dir='ltr'>ardena</span> <span class='ocrx_word' id='word_1_61' title='bbox 619 1328 776 1394; x_wconf 85' lang='lat' dir='ltr'>malitia</span> <span class='ocrx_word' id='word_1_62' title='bbox 809 1329 848 1407; x_wconf 88' lang='lat' dir='ltr'>(B</span> <span class='ocrx_word' id='word_1_63' title='bbox 870 1332 902 1393; x_wconf 89' lang='lat' dir='ltr'>et</span> <span class='ocrx_word' id='word_1_64' title='bbox 922 1329 975 1394; x_wconf 90' lang='lat' dir='ltr'>alii</span> <span class='ocrx_word' id='word_1_65' title='bbox 998 1330 1074 1395; x_wconf 85' lang='lat' dir='ltr'>illa</span> <span class='ocrx_word' id='word_1_66' title='bbox 1095 1332 1155 1397; x_wconf 86' lang='lat' dir='ltr'>ait</span> <span class='ocrx_word' id='word_1_67' title='bbox 1176 1351 1270 1398; x_wconf 87' lang='lat' dir='ltr'>arens</span> 
     </span>
     <span class='ocr_line' id='line_1_11' title="bbox 221 1434 1271 1518; baseline 0 -17"><span class='ocrx_word' id='word_1_68' title='bbox 221 1437 390 1512; x_wconf 78' lang='lat' dir='ltr'>malit’ia3</span> <span class='ocrx_word' id='word_1_69' title='bbox 414 1437 451 1500; x_wconf 88' lang='lat' dir='ltr'>de</span> <span class='ocrx_word' id='word_1_70' title='bbox 484 1437 667 1511; x_wconf 79' lang='lat' dir='ltr'>Ataoetur3</span> <span class='ocrx_word' id='word_1_71' title='bbox 704 1434 795 1518; x_wconf 81' lang='lat' dir='ltr'>vulgo</span> <span class='ocrx_word' id='word_1_72' title='bbox 828 1453 844 1498; x_wconf 94' lang='lat' dir='ltr'>e</span> <span class='ocrx_word' id='word_1_73' title='bbox 878 1434 998 1512; x_wconf 86' lang='lat' dir='ltr'>„oodioe</span> <span class='ocrx_word' id='word_1_74' title='bbox 1020 1434 1148 1502; x_wconf 78' lang='lat' dir='ltr'>Siou10“</span> <span class='ocrx_word' id='word_1_75' title='bbox 1173 1439 1271 1503; x_wconf 83' lang='lat' dir='ltr'>Mureti</span> 
     </span>
     <span class='ocr_line' id='line_1_12' title="bbox 220 1540 1273 1625; baseline 0.001 -20"><span class='ocrx_word' id='word_1_76' title='bbox 220 1541 328 1607; x_wconf 86' lang='lat' dir='ltr'>iilum</span> <span class='ocrx_word' id='word_1_77' title='bbox 351 1542 432 1625; x_wconf 85' lang='lat' dir='ltr'>agit</span> <span class='ocrx_word' id='word_1_78' title='bbox 454 1543 598 1607; x_wconf 79' lang='lat' dir='ltr'>haerens</span> <span class='ocrx_word' id='word_1_79' title='bbox 632 1541 728 1617; x_wconf 86' lang='lat' dir='ltr'>mal.)</span> <span class='ocrx_word' id='word_1_80' title='bbox 758 1543 796 1604; x_wconf 89' lang='lat' dir='ltr'>et</span> <span class='ocrx_word' id='word_1_81' title='bbox 826 1540 1021 1622; x_wconf 69' lang='lat' dir='ltr'>eeaqitara</span> <span class='ocrx_word' id='word_1_82' title='bbox 1056 1541 1161 1615; x_wconf 82' lang='lat' dir='ltr'><strong>(codd.</strong></span> <span class='ocrx_word' id='word_1_83' title='bbox 1184 1547 1222 1609; x_wconf 89' lang='lat' dir='ltr'>ot</span> <span class='ocrx_word' id='word_1_84' title='bbox 1240 1562 1273 1607; x_wconf 86' lang='lat' dir='ltr'>es</span> 
     </span>
     <span class='ocr_line' id='line_1_13' title="bbox 220 1643 1273 1730; baseline 0.004 -20"><span class='ocrx_word' id='word_1_85' title='bbox 220 1648 383 1730; x_wconf 84' lang='lat' dir='ltr'>agitata)</span> <span class='ocrx_word' id='word_1_86' title='bbox 406 1648 523 1713; x_wconf 83' lang='lat' dir='ltr'>abest.</span> <span class='ocrx_word' id='word_1_87' title='bbox 556 1647 607 1727; x_wconf 86' lang='lat' dir='ltr'>(Iu</span> <span class='ocrx_word' id='word_1_88' title='bbox 629 1645 767 1729; x_wconf 80' lang='lat' dir='ltr'>margine</span> <span class='ocrx_word' id='word_1_89' title='bbox 789 1643 900 1708; x_wconf 88' lang='lat' dir='ltr'>oodiois</span> <span class='ocrx_word' id='word_1_90' title='bbox 925 1644 951 1707; x_wconf 91' lang='lat' dir='ltr'><strong>B</strong></span> <span class='ocrx_word' id='word_1_91' title='bbox 973 1645 1099 1711; x_wconf 83' lang='lat' dir='ltr'>atinde</span> <span class='ocrx_word' id='word_1_92' title='bbox 1122 1649 1155 1712; x_wconf 92' lang='lat' dir='ltr'>iu</span> <span class='ocrx_word' id='word_1_93' title='bbox 1178 1650 1273 1714; x_wconf 78' lang='lat' dir='ltr'>oeteu&#39;s</span> 
     </span>
     <span class='ocr_line' id='line_1_14' title="bbox 220 1748 1320 1834; baseline 0.005 -20"><span class='ocrx_word' id='word_1_94' title='bbox 220 1748 343 1815; x_wconf 84' lang='lat' dir='ltr'>additur</span> <span class='ocrx_word' id='word_1_95' title='bbox 371 1753 416 1817; x_wconf 90' lang='lat' dir='ltr'>de</span> <span class='ocrx_word' id='word_1_96' title='bbox 449 1751 561 1824; x_wconf 84' lang='lat' dir='ltr'>bono,</span> <span class='ocrx_word' id='word_1_97' title='bbox 598 1750 678 1834; x_wconf 91' lang='lat' dir='ltr'>quod</span> <span class='ocrx_word' id='word_1_98' title='bbox 701 1769 771 1815; x_wconf 89' lang='lat' dir='ltr'>oum</span> <span class='ocrx_word' id='word_1_99' title='bbox 799 1749 958 1814; x_wconf 79' lang='lat' dir='ltr'>Fickertus</span> <span class='ocrx_word' id='word_1_100' title='bbox 981 1752 1065 1816; x_wconf 87' lang='lat' dir='ltr'>reete</span> <span class='ocrx_word' id='word_1_101' title='bbox 1096 1754 1274 1824; x_wconf 82' lang='lat' dir='ltr'>excluderet</span> <span class='ocrx_word' id='word_1_102' title='bbox 1319 1791 1320 1794; x_wconf 61' lang='lat'><em>=</em></span> 
     </span>
     <span class='ocr_line' id='line_1_15' title="bbox 220 1854 1274 1940; baseline 0.002 -21"><span class='ocrx_word' id='word_1_103' title='bbox 220 1857 352 1922; x_wconf 83' lang='lat' dir='ltr'>Hessius</span> <span class='ocrx_word' id='word_1_104' title='bbox 386 1877 510 1938; x_wconf 85' lang='lat' dir='ltr'>prorsus</span> <span class='ocrx_word' id='word_1_105' title='bbox 541 1874 680 1940; x_wconf 80' lang='lat' dir='ltr'>peruerse</span> <span class='ocrx_word' id='word_1_106' title='bbox 709 1856 802 1921; x_wconf 88' lang='lat' dir='ltr'>etiam</span> <span class='ocrx_word' id='word_1_107' title='bbox 832 1854 942 1919; x_wconf 87' lang='lat' dir='ltr'>abest</span> <span class='ocrx_word' id='word_1_108' title='bbox 973 1854 1146 1936; x_wconf 81' lang='lat' dir='ltr'>damnavit,</span> <span class='ocrx_word' id='word_1_109' title='bbox 1181 1879 1216 1924; x_wconf 93' lang='lat' dir='ltr'>ne</span> <span class='ocrx_word' id='word_1_110' title='bbox 1241 1857 1274 1922; x_wconf 86' lang='lat' dir='ltr'>ad</span> 
     </span>
     <span class='ocr_line' id='line_1_16' title="bbox 220 1957 1273 2047; baseline 0.001 -22"><span class='ocrx_word' id='word_1_111' title='bbox 220 1963 358 2044; x_wconf 88' lang='lat' dir='ltr'>opposita</span> <span class='ocrx_word' id='word_1_112' title='bbox 390 1964 512 2047; x_wconf 90' lang='lat' dir='ltr'>quidem</span> <span class='ocrx_word' id='word_1_113' title='bbox 545 1963 649 2027; x_wconf 88' lang='lat' dir='ltr'>inest</span> <span class='ocrx_word' id='word_1_114' title='bbox 753 1961 861 2024; x_wconf 88' lang='lat' dir='ltr'>abest</span> <span class='ocrx_word' id='word_1_115' title='bbox 882 1957 1068 2039; x_wconf 87' lang='lat' dir='ltr'>attendens.)</span> <span class='ocrx_word' id='word_1_116' title='bbox 1121 1963 1273 2028; x_wconf 87' lang='lat' dir='ltr'>Postremo</span> 
     </span>
     <span class='ocr_line' id='line_1_17' title="bbox 220 2064 1274 2148; baseline 0.002 -19"><span class='ocrx_word' id='word_1_117' title='bbox 220 2067 289 2148; x_wconf 71' lang='lat'>§34</span> <span class='ocrx_word' id='word_1_118' title='bbox 311 2067 517 2144; x_wconf 59' lang='lat' dir='ltr'>(alienor</span> <span class='ocrx_word' id='word_1_119' title='bbox 539 2067 656 2133; x_wconf 84' lang='lat' dir='ltr'>barba</span> <span class='ocrx_word' id='word_1_120' title='bbox 672 2064 912 2147; x_wconf 81' lang='lat' dir='ltr'>capillosque</span> <span class='ocrx_word' id='word_1_121' title='bbox 935 2066 1057 2142; x_wconf 85' lang='lat' dir='ltr'>tonsa)</span> <span class='ocrx_word' id='word_1_122' title='bbox 1085 2067 1274 2131; x_wconf 82' lang='lat' dir='ltr'>scribendum</span> 
     </span>
     <span class='ocr_line' id='line_1_18' title="bbox 220 2169 1275 2256; baseline 0.003 -22"><span class='ocrx_word' id='word_1_123' title='bbox 220 2176 281 2235; x_wconf 81' lang='lat' dir='ltr'>ast:</span> <span class='ocrx_word' id='word_1_124' title='bbox 305 2173 370 2238; x_wconf 88' lang='lat' dir='ltr'>sed</span> <span class='ocrx_word' id='word_1_125' title='bbox 392 2176 433 2238; x_wconf 90' lang='lat' dir='ltr'>ut</span> <span class='ocrx_word' id='word_1_126' title='bbox 454 2193 495 2238; x_wconf 84' lang='lat' dir='ltr'>ex</span> <span class='ocrx_word' id='word_1_127' title='bbox 518 2174 638 2238; x_wconf 88' lang='lat' dir='ltr'>barba</span> <span class='ocrx_word' id='word_1_128' title='bbox 666 2169 886 2255; x_wconf 73' lang='lat' dir='ltr'><em>capilloque</em></span> <span class='ocrx_word' id='word_1_129' title='bbox 907 2169 1073 2235; x_wconf 87' lang='lat' dir='ltr'>detonsa</span> <span class='ocrx_word' id='word_1_130' title='bbox 1102 2173 1275 2256; x_wconf 81' lang='lat' dir='ltr'>negligi·</span> 
     </span>
     <span class='ocr_line' id='line_1_19' title="bbox 220 2272 1276 2360; baseline 0.003 -19"><span class='ocrx_word' id='word_1_131' title='bbox 220 2296 318 2354; x_wconf 75' lang='lat' dir='ltr'>mus,</span> <span class='ocrx_word' id='word_1_132' title='bbox 352 2278 435 2342; x_wconf 84' lang='lat' dir='ltr'>etin</span> <span class='ocrx_word' id='word_1_133' title='bbox 469 2277 599 2343; x_wconf 82' lang='lat' dir='ltr'>confinio</span> <span class='ocrx_word' id='word_1_134' title='bbox 627 2276 707 2360; x_wconf 76' lang='lat'>§34</span> <span class='ocrx_word' id='word_1_135' title='bbox 729 2278 760 2339; x_wconf 87' lang='lat' dir='ltr'>et</span> <span class='ocrx_word' id='word_1_136' title='bbox 781 2274 820 2337; x_wconf 86' lang='lat'>35</span> <span class='ocrx_word' id='word_1_137' title='bbox 844 2272 924 2353; x_wconf 76' lang='lat'><strong>(32):</strong></span> <span class='ocrx_word' id='word_1_138' title='bbox 960 2273 1100 2340; x_wconf 88' lang='lat' dir='ltr'>Utrum</span> <span class='ocrx_word' id='word_1_139' title='bbox 1122 2279 1276 2359; x_wconf 85' lang='lat' dir='ltr'>proiec-</span> 
     </span>
     <span class='ocr_line' id='line_1_20' title="bbox 219 2380 1277 2448; baseline -0.001 -1"><span class='ocrx_word' id='word_1_140' title='bbox 219 2386 299 2447; x_wconf 91' lang='lat' dir='ltr'>tum</span> <span class='ocrx_word' id='word_1_141' title='bbox 322 2380 411 2447; x_wconf 84' lang='lat' dir='ltr'>aves</span> <span class='ocrx_word' id='word_1_142' title='bbox 433 2383 627 2448; x_wconf 86' lang='lat' dir='ltr'>different</span> <span class='ocrx_word' id='word_1_143' title='bbox 658 2401 701 2446; x_wconf 89' lang='lat' dir='ltr'>an</span> <span class='ocrx_word' id='word_1_144' title='bbox 732 2382 981 2446; x_wconf 82' lang='lat' dir='ltr'>consumatur</span> <span class='ocrx_word' id='word_1_145' title='bbox 1002 2382 1170 2448; x_wconf 88' lang='lat' dir='ltr'>osnibus</span> <span class='ocrx_word' id='word_1_146' title='bbox 1193 2384 1277 2447; x_wconf 88' lang='lat' dir='ltr'>date</span> 
     </span>
     <span class='ocr_line' id='line_1_21' title="bbox 219 2484 1277 2570; baseline -0.003 -17"><span class='ocrx_word' id='word_1_147' title='bbox 219 2489 349 2570; x_wconf 78' lang='lat' dir='ltr'>prada</span> <span class='ocrx_word' id='word_1_148' title='bbox 378 2489 558 2561; x_wconf 83' lang='lat' dir='ltr'>marinis,</span> <span class='ocrx_word' id='word_1_149' title='bbox 592 2485 681 2569; x_wconf 90' lang='lat' dir='ltr'>quid</span> <span class='ocrx_word' id='word_1_150' title='bbox 714 2484 760 2549; x_wconf 87' lang='lat' dir='ltr'>ad</span> <span class='ocrx_word' id='word_1_151' title='bbox 791 2485 920 2558; x_wconf 89' lang='lat' dir='ltr'>iilum,</span> <span class='ocrx_word' id='word_1_152' title='bbox 955 2485 1021 2568; x_wconf 91' lang='lat' dir='ltr'>qui</span> <span class='ocrx_word' id='word_1_153' title='bbox 1044 2486 1180 2553; x_wconf 91' lang='lat' dir='ltr'>nullus</span> <span class='ocrx_word' id='word_1_154' title='bbox 1209 2490 1277 2551; x_wconf 79' lang='lat' dir='ltr'>eet?</span> 
     </span>
     <span class='ocr_line' id='line_1_22' title="bbox 219 2590 1326 2681; baseline -0.002 -24"><span class='ocrx_word' id='word_1_155' title='bbox 219 2594 323 2657; x_wconf 75' lang='lat' dir='ltr'>&#39;inne</span> <span class='ocrx_word' id='word_1_156' title='bbox 346 2612 497 2677; x_wconf 87' lang='lat' dir='ltr'>quoquo</span> <span class='ocrx_word' id='word_1_157' title='bbox 520 2595 577 2657; x_wconf 87' lang='lat' dir='ltr'>eet.</span> <span class='ocrx_word' id='word_1_158' title='bbox 633 2593 682 2671; x_wconf 79' lang='lat' dir='ltr'>(B,</span> <span class='ocrx_word' id='word_1_159' title='bbox 715 2609 732 2655; x_wconf 91' lang='lat' dir='ltr'>e</span> <span class='ocrx_word' id='word_1_160' title='bbox 765 2610 825 2673; x_wconf 93' lang='lat' dir='ltr'>quo</span> <span class='ocrx_word' id='word_1_161' title='bbox 845 2590 960 2673; x_wconf 87' lang='lat' dir='ltr'>reliqua</span> <span class='ocrx_word' id='word_1_162' title='bbox 981 2590 1040 2654; x_wconf 83' lang='lat' dir='ltr'>loci</span> <span class='ocrx_word' id='word_1_163' title='bbox 1068 2591 1169 2657; x_wconf 85' lang='lat' dir='ltr'>forma</span> <span class='ocrx_word' id='word_1_164' title='bbox 1194 2593 1277 2658; x_wconf 90' lang='lat' dir='ltr'>resti·</span> <span class='ocrx_word' id='word_1_165' title='bbox 1325 2676 1326 2681; x_wconf 5' lang='grc' dir='ltr'>ἵ</span> 
     </span>
     <span class='ocr_line' id='line_1_23' title="bbox 219 2696 745 2774; baseline -0.006 -12"><span class='ocrx_word' id='word_1_166' title='bbox 219 2702 366 2763; x_wconf 83' lang='lat' dir='ltr'>tuta&#39;est:</span> <span class='ocrx_word' id='word_1_167' title='bbox 389 2698 518 2764; x_wconf 92' lang='lat' dir='ltr'>nullus</span> <span class='ocrx_word' id='word_1_168' title='bbox 540 2696 610 2762; x_wconf 87' lang='lat' dir='ltr'>sed</span> <span class='ocrx_word' id='word_1_169' title='bbox 631 2700 745 2774; x_wconf 86' lang='lat' dir='ltr'>tnnc.)</span> 
     </span>
    </p>

    <p class='ocr_par' dir='ltr' id='par_1_3' title="bbox 212 2801 1276 3916">
     <span class='ocr_line' id='line_1_24' title="bbox 318 2801 1276 2886; baseline 0.002 -19"><span class='ocrx_word' id='word_1_170' title='bbox 318 2805 373 2885; x_wconf 80' lang='lat' dir='ltr'>Ep.</span> <span class='ocrx_word' id='word_1_171' title='bbox 396 2803 446 2875; x_wconf 80' lang='lat'>93,</span> <span class='ocrx_word' id='word_1_172' title='bbox 469 2803 487 2863; x_wconf 79' lang='lat'><strong>7</strong></span> <span class='ocrx_word' id='word_1_173' title='bbox 510 2803 570 2880; x_wconf 61' lang='lat' dir='ltr'>(dn</span> <span class='ocrx_word' id='word_1_174' title='bbox 613 2801 720 2866; x_wconf 82' lang='lat' dir='ltr'>AEtes</span> <span class='ocrx_word' id='word_1_175' title='bbox 742 2802 847 2867; x_wconf 88' lang='lat' dir='ltr'>iuter</span> <span class='ocrx_word' id='word_1_176' title='bbox 868 2806 1029 2866; x_wconf 80' lang='lat' dir='ltr'>externa</span> <span class='ocrx_word' id='word_1_177' title='bbox 1050 2806 1129 2876; x_wconf 87' lang='lat' dir='ltr'>est;</span> <span class='ocrx_word' id='word_1_178' title='bbox 1153 2822 1276 2886; x_wconf 89' lang='lat' dir='ltr'>quam·</span> 
     </span>
     <span class='ocr_line' id='line_1_25' title="bbox 218 2907 1275 2989; baseline 0 -17"><span class='ocrx_word' id='word_1_179' title='bbox 218 2910 280 2971; x_wconf 88' lang='lat' dir='ltr'>din</span> <span class='ocrx_word' id='word_1_180' title='bbox 326 2909 412 2983; x_wconf 90' lang='lat' dir='ltr'>sim,</span> <span class='ocrx_word' id='word_1_181' title='bbox 454 2908 621 2972; x_wconf 89' lang='lat' dir='ltr'>alienum</span> <span class='ocrx_word' id='word_1_182' title='bbox 662 2911 736 2983; x_wconf 78' lang='lat' dir='ltr'>est,</span> <span class='ocrx_word' id='word_1_183' title='bbox 772 2907 953 2989; x_wconf 87' lang='lat' dir='ltr'>quamdiu</span> <span class='ocrx_word' id='word_1_184' title='bbox 991 2925 1079 2972; x_wconf 85' lang='lat' dir='ltr'>vero</span> <span class='ocrx_word' id='word_1_185' title='bbox 1115 2911 1158 2971; x_wconf 87' lang='lat' dir='ltr'>ut</span> <span class='ocrx_word' id='word_1_186' title='bbox 1196 2908 1275 2978; x_wconf 89' lang='lat' dir='ltr'>sim,</span> 
     </span>
     <span class='ocr_line' id='line_1_26' title="bbox 216 2999 1275 3095; baseline -0.002 -18"><span class='ocrx_word' id='word_1_187' title='bbox 216 3032 336 3078; x_wconf 91' lang='lat' dir='ltr'>meum</span> <span class='ocrx_word' id='word_1_188' title='bbox 369 3015 437 3078; x_wconf 88' lang='lat' dir='ltr'>est.</span> <span class='ocrx_word' id='word_1_189' title='bbox 495 3012 546 3078; x_wconf 86' lang='lat' dir='ltr'>Sic</span> <span class='ocrx_word' id='word_1_190' title='bbox 567 3011 687 3076; x_wconf 80' lang='lat' dir='ltr'>codices</span> <span class='ocrx_word' id='word_1_191' title='bbox 715 3011 775 3075; x_wconf 88' lang='lat' dir='ltr'>fide</span> <span class='ocrx_word' id='word_1_192' title='bbox 802 2999 904 3094; x_wconf 87' lang='lat' dir='ltr'>aliqua</span> <span class='ocrx_word' id='word_1_193' title='bbox 931 3011 1031 3095; x_wconf 81' lang='lat' dir='ltr'>digni;</span> <span class='ocrx_word' id='word_1_194' title='bbox 1069 3011 1227 3079; x_wconf 82' lang='lat' dir='ltr'>iieirertus</span> <span class='ocrx_word' id='word_1_195' title='bbox 1247 3014 1275 3076; x_wconf 84' lang='lat' dir='ltr'>et</span> 
     </span>
     <span class='ocr_line' id='line_1_27' title="bbox 217 3116 1274 3201; baseline 0.002 -21"><span class='ocrx_word' id='word_1_196' title='bbox 217 3118 348 3183; x_wconf 89' lang='lat' dir='ltr'>Haasius</span> <span class='ocrx_word' id='word_1_197' title='bbox 376 3135 411 3181; x_wconf 83' lang='lat' dir='ltr'>ex</span> <span class='ocrx_word' id='word_1_198' title='bbox 439 3116 719 3201; x_wconf 86' lang='lat' dir='ltr'>interpolatissimis</span> <span class='ocrx_word' id='word_1_199' title='bbox 745 3116 944 3199; x_wconf 87' lang='lat' dir='ltr'>quibusdam:</span> <span class='ocrx_word' id='word_1_200' title='bbox 967 3116 1153 3200; x_wconf 89' lang='lat' dir='ltr'>quamdiu</span> <span class='ocrx_word' id='word_1_201' title='bbox 1190 3136 1274 3182; x_wconf 88' lang='lat' dir='ltr'>vero</span> 
     </span>
     <span class='ocr_line' id='line_1_28' title="bbox 216 3219 1273 3306; baseline 0 -18"><span class='ocrx_word' id='word_1_202' title='bbox 216 3224 273 3288; x_wconf 76' lang='lat' dir='ltr'>uir</span> <span class='ocrx_word' id='word_1_203' title='bbox 297 3223 377 3288; x_wconf 90' lang='lat' dir='ltr'>sim.</span> <span class='ocrx_word' id='word_1_204' title='bbox 413 3223 611 3288; x_wconf 75' lang='lat' dir='ltr'>Manifestum</span> <span class='ocrx_word' id='word_1_205' title='bbox 634 3224 682 3286; x_wconf 87' lang='lat' dir='ltr'>ost</span> <span class='ocrx_word' id='word_1_206' title='bbox 701 3220 734 3284; x_wconf 92' lang='lat' dir='ltr'>in</span> <span class='ocrx_word' id='word_1_207' title='bbox 747 3219 1005 3297; x_wconf 81' lang='lat' dir='ltr'>alteromembro,</span> <span class='ocrx_word' id='word_1_208' title='bbox 1018 3222 1070 3286; x_wconf 90' lang='lat' dir='ltr'>nbi</span> <span class='ocrx_word' id='word_1_209' title='bbox 1082 3222 1273 3306; x_wconf 81' lang='lat' dir='ltr'>ogimrdere</span> 
     </span>
     <span class='ocr_line' id='line_1_29' title="bbox 215 3325 1272 3410; baseline -0.001 -18"><span class='ocrx_word' id='word_1_210' title='bbox 215 3330 292 3394; x_wconf 85' lang='lat' dir='ltr'>nihil</span> <span class='ocrx_word' id='word_1_211' title='bbox 314 3347 332 3392; x_wconf 89' lang='lat' dir='ltr'>a</span> <span class='ocrx_word' id='word_1_212' title='bbox 353 3328 501 3409; x_wconf 86' lang='lat' dir='ltr'>temporis</span> <span class='ocrx_word' id='word_1_213' title='bbox 523 3326 623 3409; x_wconf 84' lang='lat' dir='ltr'>spatio</span> <span class='ocrx_word' id='word_1_214' title='bbox 644 3325 805 3408; x_wconf 80' lang='lat' dir='ltr'>pendente,</span> <span class='ocrx_word' id='word_1_215' title='bbox 840 3344 968 3407; x_wconf 84' lang='lat' dir='ltr'>pravum</span> <span class='ocrx_word' id='word_1_216' title='bbox 993 3345 1060 3391; x_wconf 85' lang='lat' dir='ltr'>esso</span> <span class='ocrx_word' id='word_1_217' title='bbox 1084 3329 1272 3410; x_wconf 84' lang='lat' dir='ltr'>quamdiu.</span> 
     </span>
     <span class='ocr_line' id='line_1_30' title="bbox 214 3430 1271 3516; baseline -0.003 -19"><span class='ocrx_word' id='word_1_218' title='bbox 214 3434 279 3498; x_wconf 85' lang='lat' dir='ltr'>Nec</span> <span class='ocrx_word' id='word_1_219' title='bbox 312 3435 349 3498; x_wconf 94' lang='lat' dir='ltr'>de</span> <span class='ocrx_word' id='word_1_220' title='bbox 382 3452 417 3498; x_wconf 90' lang='lat' dir='ltr'>eo</span> <span class='ocrx_word' id='word_1_221' title='bbox 439 3451 518 3497; x_wconf 91' lang='lat' dir='ltr'>nuno</span> <span class='ocrx_word' id='word_1_222' title='bbox 551 3433 711 3514; x_wconf 83' lang='lat' dir='ltr'>quaritur,</span> <span class='ocrx_word' id='word_1_223' title='bbox 745 3430 823 3514; x_wconf 90' lang='lat' dir='ltr'>quod</span> <span class='ocrx_word' id='word_1_224' title='bbox 847 3431 902 3493; x_wconf 84' lang='lat' dir='ltr'>viri</span> <span class='ocrx_word' id='word_1_225' title='bbox 926 3431 1050 3495; x_wconf 91' lang='lat' dir='ltr'>nomine</span> <span class='ocrx_word' id='word_1_226' title='bbox 1074 3431 1271 3516; x_wconf 79' lang='lat' dir='ltr'>significatur.</span> 
     </span>
     <span class='ocr_line' id='line_1_31' title="bbox 214 3520 1273 3624; baseline -0.005 -20"><span class='ocrx_word' id='word_1_227' title='bbox 214 3539 415 3605; x_wconf 82' lang='lat' dir='ltr'>Scribendum</span> <span class='ocrx_word' id='word_1_228' title='bbox 438 3540 499 3603; x_wconf 88' lang='lat' dir='ltr'>est:</span> <span class='ocrx_word' id='word_1_229' title='bbox 545 3536 733 3616; x_wconf 81' lang='lat' dir='ltr'>Quamdiu</span> <span class='ocrx_word' id='word_1_230' title='bbox 763 3535 848 3612; x_wconf 77' lang='lat' dir='ltr'>sim,</span> <span class='ocrx_word' id='word_1_231' title='bbox 881 3535 1054 3624; x_wconf 85' lang='lat' dir='ltr'>alienum</span> <span class='ocrx_word' id='word_1_232' title='bbox 1085 3520 1160 3615; x_wconf 86' lang='lat' dir='ltr'>est;</span> <span class='ocrx_word' id='word_1_233' title='bbox 1194 3558 1273 3601; x_wconf 79' lang='lat' dir='ltr'>vere</span> 
     </span>
     <span class='ocr_line' id='line_1_32' title="bbox 213 3639 1271 3725; baseline 0 -17"><span class='ocrx_word' id='word_1_234' title='bbox 213 3649 253 3709; x_wconf 88' lang='lat' dir='ltr'>ut</span> <span class='ocrx_word' id='word_1_235' title='bbox 274 3645 359 3718; x_wconf 86' lang='lat' dir='ltr'>eim,</span> <span class='ocrx_word' id='word_1_236' title='bbox 383 3661 501 3709; x_wconf 90' lang='lat' dir='ltr'>meum</span> <span class='ocrx_word' id='word_1_237' title='bbox 524 3645 581 3707; x_wconf 90' lang='lat' dir='ltr'>est</span> <span class='ocrx_word' id='word_1_238' title='bbox 601 3645 659 3722; x_wconf 88' lang='lat' dir='ltr'>(ut,</span> <span class='ocrx_word' id='word_1_239' title='bbox 683 3639 940 3725; x_wconf 87' lang='lat' dir='ltr'>quemadmodum</span> <span class='ocrx_word' id='word_1_240' title='bbox 969 3641 1077 3706; x_wconf 87' lang='lat' dir='ltr'>statim</span> <span class='ocrx_word' id='word_1_241' title='bbox 1100 3644 1271 3718; x_wconf 82' lang='lat' dir='ltr'>subiicitur,</span> 
     </span>
     <span class='ocr_line' id='line_1_33' title="bbox 212 3745 1274 3832; baseline -0.002 -18"><span class='ocrx_word' id='word_1_242' title='bbox 212 3769 302 3832; x_wconf 83' lang='lat' dir='ltr'>agam</span> <span class='ocrx_word' id='word_1_243' title='bbox 326 3749 431 3822; x_wconf 87' lang='lat' dir='ltr'>vitam,</span> <span class='ocrx_word' id='word_1_244' title='bbox 454 3766 513 3812; x_wconf 92' lang='lat' dir='ltr'>non</span> <span class='ocrx_word' id='word_1_245' title='bbox 537 3747 763 3829; x_wconf 80' lang='lat' dir='ltr'>praetervehar).</span> <span class='ocrx_word' id='word_1_246' title='bbox 808 3745 969 3811; x_wconf 81' lang='lat' dir='ltr'>Contraria</span> <span class='ocrx_word' id='word_1_247' title='bbox 992 3750 1066 3812; x_wconf 88' lang='lat' dir='ltr'>sunt</span> <span class='ocrx_word' id='word_1_248' title='bbox 1088 3749 1274 3830; x_wconf 85' lang='lat' dir='ltr'>quamdiu</span> 
     </span>
     <span class='ocr_line' id='line_1_34' title="bbox 212 3858 358 3916; baseline 0.007 -1"><span class='ocrx_word' id='word_1_249' title='bbox 212 3858 243 3915; x_wconf 87' lang='lat' dir='ltr'>et</span> <span class='ocrx_word' id='word_1_250' title='bbox 265 3872 358 3916; x_wconf 85' lang='lat' dir='ltr'>uere.</span> 
     </span>
    </p>

    <p class='ocr_par' dir='ltr' id='par_1_4' title="bbox 211 3954 1275 4146">
     <span class='ocr_line' id='line_1_35' title="bbox 312 3954 1275 4040; baseline 0.005 -21"><span class='ocrx_word' id='word_1_251' title='bbox 312 3958 356 4019; x_wconf 87' lang='lat' dir='ltr'>De</span> <span class='ocrx_word' id='word_1_252' title='bbox 388 3976 434 4039; x_wconf 87' lang='lat' dir='ltr'>ep.</span> <span class='ocrx_word' id='word_1_253' title='bbox 472 3957 523 4030; x_wconf 76' lang='lat'>94,</span> <span class='ocrx_word' id='word_1_254' title='bbox 556 3957 575 4017; x_wconf 82' lang='lat'>‘2</span> <span class='ocrx_word' id='word_1_255' title='bbox 604 3954 665 4019; x_wconf 82' lang='lat' dir='ltr'>diri</span> <span class='ocrx_word' id='word_1_256' title='bbox 693 3957 752 4020; x_wconf 89' lang='lat' dir='ltr'>vol.</span> <span class='ocrx_word' id='word_1_257' title='bbox 787 3957 802 4019; x_wconf 91' lang='lat' dir='ltr'>i</span> <span class='ocrx_word' id='word_1_258' title='bbox 832 3977 860 4040; x_wconf 82' lang='lat' dir='ltr'>p.</span> <span class='ocrx_word' id='word_1_259' title='bbox 893 3956 944 4020; x_wconf 88' lang='grc'>39.</span> <span class='ocrx_word' id='word_1_260' title='bbox 1006 3957 1050 4021; x_wconf 89' lang='lat' dir='ltr'>De</span> <span class='ocrx_word' id='word_1_261' title='bbox 1084 3958 1275 4024; x_wconf 85' lang='lat' dir='ltr'>restituenda</span> 
     </span>
     <span class='ocr_line' id='line_1_36' title="bbox 211 4061 1274 4146; baseline 0.003 -21"><span class='ocrx_word' id='word_1_262' title='bbox 211 4063 315 4126; x_wconf 85' lang='lat' dir='ltr'>eodem</span> <span class='ocrx_word' id='word_1_263' title='bbox 338 4062 404 4125; x_wconf 86' lang='lat' dir='ltr'>loeo</span> <span class='ocrx_word' id='word_1_264' title='bbox 427 4063 540 4127; x_wconf 79' lang='lat' dir='ltr'>Mureti</span> <span class='ocrx_word' id='word_1_265' title='bbox 562 4065 593 4126; x_wconf 88' lang='lat' dir='ltr'>et</span> <span class='ocrx_word' id='word_1_266' title='bbox 614 4061 799 4144; x_wconf 87' lang='lat' dir='ltr'>reliquorum</span> <span class='ocrx_word' id='word_1_267' title='bbox 816 4063 888 4125; x_wconf 88' lang='lat' dir='ltr'>aute</span> <span class='ocrx_word' id='word_1_268' title='bbox 902 4061 1079 4126; x_wconf 82' lang='lat' dir='ltr'>iielrerturu</span> <span class='ocrx_word' id='word_1_269' title='bbox 1102 4065 1274 4146; x_wconf 85' lang='lat' dir='ltr'>scriptura:</span> 
     </span>
    </p>
   </div>
   <div class='ocr_carea' id='block_1_3' title="bbox 0 0 1332 5056">
    <p class='ocr_par' dir='ltr' id='par_1_5' title="bbox 0 0 1332 5056">
     <span class='ocr_line' id='line_1_37' title="bbox 0 0 1332 5056; baseline 0 2"><span class='ocrx_word' id='word_1_270' title='bbox 0 0 1332 5056; x_wconf 95' lang='lat' dir='ltr'> </span> 
     </span>
    </p>
   </div>
   <div class='ocr_carea' id='block_1_4' title="bbox 1324 1465 1331 2330">
    <p class='ocr_par' dir='ltr' id='par_1_6' title="bbox 1324 1465 1331 2330">
     <span class='ocr_line' id='line_1_38' title="bbox 1324 1465 1331 2330; baseline 0 0"><span class='ocrx_word' id='word_1_271' title='bbox 1324 1465 1331 2330; x_wconf 95' lang='lat' dir='ltr'> </span> 
     </span>
    </p>
   </div>
  </div>
 </body>
</html>
