2678 5018
519 632 665 690 Terentius.
1040 638 1079 700 21

1 819 13 990 f
52 831 103 896 niti
119 832 155 895 td
176 832 349 918 supplicii
369 833 467 898 tabeo
489 835 616 918 possunt
637 834 824 917 significare:
856 836 932 902 satis
963 856 1060 921 poena
1081 840 1121 906 ab

54 940 217 1023 affinemgo.
269 939 339 1019 Qui
362 960 490 1006 versum
511 943 565 1006 aut
586 941 715 1007 alteram
738 942 856 1023 purtem
878 960 984 1009 versus
1006 942 1118 1019 dolent,

57 1068 91 1114 eos
107 1048 241 1124 omitto3
269 1046 503 1130 desperationis
527 1047 608 1112 enim
643 1048 701 1113 hoe
720 1048 768 1112 est
788 1047 968 1116 remedium.
1021 1048 1118 1114 Soribi

59 1156 165 1327 debstatiis
188 1259 277 1325 mihi
300 1261 334 1325 id
357 1260 490 1326 habeam
512 1259 608 1335 solati,
631 1259 703 1324 dum
726 1261 796 1326 illos
817 1234 946 1328 ulciscar
967 1261 1069 1328 modo.

143 1367 214 1432 lbd.
239 1367 308 1429 350
331 1367 402 1443 (Ill,
424 1367 453 1440 2,
477 1365 542 1442 52);

3 994 12 1017 )

254 1472 341 1552 Quid
364 1472 458 1537 istiu?
479 1472 562 1547 oedo,
584 1477 619 1537 ut
640 1472 750 1538 melius
771 1470 864 1536 deas.

148 1578 308 1644 Consedit
330 1578 420 1656 (ieta,
454 1577 564 1643 melius
585 1578 685 1644 dicere
706 1578 887 1644 Sostratam.
941 1575 1002 1641 Sed
1023 1576 1119 1642 inter-

64 1686 170 1771 rogatio
206 1685 267 1750 illa
305 1684 399 1768 (qnid
429 1679 531 1766 istiol)
568 1686 686 1750 rationo
718 1686 751 1749 et
771 1682 924 1750 sententia
945 1683 1036 1747 naret.
1079 1682 1121 1747 Et

15 1853 20 1870 Ν,
64 1792 170 1857 udices
192 1792 309 1854 aromo
330 1790 455 1855 habent.
502 1787 720 1854 Scribendum:

13 1871 20 1950 l
259 1895 366 1976 Quid?
386 1896 444 1959 islo
465 1895 582 1972 oooedo,
604 1897 640 1959 ut
661 1896 772 1960 melius
793 1895 889 1973 dieas,

11 2003 12 2006 ’
63 2005 165 2079 idest
189 2004 224 2068 in
246 2004 342 2068 istam
363 2004 494 2085 partem.

7 2092 15 2178 l
154 2107 527 2186 mmmmm

96 2218 157 2291 An
181 2216 327 2282 minime:
361 2231 516 2298 nunquam
538 2203 569 2279 te
591 2213 690 2288 aliter,
713 2215 805 2297 atque
827 2231 871 2288 es,
893 2214 923 2278 in
945 2212 1080 2277 animum

793 2319 897 2384 induxi
921 2337 1035 2383 meum.

157 2429 279 2494 undose
314 2427 426 2492 dicitur
458 2426 545 2489 alitor
579 2425 711 2511 aliquem
746 2425 778 2487 in
810 2426 945 2488 animum
968 2424 1118 2503 inducere,

62 2546 148 2621 alque
177 2537 227 2610 eit,
260 2552 314 2617 pro
336 2553 384 2611 eo,
423 2534 501 2616 quod
533 2535 597 2598 ast:
630 2530 718 2594 aliter
749 2531 880 2616 aliquem
917 2553 977 2595 ease
1002 2532 1023 2594 i.
1047 2553 1076 2594 u.
1098 2531 1119 2595 i.

61 2651 147 2725 utque
169 2642 217 2703 eit.
262 2639 479 2710 Scribonium:

1 2775 3 2895 J
99 2748 162 2825 Ah,
184 2746 330 2812 minime:
361 2764 516 2829 nunquam
538 2749 570 2811 te
591 2747 691 2869 aliter,
715 2748 807 2828 atque
830 2762 874 2820 es,
899 2764 957 2805 esso
978 2744 1117 2808 animum

817 2849 920 2915 induxi
941 2867 1055 2914 meum.

159 2960 308 3021 Animm
352 2958 463 3021 didono
503 2958 664 3023 Terentius
705 2958 817 3040 sapius
861 2955 952 3020 dixit
984 2956 1118 3037 (septem

57 3066 172 3132 mitem
193 3066 299 3143 lonis];
322 3065 355 3125 in
376 3065 521 3140 oninium,
550 3065 576 3129 si
598 3065 678 3129 huno
699 3064 798 3129 looum
820 3063 983 3147 orosperis,
1004 3061 1118 3131 Heaut.

0 3240 1 3260 χ
58 3171 140 3235 1028
165 3174 196 3236 et
207 3170 323 3255 prolog.
336 3174 387 3250 49,
409 3172 483 3236 Heu.
505 3172 576 3248 292,
599 3170 669 3248 603,
692 3188 865 3253 quanquam
887 3168 944 3233 hoo
965 3170 1118 3251 postremo

57 3278 124 3343 loeo
164 3276 254 3341 valde
290 3279 321 3342 in
359 3297 428 3343 eam
463 3276 575 3342 inclino
611 3275 813 3352 sententiam,
854 3277 890 3340 ut
923 3273 1119 3338 scribendum

58 3389 182 3467 putem:

2 3531 13 3564 ‚
97 3489 171 3555 Non
193 3491 263 3554 tute
283 3488 508 3554 incommodam
529 3508 605 3563 rem,
626 3491 661 3554 ut
683 3507 808 3574 quaeque
831 3490 886 3562 est,
916 3487 960 3547 ila
981 3486 1119 3550 animum

832 3594 956 3658 induces
978 3591 1064 3673 pati?

158 3700 228 3766 Ibd.
249 3700 310 3764 828
333 3702 383 3778 (V,
406 3702 436 3776 3,
458 3702 529 3784 lm:
634 3736 658 3790 p

19 3804 20 3813 ’
460 3807 556 3873 Video
578 3827 629 3874 oos
651 3826 767 3890 sapere,
789 3807 976 3889 intellegere,
998 3804 1030 3869 in
1051 3802 1118 3867 looo

157 3913 268 3987 uereri,
290 3913 373 3977 inter
395 3932 428 3978 se
450 3933 568 3980 amare:
591 3914 683 3980 scires
704 3914 835 3979 liberum

157 4019 318 4104 ingenium
340 4022 433 4103 atquo
455 4020 599 4085 animum.
642 4018 776 4098 Quouis
799 4018 867 4082 illos
889 4019 924 4080 tu
947 4015 996 4080 die

156 4125 317 4191 rodonem.

155 4232 319 4298 Soloeenm
358 4233 408 4296 est
441 4232 531 4294 seiros
557 4250 611 4314 pro
642 4232 720 4292 sonos
749 4229 786 4293 ds
812 4248 846 4294 re
871 4229 1025 4311 praesenti,
1062 4246 1118 4292 neo

70 4332 102 4407 ἢ,
130 4339 211 4422 quod
246 4338 389 4422 seqnitur
411 4339 486 4423 (qno
513 4338 559 4402 ouis
581 4387 588 4399 .
611 4385 619 4400 .
642 4385 650 4400 .
672 4335 847 4417 reddasne),
880 4335 961 4399 reete
997 4333 1118 4410 dieitur,

72 4442 118 4506 nisi
146 4445 293 4528 praeeedit
326 4445 513 4529 significatio
547 4443 700 4511 libertatis
722 4459 869 4539 conoessae
903 4442 935 4506 et
955 4440 1117 4537 usurpatae,

1050 4766 1068 4823 t
