<?xml version="1.0" encoding="UTF-8"?>
<!DOCTYPE html PUBLIC "-//W3C//DTD XHTML 1.0 Transitional//EN"
    "http://www.w3.org/TR/xhtml1/DTD/xhtml1-transitional.dtd">
<html xmlns="http://www.w3.org/1999/xhtml" xml:lang="en" lang="en">
 <head>
  <title>
</title>
<meta http-equiv="Content-Type" content="text/html;charset=utf-8" />
  <meta name='ocr-system' content='tesseract 3.04.00' />
  <meta name='ocr-capabilities' content='ocr_page ocr_carea ocr_par ocr_line ocrx_word'/>
</head>
<body>
  <div class='ocr_page' id='page_1' title='image "./ioniemadvigiiad00madvgoog_0653.png"; bbox 0 0 2648 5084; ppageno 0'>
   <div class='ocr_carea' id='block_1_1' title="bbox 156 273 852 350">
    <p class='ocr_par' dir='ltr' id='par_1_1' title="bbox 156 273 852 350">
     <span class='ocr_line' id='line_1_1' title="bbox 156 273 852 350; baseline -0.011 -8"><span class='ocrx_word' id='word_1_1' title='bbox 156 313 159 321; x_wconf 87' lang='lat'>·</span> <span class='ocrx_word' id='word_1_2' title='bbox 249 273 333 344; x_wconf 64' lang='lat' dir='ltr'>m*</span> <span class='ocrx_word' id='word_1_3' title='bbox 621 278 852 350; x_wconf 62' lang='lat' dir='ltr'>mmmm</span> 
     </span>
    </p>
   </div>
   <div class='ocr_carea' id='block_1_2' title="bbox 207 480 1263 774">
    <p class='ocr_par' dir='ltr' id='par_1_2' title="bbox 207 480 1263 774">
     <span class='ocr_line' id='line_1_2' title="bbox 207 480 1260 566; baseline -0.006 -16"><span class='ocrx_word' id='word_1_4' title='bbox 207 487 349 550; x_wconf 85' lang='lat' dir='ltr'>tionum</span> <span class='ocrx_word' id='word_1_5' title='bbox 374 484 535 566; x_wconf 93' lang='lat' dir='ltr'>poneret</span> <span class='ocrx_word' id='word_1_6' title='bbox 556 480 643 545; x_wconf 90' lang='lat' dir='ltr'>sine</span> <span class='ocrx_word' id='word_1_7' title='bbox 673 498 740 544; x_wconf 89' lang='lat' dir='ltr'>usu</span> <span class='ocrx_word' id='word_1_8' title='bbox 763 480 893 544; x_wconf 90' lang='lat' dir='ltr'>essent</span> <span class='ocrx_word' id='word_1_9' title='bbox 918 480 976 544; x_wconf 87' lang='lat' dir='ltr'>vel</span> <span class='ocrx_word' id='word_1_10' title='bbox 1001 480 1195 544; x_wconf 85' lang='lat' dir='ltr'>viridaria</span> <span class='ocrx_word' id='word_1_11' title='bbox 1214 480 1260 544; x_wconf 84' lang='lat' dir='ltr'>sel</span> 
     </span>
     <span class='ocr_line' id='line_1_3' title="bbox 208 586 1261 674; baseline -0.009 -18"><span class='ocrx_word' id='word_1_12' title='bbox 208 591 399 674; x_wconf 83' lang='lat' dir='ltr'>porticus.</span> <span class='ocrx_word' id='word_1_13' title='bbox 453 587 582 652; x_wconf 81' lang='lat' dir='ltr'><strong>Addunt</strong></span> <span class='ocrx_word' id='word_1_14' title='bbox 613 605 658 651; x_wconf 94' lang='lat' dir='ltr'>ne</span> <span class='ocrx_word' id='word_1_15' title='bbox 689 587 761 666; x_wconf 88' lang='lat' dir='ltr'>post</span> <span class='ocrx_word' id='word_1_16' title='bbox 791 588 961 666; x_wconf 91' lang='lat' dir='ltr'>poneret</span> <span class='ocrx_word' id='word_1_17' title='bbox 995 593 1058 663; x_wconf 91' lang='lat' dir='ltr'>(ne</span> <span class='ocrx_word' id='word_1_18' title='bbox 1090 586 1176 651; x_wconf 89' lang='lat' dir='ltr'>sine</span> <span class='ocrx_word' id='word_1_19' title='bbox 1205 605 1261 649; x_wconf 87' lang='lat' dir='ltr'>usn</span> 
     </span>
     <span class='ocr_line' id='line_1_4' title="bbox 208 691 1263 774; baseline -0.004 -13"><span class='ocrx_word' id='word_1_20' title='bbox 208 701 363 774; x_wconf 71' lang='lat' dir='ltr'>essent),</span> <span class='ocrx_word' id='word_1_21' title='bbox 396 694 481 760; x_wconf 89' lang='lat' dir='ltr'>nulla</span> <span class='ocrx_word' id='word_1_22' title='bbox 512 693 679 765; x_wconf 72' lang='lat' dir='ltr'>sententiar</span> <span class='ocrx_word' id='word_1_23' title='bbox 714 711 767 756; x_wconf 91' lang='lat' dir='ltr'>our</span> <span class='ocrx_word' id='word_1_24' title='bbox 787 691 881 763; x_wconf 90' lang='lat' dir='ltr'>enirn,</span> <span class='ocrx_word' id='word_1_25' title='bbox 913 691 940 755; x_wconf 89' lang='lat' dir='ltr'>si</span> <span class='ocrx_word' id='word_1_26' title='bbox 962 691 1096 757; x_wconf 73' lang='lat' dir='ltr'>thermae</span> <span class='ocrx_word' id='word_1_27' title='bbox 1131 693 1263 757; x_wconf 78' lang='lat' dir='ltr'>hiemales</span> 
     </span>
    </p>
   </div>
   <div class='ocr_carea' id='block_1_3' title="bbox 92 797 1265 888">
    <p class='ocr_par' dir='ltr' id='par_1_3' title="bbox 92 797 1265 888">
     <span class='ocr_line' id='line_1_5' title="bbox 92 797 1265 888; baseline -0.003 -22"><span class='ocrx_word' id='word_1_28' title='bbox 92 882 95 888; x_wconf 91' lang='lat'>.</span> <span class='ocrx_word' id='word_1_29' title='bbox 208 803 268 868; x_wconf 81' lang='lat' dir='ltr'>alio</span> <span class='ocrx_word' id='word_1_30' title='bbox 290 801 358 866; x_wconf 88' lang='lat' dir='ltr'>looo</span> <span class='ocrx_word' id='word_1_31' title='bbox 381 804 493 878; x_wconf 79' lang='lat' dir='ltr'>essent,</span> <span class='ocrx_word' id='word_1_32' title='bbox 517 800 583 865; x_wconf 87' lang='lat' dir='ltr'>sine</span> <span class='ocrx_word' id='word_1_33' title='bbox 602 816 658 862; x_wconf 88' lang='lat' dir='ltr'>usu</span> <span class='ocrx_word' id='word_1_34' title='bbox 680 797 791 862; x_wconf 81' lang='lat' dir='ltr'>futura</span> <span class='ocrx_word' id='word_1_35' title='bbox 822 797 869 862; x_wconf 86' lang='lat' dir='ltr'>rel</span> <span class='ocrx_word' id='word_1_36' title='bbox 899 799 1039 880; x_wconf 82' lang='lat' dir='ltr'>porticus</span> <span class='ocrx_word' id='word_1_37' title='bbox 1062 801 1113 863; x_wconf 83' lang='lat' dir='ltr'>vel</span> <span class='ocrx_word' id='word_1_38' title='bbox 1137 799 1265 864; x_wconf 69' lang='lat' dir='ltr'>vinum</span> 
     </span>
    </p>
   </div>
   <div class='ocr_carea' id='block_1_4' title="bbox 202 902 1318 3008">
    <p class='ocr_par' dir='ltr' id='par_1_4' title="bbox 207 902 1318 2246">
     <span class='ocr_line' id='line_1_6' title="bbox 208 902 1264 986; baseline -0.006 -12"><span class='ocrx_word' id='word_1_39' title='bbox 208 912 317 973; x_wconf 81' lang='lat' dir='ltr'>erant?</span> <span class='ocrx_word' id='word_1_40' title='bbox 337 910 369 973; x_wconf 91' lang='lat' dir='ltr'>et</span> <span class='ocrx_word' id='word_1_41' title='bbox 389 927 444 972; x_wconf 85' lang='lat' dir='ltr'>our</span> <span class='ocrx_word' id='word_1_42' title='bbox 464 903 640 981; x_wconf 75' lang='lat' dir='ltr'>vel-rel,</span> <span class='ocrx_word' id='word_1_43' title='bbox 663 922 721 969; x_wconf 92' lang='lat' dir='ltr'>non</span> <span class='ocrx_word' id='word_1_44' title='bbox 744 907 783 968; x_wconf 91' lang='lat' dir='ltr'>et</span> <span class='ocrx_word' id='word_1_45' title='bbox 804 903 950 986; x_wconf 83' lang='lat' dir='ltr'>ponitur?</span> <span class='ocrx_word' id='word_1_46' title='bbox 971 902 1197 969; x_wconf 87' lang='lat' dir='ltr'>Sorihendum:</span> <span class='ocrx_word' id='word_1_47' title='bbox 1217 905 1264 968; x_wconf 86' lang='lat' dir='ltr'>its</span> 
     </span>
     <span class='ocr_line' id='line_1_7' title="bbox 209 1000 1266 1093; baseline -0.006 -14"><span class='ocrx_word' id='word_1_48' title='bbox 209 1021 249 1080; x_wconf 93' lang='lat' dir='ltr'>ut</span> <span class='ocrx_word' id='word_1_49' title='bbox 282 1000 470 1079; x_wconf 81' lang='lat' dir='ltr'>hiemales</span> <span class='ocrx_word' id='word_1_50' title='bbox 506 1013 543 1076; x_wconf 93' lang='lat' dir='ltr'>in</span> <span class='ocrx_word' id='word_1_51' title='bbox 580 1010 781 1093; x_wconf 83' lang='lat' dir='ltr'>principio</span> <span class='ocrx_word' id='word_1_52' title='bbox 819 1009 1053 1091; x_wconf 88' lang='lat' dir='ltr'>portionum</span> <span class='ocrx_word' id='word_1_53' title='bbox 1091 1013 1266 1093; x_wconf 79' lang='lat' dir='ltr'>poneret,</span> 
     </span>
     <span class='ocr_line' id='line_1_8' title="bbox 208 1114 1066 1196; baseline -0.001 -15"><span class='ocrx_word' id='word_1_54' title='bbox 208 1125 315 1182; x_wconf 75' lang='lat' dir='ltr'>intes</span> <span class='ocrx_word' id='word_1_55' title='bbox 337 1121 467 1186; x_wconf 87' lang='lat' dir='ltr'>essent</span> <span class='ocrx_word' id='word_1_56' title='bbox 489 1119 551 1182; x_wconf 85' lang='lat' dir='ltr'>vel</span> <span class='ocrx_word' id='word_1_57' title='bbox 574 1115 763 1181; x_wconf 83' lang='lat' dir='ltr'>viridaria</span> <span class='ocrx_word' id='word_1_58' title='bbox 786 1114 849 1179; x_wconf 84' lang='lat' dir='ltr'>vel</span> <span class='ocrx_word' id='word_1_59' title='bbox 870 1115 1066 1196; x_wconf 87' lang='lat' dir='ltr'>porticus.</span> 
     </span>
     <span class='ocr_line' id='line_1_9' title="bbox 230 1221 1264 1313; baseline -0.006 -23"><span class='ocrx_word' id='word_1_60' title='bbox 230 1253 249 1313; x_wconf 69' lang='lat' dir='ltr'><em>j</em></span> <span class='ocrx_word' id='word_1_61' title='bbox 310 1227 374 1290; x_wconf 89' lang='lat' dir='ltr'>lbd.</span> <span class='ocrx_word' id='word_1_62' title='bbox 396 1225 454 1290; x_wconf 82' lang='lat'>33:</span> <span class='ocrx_word' id='word_1_63' title='bbox 483 1223 574 1288; x_wconf 86' lang='lat' dir='ltr'>Nam</span> <span class='ocrx_word' id='word_1_64' title='bbox 596 1240 740 1299; x_wconf 84' lang='lat' dir='ltr'>omnes,</span> <span class='ocrx_word' id='word_1_65' title='bbox 762 1221 979 1304; x_wconf 84' lang='lat' dir='ltr'>quicunque</span> <span class='ocrx_word' id='word_1_66' title='bbox 1001 1221 1125 1288; x_wconf 90' lang='lat' dir='ltr'>illum</span> <span class='ocrx_word' id='word_1_67' title='bbox 1148 1223 1264 1307; x_wconf 87' lang='lat' dir='ltr'>gladio</span> 
     </span>
     <span class='ocr_line' id='line_1_10' title="bbox 208 1326 1266 1415; baseline -0.006 -19"><span class='ocrx_word' id='word_1_68' title='bbox 208 1333 502 1415; x_wconf 75' lang='lat' dir='ltr'>adpetiverunt,</span> <span class='ocrx_word' id='word_1_69' title='bbox 525 1331 589 1413; x_wconf 91' lang='lat' dir='ltr'>qui</span> <span class='ocrx_word' id='word_1_70' title='bbox 611 1347 741 1393; x_wconf 83' lang='lat' dir='ltr'>norem</span> <span class='ocrx_word' id='word_1_71' title='bbox 765 1327 886 1392; x_wconf 86' lang='lat' dir='ltr'>inisse</span> <span class='ocrx_word' id='word_1_72' title='bbox 908 1326 1116 1405; x_wconf 77' lang='lat' dir='ltr'>dicuntur,</span> <span class='ocrx_word' id='word_1_73' title='bbox 1140 1331 1266 1411; x_wconf 84' lang='lat' dir='ltr'>postes</span> 
     </span>
     <span class='ocr_line' id='line_1_11' title="bbox 207 1434 1266 1521; baseline -0.004 -19"><span class='ocrx_word' id='word_1_74' title='bbox 207 1439 459 1521; x_wconf 80' lang='lat' dir='ltr'>interemptis</span> <span class='ocrx_word' id='word_1_75' title='bbox 481 1456 500 1502; x_wconf 92' lang='lat' dir='ltr'>a</span> <span class='ocrx_word' id='word_1_76' title='bbox 522 1435 717 1519; x_wconf 85' lang='lat' dir='ltr'>Philippis</span> <span class='ocrx_word' id='word_1_77' title='bbox 740 1434 809 1497; x_wconf 84' lang='lat' dir='ltr'>sue</span> <span class='ocrx_word' id='word_1_78' title='bbox 843 1450 954 1496; x_wconf 92' lang='lat' dir='ltr'>manu</span> <span class='ocrx_word' id='word_1_79' title='bbox 989 1435 1159 1517; x_wconf 90' lang='lat' dir='ltr'>suisque</span> <span class='ocrx_word' id='word_1_80' title='bbox 1190 1435 1266 1518; x_wconf 79' lang='lat' dir='ltr'>gls-</span> 
     </span>
     <span class='ocr_line' id='line_1_12' title="bbox 208 1540 1266 1626; baseline -0.003 -19"><span class='ocrx_word' id='word_1_81' title='bbox 208 1543 287 1607; x_wconf 89' lang='lat' dir='ltr'>diis</span> <span class='ocrx_word' id='word_1_82' title='bbox 311 1549 350 1608; x_wconf 89' lang='lat' dir='ltr'>et</span> <span class='ocrx_word' id='word_1_83' title='bbox 371 1542 511 1620; x_wconf 84' lang='lat' dir='ltr'>isdem,</span> <span class='ocrx_word' id='word_1_84' title='bbox 534 1543 672 1626; x_wconf 89' lang='lat' dir='ltr'>quihus</span> <span class='ocrx_word' id='word_1_85' title='bbox 691 1540 800 1604; x_wconf 91' lang='lat' dir='ltr'>illum</span> <span class='ocrx_word' id='word_1_86' title='bbox 824 1544 1134 1622; x_wconf 78' lang='lat' dir='ltr'>percusserant,</span> <span class='ocrx_word' id='word_1_87' title='bbox 1158 1544 1266 1606; x_wconf 88' lang='lat' dir='ltr'>inter·</span> 
     </span>
     <span class='ocr_line' id='line_1_13' title="bbox 208 1644 1265 1731; baseline -0.003 -18"><span class='ocrx_word' id='word_1_88' title='bbox 208 1651 348 1714; x_wconf 88' lang='lat' dir='ltr'>emisse</span> <span class='ocrx_word' id='word_1_89' title='bbox 387 1649 581 1714; x_wconf 83' lang='lat' dir='ltr'>dicuntur.</span> <span class='ocrx_word' id='word_1_90' title='bbox 666 1646 824 1712; x_wconf 82' lang='lat' dir='ltr'>Editiones</span> <span class='ocrx_word' id='word_1_91' title='bbox 863 1644 977 1711; x_wconf 88' lang='lat' dir='ltr'>hahent</span> <span class='ocrx_word' id='word_1_92' title='bbox 1015 1647 1265 1731; x_wconf 82' lang='lat' dir='ltr'>interemptis</span> 
     </span>
     <span class='ocr_line' id='line_1_14' title="bbox 207 1750 1265 1838; baseline -0.001 -20"><span class='ocrx_word' id='word_1_93' title='bbox 207 1755 417 1838; x_wconf 75' lang='lat' dir='ltr'>Philippis,</span> <span class='ocrx_word' id='word_1_94' title='bbox 450 1755 559 1819; x_wconf 86' lang='lat' dir='ltr'>deinde</span> <span class='ocrx_word' id='word_1_95' title='bbox 586 1772 626 1819; x_wconf 89' lang='lat' dir='ltr'>so</span> <span class='ocrx_word' id='word_1_96' title='bbox 657 1753 774 1817; x_wconf 86' lang='lat' dir='ltr'>addunt</span> <span class='ocrx_word' id='word_1_97' title='bbox 806 1754 860 1816; x_wconf 92' lang='lat' dir='ltr'>aut</span> <span class='ocrx_word' id='word_1_98' title='bbox 891 1753 961 1833; x_wconf 91' lang='lat' dir='ltr'>post</span> <span class='ocrx_word' id='word_1_99' title='bbox 995 1750 1202 1838; x_wconf 90' lang='lat' dir='ltr'>Philippis</span> <span class='ocrx_word' id='word_1_100' title='bbox 1222 1756 1265 1819; x_wconf 85' lang='lat' dir='ltr'>snt</span> 
     </span>
     <span class='ocr_line' id='line_1_15' title="bbox 207 1857 1265 1942; baseline -0.001 -18"><span class='ocrx_word' id='word_1_101' title='bbox 207 1864 278 1942; x_wconf 90' lang='lat' dir='ltr'>post</span> <span class='ocrx_word' id='word_1_102' title='bbox 299 1861 559 1926; x_wconf 87' lang='lat' dir='ltr'>interemisse.</span> <span class='ocrx_word' id='word_1_103' title='bbox 624 1858 685 1924; x_wconf 83' lang='lat' dir='ltr'>Sed</span> <span class='ocrx_word' id='word_1_104' title='bbox 706 1859 779 1941; x_wconf 91' lang='lat' dir='ltr'>quid</span> <span class='ocrx_word' id='word_1_105' title='bbox 810 1857 850 1922; x_wconf 88' lang='lat' dir='ltr'>ad</span> <span class='ocrx_word' id='word_1_106' title='bbox 878 1877 942 1923; x_wconf 88' lang='lat' dir='ltr'>rem</span> <span class='ocrx_word' id='word_1_107' title='bbox 965 1859 1104 1940; x_wconf 83' lang='lat' dir='ltr'>pertinet</span> <span class='ocrx_word' id='word_1_108' title='bbox 1125 1861 1158 1924; x_wconf 85' lang='lat' dir='ltr'>id</span> <span class='ocrx_word' id='word_1_109' title='bbox 1181 1862 1265 1925; x_wconf 89' lang='lat' dir='ltr'>inter·</span> 
     </span>
     <span class='ocr_line' id='line_1_16' title="bbox 207 1964 1266 2052; baseline -0.004 -22"><span class='ocrx_word' id='word_1_110' title='bbox 207 1968 318 2048; x_wconf 91' lang='lat' dir='ltr'>emptis</span> <span class='ocrx_word' id='word_1_111' title='bbox 341 1967 489 2052; x_wconf 91' lang='lat' dir='ltr'>Philippis</span> <span class='ocrx_word' id='word_1_112' title='bbox 512 1966 683 2032; x_wconf 81' lang='lat' dir='ltr'>eccidisse?</span> <span class='ocrx_word' id='word_1_113' title='bbox 725 1964 940 2030; x_wconf 75' lang='lat' dir='ltr'>Scribonium:</span> <span class='ocrx_word' id='word_1_114' title='bbox 977 1969 1121 2047; x_wconf 83' lang='lat' dir='ltr'>postes</span> <span class='ocrx_word' id='word_1_115' title='bbox 1155 1969 1266 2030; x_wconf 78' lang='lat' dir='ltr'>inter·</span> 
     </span>
     <span class='ocr_line' id='line_1_17' title="bbox 207 2069 1318 2163; baseline 0.005 -29"><span class='ocrx_word' id='word_1_116' title='bbox 207 2074 324 2156; x_wconf 80' lang='lat' dir='ltr'>empti</span> <span class='ocrx_word' id='word_1_117' title='bbox 354 2084 438 2136; x_wconf 69' lang='lat' dir='ltr'>surra</span> <span class='ocrx_word' id='word_1_118' title='bbox 473 2092 491 2138; x_wconf 90' lang='lat' dir='ltr'>a</span> <span class='ocrx_word' id='word_1_119' title='bbox 523 2073 716 2155; x_wconf 93' lang='lat' dir='ltr'>Philippis</span> <span class='ocrx_word' id='word_1_120' title='bbox 758 2072 837 2157; x_wconf 83' lang='lat' dir='ltr'>[aut</span> <span class='ocrx_word' id='word_1_121' title='bbox 868 2069 921 2153; x_wconf 85' lang='lat' dir='ltr'>se]</span> <span class='ocrx_word' id='word_1_122' title='bbox 962 2088 1030 2135; x_wconf 90' lang='lat' dir='ltr'>sua</span> <span class='ocrx_word' id='word_1_123' title='bbox 1065 2093 1182 2139; x_wconf 87' lang='lat' dir='ltr'>manu</span> <span class='ocrx_word' id='word_1_124' title='bbox 1317 2146 1318 2163; x_wconf 13' lang='grc' dir='ltr'>χ</span> 
     </span>
     <span class='ocr_line' id='line_1_18' title="bbox 207 2179 705 2246; baseline 0 -4"><span class='ocrx_word' id='word_1_125' title='bbox 207 2179 453 2246; x_wconf 87' lang='lat' dir='ltr'>interemisse</span> <span class='ocrx_word' id='word_1_126' title='bbox 475 2181 668 2246; x_wconf 86' lang='lat' dir='ltr'>dicuntur.</span> <span class='ocrx_word' id='word_1_127' title='bbox 703 2192 705 2195; x_wconf 78' lang='grc'><em>·</em></span> 
     </span>
    </p>

    <p class='ocr_par' dir='ltr' id='par_1_5' title="bbox 202 2281 1306 3008">
     <span class='ocr_line' id='line_1_19' title="bbox 307 2281 1265 2362; baseline -0.005 -12"><span class='ocrx_word' id='word_1_128' title='bbox 307 2287 432 2354; x_wconf 81' lang='lat' dir='ltr'>hlaxim.</span> <span class='ocrx_word' id='word_1_129' title='bbox 457 2292 488 2353; x_wconf 92' lang='lat' dir='ltr'>et</span> <span class='ocrx_word' id='word_1_130' title='bbox 509 2286 630 2351; x_wconf 89' lang='lat' dir='ltr'>Balbin.</span> <span class='ocrx_word' id='word_1_131' title='bbox 653 2284 691 2347; x_wconf 68' lang='grc' dir='ltr'>ὃς</span> <span class='ocrx_word' id='word_1_132' title='bbox 735 2284 857 2362; x_wconf 74' lang='lat' dir='ltr'>Quare</span> <span class='ocrx_word' id='word_1_133' title='bbox 889 2283 1009 2348; x_wconf 83' lang='lat' dir='ltr'>veluti</span> <span class='ocrx_word' id='word_1_134' title='bbox 1043 2290 1211 2350; x_wconf 85' lang='lat' dir='ltr'>senatus</span> <span class='ocrx_word' id='word_1_135' title='bbox 1238 2281 1265 2348; x_wconf 90' lang='lat' dir='ltr'>ei</span> 
     </span>
     <span class='ocr_line' id='line_1_20' title="bbox 206 2389 1265 2479; baseline 0 -23"><span class='ocrx_word' id='word_1_136' title='bbox 206 2393 372 2479; x_wconf 77' lang='lat' dir='ltr'>homini,</span> <span class='ocrx_word' id='word_1_137' title='bbox 407 2392 509 2478; x_wconf 89' lang='lat' dir='ltr'>quod</span> <span class='ocrx_word' id='word_1_138' title='bbox 532 2411 604 2456; x_wconf 91' lang='lat' dir='ltr'>non</span> <span class='ocrx_word' id='word_1_139' title='bbox 627 2389 779 2455; x_wconf 84' lang='lat' dir='ltr'>lieehat</span> <span class='ocrx_word' id='word_1_140' title='bbox 800 2407 904 2454; x_wconf 87' lang='lat' dir='ltr'>novae</span> <span class='ocrx_word' id='word_1_141' title='bbox 926 2389 1106 2467; x_wconf 79' lang='lat' dir='ltr'>familiae,</span> <span class='ocrx_word' id='word_1_142' title='bbox 1146 2393 1265 2475; x_wconf 91' lang='lat' dir='ltr'>impe·</span> 
     </span>
     <span class='ocr_line' id='line_1_21' title="bbox 206 2495 1265 2573; baseline -0.002 -9"><span class='ocrx_word' id='word_1_143' title='bbox 206 2501 307 2565; x_wconf 87' lang='lat' dir='ltr'>rium</span> <span class='ocrx_word' id='word_1_144' title='bbox 331 2504 458 2566; x_wconf 89' lang='lat' dir='ltr'>tamen</span> <span class='ocrx_word' id='word_1_145' title='bbox 482 2498 642 2573; x_wconf 82' lang='lat' dir='ltr'>detulit,</span> <span class='ocrx_word' id='word_1_146' title='bbox 664 2495 861 2561; x_wconf 86' lang='lat' dir='ltr'>confessis</span> <span class='ocrx_word' id='word_1_147' title='bbox 886 2497 1080 2573; x_wconf 76' lang='lat' dir='ltr'>omnihus,</span> <span class='ocrx_word' id='word_1_148' title='bbox 1104 2514 1147 2562; x_wconf 93' lang='lat' dir='ltr'>eo</span> <span class='ocrx_word' id='word_1_149' title='bbox 1172 2503 1265 2563; x_wconf 90' lang='lat' dir='ltr'>tern-</span> 
     </span>
     <span class='ocr_line' id='line_1_22' title="bbox 204 2604 1304 2702; baseline -0.004 -31"><span class='ocrx_word' id='word_1_150' title='bbox 204 2624 297 2687; x_wconf 89' lang='lat' dir='ltr'>pore</span> <span class='ocrx_word' id='word_1_151' title='bbox 320 2607 357 2671; x_wconf 93' lang='lat' dir='ltr'>in</span> <span class='ocrx_word' id='word_1_152' title='bbox 380 2604 731 2685; x_wconf 85' lang='lat' dir='ltr'>senatn&#39;sptiorem</span> <span class='ocrx_word' id='word_1_153' title='bbox 755 2620 822 2667; x_wconf 91' lang='lat' dir='ltr'>non</span> <span class='ocrx_word' id='word_1_154' title='bbox 844 2604 1011 2667; x_wconf 83' lang='lat' dir='ltr'>esseest</span> <span class='ocrx_word' id='word_1_155' title='bbox 1079 2604 1115 2668; x_wconf 91' lang='lat' dir='ltr'>In</span> <span class='ocrx_word' id='word_1_156' title='bbox 1140 2604 1264 2669; x_wconf 85' lang='lat' dir='ltr'>veluti</span> <span class='ocrx_word' id='word_1_157' title='bbox 1298 2680 1304 2702; x_wconf 21' lang='grc' dir='ltr'>ἢ</span> 
     </span>
     <span class='ocr_line' id='line_1_23' title="bbox 204 2707 1306 2795; baseline -0.002 -17"><span class='ocrx_word' id='word_1_158' title='bbox 204 2715 311 2795; x_wconf 90' lang='lat' dir='ltr'>opinor</span> <span class='ocrx_word' id='word_1_159' title='bbox 346 2714 470 2778; x_wconf 85' lang='lat' dir='ltr'>subesse</span> <span class='ocrx_word' id='word_1_160' title='bbox 512 2710 648 2774; x_wconf 83' lang='lat' dir='ltr'>dativum</span> <span class='ocrx_word' id='word_1_161' title='bbox 687 2709 841 2791; x_wconf 83' lang='lat' dir='ltr'>participii</span> <span class='ocrx_word' id='word_1_162' title='bbox 885 2707 1094 2792; x_wconf 84' lang='lat' dir='ltr'>orationisque</span> <span class='ocrx_word' id='word_1_163' title='bbox 1120 2710 1262 2783; x_wconf 21' lang='lat' dir='ltr'>‘formam</span> <span class='ocrx_word' id='word_1_164' title='bbox 1305 2710 1306 2718; x_wconf 40' lang='lat'>³</span> 
     </span>
     <span class='ocr_line' id='line_1_24' title="bbox 203 2815 1264 2894; baseline -0.005 -12"><span class='ocrx_word' id='word_1_165' title='bbox 203 2819 376 2884; x_wconf 88' lang='lat' dir='ltr'>huiusmodi</span> <span class='ocrx_word' id='word_1_166' title='bbox 398 2818 508 2882; x_wconf 88' lang='lat' dir='ltr'>fuisse:</span> <span class='ocrx_word' id='word_1_167' title='bbox 553 2815 683 2894; x_wconf 82' lang='lat' dir='ltr'>Quare</span> <span class='ocrx_word' id='word_1_168' title='bbox 710 2816 858 2878; x_wconf 79' lang='lat' dir='ltr'>vitanti</span> <span class='ocrx_word' id='word_1_169' title='bbox 886 2818 1048 2880; x_wconf 88' lang='lat' dir='ltr'>senatus</span> <span class='ocrx_word' id='word_1_170' title='bbox 1078 2817 1114 2881; x_wconf 90' lang='lat' dir='ltr'>ei</span> <span class='ocrx_word' id='word_1_171' title='bbox 1148 2837 1264 2885; x_wconf 76' lang='lat' dir='ltr'>omne,</span> 
     </span>
     <span class='ocr_line' id='line_1_25' title="bbox 202 2910 1261 3008; baseline -0.005 -19"><span class='ocrx_word' id='word_1_172' title='bbox 202 2925 301 3008; x_wconf 87' lang='lat' dir='ltr'>quod</span> <span class='ocrx_word' id='word_1_173' title='bbox 324 2910 565 2991; x_wconf 67' lang='lat' dir='ltr'>non&#39;lioebat</span> <span class='ocrx_word' id='word_1_174' title='bbox 588 2940 693 2985; x_wconf 86' lang='lat' dir='ltr'>novae</span> <span class='ocrx_word' id='word_1_175' title='bbox 716 2922 887 3000; x_wconf 86' lang='lat' dir='ltr'>familiae,</span> <span class='ocrx_word' id='word_1_176' title='bbox 910 2921 1120 3004; x_wconf 88' lang='lat' dir='ltr'>imperium</span> <span class='ocrx_word' id='word_1_177' title='bbox 1143 2927 1261 2987; x_wconf 87' lang='lat' dir='ltr'>tamen</span> 
     </span>
    </p>
   </div>
   <div class='ocr_carea' id='block_1_5' title="bbox 88 3026 1262 3111">
    <p class='ocr_par' dir='ltr' id='par_1_6' title="bbox 88 3026 1262 3111">
     <span class='ocr_line' id='line_1_26' title="bbox 88 3026 1262 3111; baseline 0.002 -21"><span class='ocrx_word' id='word_1_178' title='bbox 88 3031 93 3051; x_wconf 85' lang='lat'><em>&#39;</em></span> <span class='ocrx_word' id='word_1_179' title='bbox 202 3026 356 3093; x_wconf 91' lang='lat' dir='ltr'>detulit</span> <span class='ocrx_word' id='word_1_180' title='bbox 387 3034 446 3094; x_wconf 88' lang='lat' dir='ltr'>oet.</span> <span class='ocrx_word' id='word_1_181' title='bbox 514 3029 583 3111; x_wconf 90' lang='lat' dir='ltr'>lpse</span> <span class='ocrx_word' id='word_1_182' title='bbox 616 3027 755 3093; x_wconf 84' lang='lat' dir='ltr'>modeste</span> <span class='ocrx_word' id='word_1_183' title='bbox 792 3030 952 3093; x_wconf 84' lang='lat' dir='ltr'>serebatur</span> <span class='ocrx_word' id='word_1_184' title='bbox 985 3027 1016 3091; x_wconf 95' lang='lat' dir='ltr'>in</span> <span class='ocrx_word' id='word_1_185' title='bbox 1049 3030 1262 3095; x_wconf 85' lang='lat' dir='ltr'>communibus</span> 
     </span>
    </p>
   </div>
   <div class='ocr_carea' id='block_1_6' title="bbox 104 3132 1293 3857">
    <p class='ocr_par' dir='ltr' id='par_1_7' title="bbox 104 3132 1293 3643">
     <span class='ocr_line' id='line_1_27' title="bbox 201 3132 1293 3209; baseline 0.002 -12"><span class='ocrx_word' id='word_1_186' title='bbox 201 3135 290 3198; x_wconf 90' lang='lat' dir='ltr'>rebus</span> <span class='ocrx_word' id='word_1_187' title='bbox 314 3139 345 3199; x_wconf 94' lang='lat' dir='ltr'>et</span> <span class='ocrx_word' id='word_1_188' title='bbox 366 3134 528 3200; x_wconf 91' lang='lat' dir='ltr'>honorihus</span> <span class='ocrx_word' id='word_1_189' title='bbox 551 3152 614 3199; x_wconf 79' lang='lat' dir='ltr'>suar</span> <span class='ocrx_word' id='word_1_190' title='bbox 636 3132 761 3198; x_wconf 80' lang='lat' dir='ltr'>familia</span> <span class='ocrx_word' id='word_1_191' title='bbox 790 3134 913 3199; x_wconf 86' lang='lat' dir='ltr'>modurn</span> <span class='ocrx_word' id='word_1_192' title='bbox 936 3133 1097 3209; x_wconf 62' lang='lat' dir='ltr'>excelsum</span> <span class='ocrx_word' id='word_1_193' title='bbox 1141 3140 1293 3201; x_wconf 80' lang='lat' dir='ltr'>senatus‘</span> 
     </span>
     <span class='ocr_line' id='line_1_28' title="bbox 200 3239 1261 3326; baseline 0.003 -23"><span class='ocrx_word' id='word_1_194' title='bbox 200 3240 228 3303; x_wconf 91' lang='lat' dir='ltr'>ei</span> <span class='ocrx_word' id='word_1_195' title='bbox 250 3259 307 3305; x_wconf 91' lang='lat' dir='ltr'>non</span> <span class='ocrx_word' id='word_1_196' title='bbox 329 3241 472 3307; x_wconf 90' lang='lat' dir='ltr'>honorem</span> <span class='ocrx_word' id='word_1_197' title='bbox 496 3243 628 3326; x_wconf 83' lang='lat' dir='ltr'>aliquem</span> <span class='ocrx_word' id='word_1_198' title='bbox 653 3239 747 3304; x_wconf 84' lang='lat' dir='ltr'>veteri</span> <span class='ocrx_word' id='word_1_199' title='bbox 778 3240 902 3305; x_wconf 86' lang='lat' dir='ltr'>familiae</span> <span class='ocrx_word' id='word_1_200' title='bbox 930 3240 1182 3319; x_wconf 81' lang='lat' dir='ltr'>conuenientem,</span> <span class='ocrx_word' id='word_1_201' title='bbox 1215 3242 1261 3306; x_wconf 87' lang='lat' dir='ltr'>sed</span> 
     </span>
     <span class='ocr_line' id='line_1_29' title="bbox 199 3346 1261 3430; baseline 0.002 -20"><span class='ocrx_word' id='word_1_202' title='bbox 199 3348 362 3429; x_wconf 88' lang='lat' dir='ltr'>imperium</span> <span class='ocrx_word' id='word_1_203' title='bbox 386 3349 504 3414; x_wconf 87' lang='lat' dir='ltr'>detulit.</span> <span class='ocrx_word' id='word_1_204' title='bbox 572 3349 605 3412; x_wconf 92' lang='lat' dir='ltr'>ln</span> <span class='ocrx_word' id='word_1_205' title='bbox 628 3347 754 3428; x_wconf 90' lang='lat' dir='ltr'>imperio</span> <span class='ocrx_word' id='word_1_206' title='bbox 787 3346 950 3412; x_wconf 83' lang='lat' dir='ltr'>deferendo</span> <span class='ocrx_word' id='word_1_207' title='bbox 981 3365 1039 3411; x_wconf 92' lang='lat' dir='ltr'>non</span> <span class='ocrx_word' id='word_1_208' title='bbox 1062 3351 1261 3430; x_wconf 77' lang='lat' dir='ltr'>quaerebatur,</span> 
     </span>
     <span class='ocr_line' id='line_1_30' title="bbox 104 3453 1261 3547; baseline 0.002 -29"><span class='ocrx_word' id='word_1_209' title='bbox 104 3497 109 3506; x_wconf 84' lang='lat'><em>-</em></span> <span class='ocrx_word' id='word_1_210' title='bbox 198 3453 273 3535; x_wconf 90' lang='lat' dir='ltr'>quid</span> <span class='ocrx_word' id='word_1_211' title='bbox 294 3454 438 3518; x_wconf 90' lang='lat' dir='ltr'>lieeret</span> <span class='ocrx_word' id='word_1_212' title='bbox 460 3459 492 3518; x_wconf 92' lang='lat' dir='ltr'>et</span> <span class='ocrx_word' id='word_1_213' title='bbox 514 3453 586 3537; x_wconf 87' lang='lat' dir='ltr'>quid</span> <span class='ocrx_word' id='word_1_214' title='bbox 601 3453 726 3518; x_wconf 83' lang='lat' dir='ltr'>lumiliae</span> <span class='ocrx_word' id='word_1_215' title='bbox 742 3453 864 3528; x_wconf 82' lang='lat' dir='ltr'>lieer·et;</span> <span class='ocrx_word' id='word_1_216' title='bbox 887 3453 989 3536; x_wconf 90' lang='lat' dir='ltr'>itaque</span> <span class='ocrx_word' id='word_1_217' title='bbox 1010 3453 1069 3519; x_wconf 90' lang='lat' dir='ltr'>hoo</span> <span class='ocrx_word' id='word_1_218' title='bbox 1094 3457 1261 3547; x_wconf 70' lang='lat' dir='ltr'>necessario</span> 
     </span>
     <span class='ocr_line' id='line_1_31' title="bbox 200 3556 658 3643; baseline 0.002 -20"><span class='ocrx_word' id='word_1_219' title='bbox 200 3560 259 3625; x_wconf 87' lang='lat' dir='ltr'>alio</span> <span class='ocrx_word' id='word_1_220' title='bbox 280 3561 423 3643; x_wconf 89' lang='lat' dir='ltr'>pertinet.</span> <span class='ocrx_word' id='word_1_221' title='bbox 528 3581 530 3586; x_wconf 93' lang='lat'>·</span> <span class='ocrx_word' id='word_1_222' title='bbox 653 3556 658 3568; x_wconf 82' lang='lat'>&#39;</span> 
     </span>
    </p>

    <p class='ocr_par' dir='ltr' id='par_1_8' title="bbox 196 3663 1260 3857">
     <span class='ocr_line' id='line_1_32' title="bbox 296 3663 1260 3748; baseline 0.001 -18"><span class='ocrx_word' id='word_1_223' title='bbox 296 3664 362 3730; x_wconf 89' lang='lat' dir='ltr'>lbd.</span> <span class='ocrx_word' id='word_1_224' title='bbox 385 3665 421 3729; x_wconf 89' lang='lat'>9:</span> <span class='ocrx_word' id='word_1_225' title='bbox 445 3663 538 3728; x_wconf 88' lang='lat' dir='ltr'>Nam</span> <span class='ocrx_word' id='word_1_226' title='bbox 565 3668 604 3728; x_wconf 92' lang='lat' dir='ltr'>et</span> <span class='ocrx_word' id='word_1_227' title='bbox 624 3665 662 3729; x_wconf 93' lang='lat' dir='ltr'>in</span> <span class='ocrx_word' id='word_1_228' title='bbox 686 3665 878 3748; x_wconf 90' lang='lat' dir='ltr'>publicum</span> <span class='ocrx_word' id='word_1_229' title='bbox 902 3666 1109 3748; x_wconf 81' lang='lat' dir='ltr'>prooessit,</span> <span class='ocrx_word' id='word_1_230' title='bbox 1134 3686 1260 3733; x_wconf 87' lang='lat' dir='ltr'>monus</span> 
     </span>
     <span class='ocr_line' id='line_1_33' title="bbox 196 3771 1260 3857; baseline 0.004 -23"><span class='ocrx_word' id='word_1_231' title='bbox 196 3772 373 3855; x_wconf 84' lang='lat' dir='ltr'>singulis</span> <span class='ocrx_word' id='word_1_232' title='bbox 398 3771 618 3854; x_wconf 85' lang='lat' dir='ltr'>quibusque</span> <span class='ocrx_word' id='word_1_233' title='bbox 641 3772 770 3837; x_wconf 88' lang='lat' dir='ltr'>tenuit</span> <span class='ocrx_word' id='word_1_234' title='bbox 791 3776 829 3837; x_wconf 92' lang='lat' dir='ltr'>et</span> <span class='ocrx_word' id='word_1_235' title='bbox 853 3790 953 3855; x_wconf 84' lang='lat' dir='ltr'>paene</span> <span class='ocrx_word' id='word_1_236' title='bbox 974 3773 1096 3837; x_wconf 89' lang='lat' dir='ltr'>iotum</span> <span class='ocrx_word' id='word_1_237' title='bbox 1121 3774 1260 3857; x_wconf 85' lang='lat' dir='ltr'>lapidis</span> 
     </span>
    </p>
   </div>
   <div class='ocr_carea' id='block_1_7' title="bbox 97 3877 1259 3960">
    <p class='ocr_par' dir='ltr' id='par_1_9' title="bbox 97 3877 1259 3960">
     <span class='ocr_line' id='line_1_34' title="bbox 97 3877 1259 3960; baseline -0.002 -18"><span class='ocrx_word' id='word_1_238' title='bbox 97 3887 99 3889; x_wconf 81' lang='grc'><strong>’</strong></span> <span class='ocrx_word' id='word_1_239' title='bbox 132 3938 140 3955; x_wconf 73' lang='grc'>,</span> <span class='ocrx_word' id='word_1_240' title='bbox 195 3896 339 3958; x_wconf 86' lang='lat' dir='ltr'>passus</span> <span class='ocrx_word' id='word_1_241' title='bbox 373 3882 443 3943; x_wconf 92' lang='lat' dir='ltr'>est.</span> <span class='ocrx_word' id='word_1_242' title='bbox 494 3878 614 3943; x_wconf 76' lang='lat' dir='ltr'>&#39;Sorihz</span> <span class='ocrx_word' id='word_1_243' title='bbox 657 3877 752 3943; x_wconf 88' lang='lat' dir='ltr'>Nam</span> <span class='ocrx_word' id='word_1_244' title='bbox 791 3882 829 3942; x_wconf 89' lang='lat' dir='ltr'>et</span> <span class='ocrx_word' id='word_1_245' title='bbox 863 3880 901 3943; x_wconf 93' lang='lat' dir='ltr'>in</span> <span class='ocrx_word' id='word_1_246' title='bbox 936 3877 1145 3960; x_wconf 81' lang='lat' dir='ltr'>publicum</span> <span class='ocrx_word' id='word_1_247' title='bbox 1181 3902 1259 3942; x_wconf 79' lang='lat' dir='ltr'>eum</span> 
     </span>
    </p>
   </div>
   <div class='ocr_carea' id='block_1_8' title="bbox 194 3983 1147 4067">
    <p class='ocr_par' dir='ltr' id='par_1_10' title="bbox 194 3983 1253 4067">
     <span class='ocr_line' id='line_1_35' title="bbox 194 3983 1147 4067; baseline 0.004 -21"><span class='ocrx_word' id='word_1_248' title='bbox 194 3984 413 4063; x_wconf 82' lang='lat' dir='ltr'>prooessit,</span> <span class='ocrx_word' id='word_1_249' title='bbox 447 3988 504 4050; x_wconf 88' lang='lat' dir='ltr'>eet.</span> <span class='ocrx_word' id='word_1_250' title='bbox 571 3983 685 4067; x_wconf 89' lang='lat' dir='ltr'>Opinor</span> <span class='ocrx_word' id='word_1_251' title='bbox 720 3987 812 4049; x_wconf 84' lang='lat' dir='ltr'>etiem</span> <span class='ocrx_word' id='word_1_252' title='bbox 851 3987 961 4051; x_wconf 88' lang='lat' dir='ltr'>luisse:</span> <span class='ocrx_word' id='word_1_253' title='bbox 1007 4004 1147 4052; x_wconf 89' lang='lat' dir='ltr'>manus</span> 
     </span>
    </p>
   </div>
   <div class='ocr_carea' id='block_1_9' title="bbox 0 0 1328 5084">
    <p class='ocr_par' dir='ltr' id='par_1_11' title="bbox 0 0 1328 5084">
     <span class='ocr_line' id='line_1_36' title="bbox 0 0 1328 5084; baseline 0 3"><span class='ocrx_word' id='word_1_254' title='bbox 0 0 1328 5084; x_wconf 95' lang='lat' dir='ltr'> </span> 
     </span>
    </p>
   </div>
  </div>
 </body>
</html>
