2662 5046
248 300 311 365 teo
394 318 400 324 ·
606 299 667 355 mn.
685 299 747 355 v11.
765 297 831 369 esp.
849 299 901 354 111.

208 500 409 584 significatur
429 496 576 580 impetu
597 496 794 560 Icenorum.
838 495 889 561 Ad
908 495 941 560 id
955 513 1067 562 nomen
1083 498 1279 583 adscriptum

208 605 310 670 inerat
329 604 408 669 illud
420 602 582 667 ·incolm.
627 601 821 680 (Ponendum
841 601 900 666 hoc
920 601 1020 667 fuerat
1038 604 1100 669 rol.
1114 605 1138 669 ·l
1159 625 1191 688 p.
1207 606 1281 670 145.

210 711 322 775 Latere
344 727 455 775 nomen
477 708 633 792 proprium
655 706 734 798 uidit
757 708 853 773 etiam
874 706 1052 790 Frigellium
1089 709 1146 775 sed
1178 711 1281 795 llly-

209 817 353 882 riorum
375 815 498 899 longius
519 814 662 890 discedit
684 831 742 879 uec
763 813 811 878 illi
833 813 899 879 baec
918 813 986 878 loca
1004 813 1228 899 attingebant.)

230 954 233 959 2
307 920 374 986 lbd
397 918 455 983 28:
505 917 639 983 Cuius.
655 919 860 1002 preceptis
891 919 933 983 ut
960 937 1021 984 res
1051 923 1278 1004 gereretur,

208 1028 246 1107 Q.
276 1027 390 1092 Atius
419 1025 543 1090 Varus
574 1040 647 1091 .·..
687 1039 791 1091 suos·
815 1025 1011 1097 bortatur,
1048 1026 1108 1089 cet.
1160 1023 1280 1106 Opinor

208 1135 321 1200 fuisse:
355 1132 396 1197 ut
427 1152 505 1194 mos
540 1132 750 1214 gereretur.
808 1131 916 1214 Neque
948 1130 1032 1194 enim
1065 1130 1277 1212 praeceptis

212 1241 296 1306 reate
321 1237 419 1320 accipi
438 1254 529 1319 posse
550 1235 688 1301 videtur:
714 1238 768 1315 „ut
788 1238 1003 1320 praeoeporat“.

308 1342 377 1410 lbd.
396 1341 451 1404 36:
487 1340 630 1419 Quare
651 1359 694 1407 ex
715 1342 977 1425 compluribus
999 1341 1171 1426 cognite,
1193 1360 1278 1407 cum

205 1448 463 1533 intelligeret
482 1445 528 1523 (G.
552 1445 724 1525 Caninius),
753 1448 888 1532 fugato
910 1446 1003 1512 duce
1024 1448 1168 1525 altero,
1189 1466 1279 1532 per·

208 1555 370 1623 terri-tos
403 1553 573 1635 reliquos
614 1553 735 1619 facile
766 1554 936 1638 opprimi
969 1571 1095 1635 posse,
1129 1572 1278 1637 magnae

206 1660 420 1726 felicitatis
459 1677 544 1724 esse
572 1659 856 1740 arbitrabatur,
884 1659 1073 1725 neminem
1104 1678 1148 1725 ex
1176 1659 1278 1726 cede

205 1765 401 1849 refugisse
438 1765 476 1830 in
508 1767 656 1843 castra,
688 1764 752 1848 qui
783 1763 1017 1848 deacoepta
1043 1756 1277 1831 calamitate

206 1870 384 1934 nuntium
408 1868 819 1954 Drappetiperfe‘rret
871 1869 913 1935 Et
933 1888 970 1935 ex
990 1869 1038 1936 bis
1060 1870 1164 1936 uerbis
1186 1873 1220 1938 et
1240 1891 1277 1937 er

206 1974 256 2050 iis,
279 1993 347 2057 quae
369 1977 553 2057 sequuntur,
591 1977 733 2059 apparet,
767 1976 896 2042 Caninio
922 1977 1121 2065 inmentem
1142 1977 1275 2054 venisse,

205 2099 295 2165 posse
316 2081 504 2163 Drappetem
540 2083 572 2145 et
606 2083 672 2148 sius
699 2082 811 2165 copias
841 2076 980 2148 incautos
1013 2083 1155 2166 opprimi,
1184 2087 1274 2159 ante·

206 2204 299 2271 quam
324 2187 487 2269 quiequam
509 2186 547 2251 de
569 2186 704 2254 Lucterii
725 2177 959 2253 clade-omnino
981 2187 1133 2266 audirent,
1157 2188 1270 2254 nedum

201 2313 242 2360 *ea
262 2294 514 2376 perterrerentur.
570 2291 640 2360 Non
672 2294 706 2358 in
738 2296 853 2359 terrore
883 2293 1023 2360 hostibus
1043 2293 1108 2358 iam
1130 2291 1264 2372 incusso,

207 2398 262 2464 sed
281 2391 501 2487 insecuritate
523 2417 627 2463 eorum
650 2418 686 2463 ex
705 2400 881 2483 ignorantia
901 2400 988 2482 spem
1009 2398 1155 2466 babebat·
1208 2399 1274 2464 Ita-

205 2524 265 2588 que
286 2504 447 2571 sententiae
469 2505 628 2588 perspicue
648 2506 803 2590 repugnat
822 2504 1068 2588 perterrito-s.
1121 2504 1160 2570 In
1187 2503 1274 2570 dete·

205 2612 336 2677 rioribus
361 2609 515 2677 codicibus
538 2610 685 2677 scribitur
705 2611 920 2693 perterreri
951 2611 1127 2694 reliquos
1154 2609 1273 2675 facile

206 2720 245 2782 et
265 2716 442 2798 opprimi.
500 2715 684 2783 Tollendum
716 2718 749 2782 et
782 2716 1017 2800 perterritos
1051 2717 1085 2781 et
1115 2717 1274 2798 perter-

204 2824 284 2887 reri
306 2834 388 2895 (cum
410 2825 469 2903 et),
491 2823 615 2888 illatum
636 2825 811 2906 utrumque,
839 2840 900 2886 non
920 2821 1078 2886 intellecta
1098 2821 1274 2886 narratione

205 2930 237 2993 et
271 2928 435 3002 sententia,
469 2947 505 2994 er
538 2929 694 3012 superiore
719 2929 773 2995 illo
804 2928 842 2994 de
871 2926 1030 3011 Lucterio:
1063 2926 1274 3009 repentino

205 3033 303 3099 malo
325 3033 557 3116 perterriti..
699 3108 702 3114 ¹

304 3141 373 3207 Ibd.
395 3140 453 3205 52:
496 3141 627 3224 Neque
648 3140 718 3207 boo
739 3141 890 3205 tantum
913 3137 1120 3221 pollicitus
1143 3140 1204 3204 est
1225 3136 1274 3218 (0.

205 3248 320 3327 Ourio),
353 3246 418 3312 sed
440 3247 559 3317 etiam
580 3265 645 3329 per
673 3265 711 3312 se
732 3244 1011 3311 discessionem
1044 3243 1178 3310 facere
1200 3263 1275 3309 cm·

203 3354 278 3435 pit3
313 3352 412 3435 quod
436 3371 479 3418 ne
500 3352 639 3433 fieret,
675 3338 857 3416 consules
882 3350 1076 3433 amicique
1097 3350 1275 3434 Pompeii

204 3459 417 3531 iusserunt,
438 3458 553 3542 atque
574 3457 632 3523 ita
652 3475 731 3522 rem
745 3455 1275 3522 moderandodisousserunt.

205 3563 320 3648 Neque
344 3562 469 3638 iubendi
500 3563 551 3654 bic
583 3562 667 3629 locus
696 3564 763 3628 crat
791 3561 975 3645 (prasertim
1006 3561 1114 3629 amicis
1145 3561 1275 3646 privatis

205 3669 372 3752 Pompeii),
393 3687 493 3752 neque
513 3668 630 3761 ⁴Latine
659 3668 771 3733 dicitur
795 3668 924 3745 iubeo,
961 3664 1004 3732 be
1035 3667 1119 3733 fiat.
1165 3667 1275 3751 Neque

205 3774 376 3840 moderatio
408 3775 473 3840 ullu
502 3774 534 3838 in
567 3774 625 3840 bac
658 3794 690 3839 re
725 3776 791 3840 erat
819 3776 873 3840 aut
901 3774 940 3838 ab
961 3772 1065 3838 Hirtio
1087 3773 1120 3838 in
1143 3772 1276 3839 Caesaris

209 3880 394 3947 adversariis
415 3879 568 3947 laudatur.
606 3880 893 3968 Scribendumest:
937 3879 1044 3959 Quod
1074 3897 1118 3945 ne
1141 3879 1275 3952 fieret,

205 3986 385 4051 consules
409 4006 474 4052 am.
499 3987 534 4052 P.
557 3988 763 4062 evicerunt,
783 3988 896 4071 atque
917 3987 1076 4052 iterem
1091 3984 1276 4050 morando

208 4093 496 4158 discusserunt.
544 4093 592 4158 Ao
614 4093 796 4160 morando
817 4094 879 4159 iam
901 4092 1048 4160 lurinius.
