2662 5046
247 299 307 364 m
605 293 868 380 mmmm

278 499 282 507 '
304 496 368 563 Pro
388 493 504 561 Roscio
525 491 607 559 dom.
629 493 681 571 55,
702 491 956 558 manifestissimo
985 492 1179 557 monstrante
1200 509 1274 558 sen·

206 601 311 667 tontis
345 600 455 674 forma,
481 596 527 664 sic
555 598 751 664 scribendum
780 599 842 664 est:
880 598 919 662 et
952 595 1272 681 quemadmodum

203 707 372 789 uterque
398 722 464 788 pro
485 721 553 769 sua
587 705 699 788 parte
721 703 839 788 petit,
870 702 925 768 sic
957 719 1025 784 pro
1057 718 1129 767 sua
1162 702 1273 785 parte

204 810 405 886 dissoluit,
436 810 551 874 heres
582 827 626 874 ex
661 829 705 871 co
736 808 866 891 parte,
899 826 972 890 qua
1007 804 1272 872 hereditatem

204 916 320 991 adiit,
358 915 485 981 socius
518 932 561 979 eu
594 931 650 991 ea,
679 930 750 997 qua
781 911 1015 978 societatem
1048 909 1151 976 coiit.
1210 911 1273 975 Do-

173 1017 176 1022 ’
205 1021 324 1100 finitur,
346 1038 413 1104 qnae
435 1019 467 1083 in
491 1020 621 1102 ubsque
642 1018 685 1082 sit
716 1033 786 1083 sua
806 1035 902 1099 pars.
945 1015 982 1080 In
1004 1015 1160 1081 codicibus
1174 1015 1273 1100 priore

205 1127 272 1192 loco
291 1142 458 1208 pronomen
475 1126 541 1202 (ea)
555 1123 681 1206 propter
702 1120 878 1204 praecedens
899 1139 965 1203 pro
987 1138 1057 1186 sna
1080 1123 1190 1204 parte
1203 1139 1274 1186 mu-

205 1231 307 1297 tatum
328 1231 377 1295 ost
397 1235 499 1308 (sua).

304 1368 407 1436 lliviu.
429 1367 464 1434 lu
486 1366 588 1434 baon.
612 1366 671 1431 31:
715 1365 781 1431 Sin
811 1365 1099 1449 praetermittes
1121 1365 1191 1444 (hoo
1213 1365 1273 1430 ori·

204 1470 301 1555 meu),
323 1472 450 1557 qualis
478 1470 554 1537 erit
584 1471 648 1535 tua
671 1470 750 1535 ista
776 1469 995 1555 accusatio,
1031 1488 1112 1553 quse
1143 1470 1274 1537 dome-

205 1579 299 1645 stici
330 1575 496 1660 periculi
531 1575 638 1666 metu
676 1574 892 1641 certissimi
932 1576 972 1663 et
1007 1575 1165 1641 maximi
1195 1576 1274 1640 cri-

204 1667 322 1750 minis
344 1700 416 1747 nou
437 1679 551 1746 modo
573 1679 851 1762 suspicionem,
880 1662 1009 1745 verum
1033 1680 1151 1746 etiam
1174 1699 1275 1755 men·

205 1788 351 1854 tionem
379 1786 508 1870 ipsam
539 1782 819 1869 pertimescat?
862 1785 960 1849 Recte
983 1784 1183 1869 Pluygersins
1205 1786 1274 1850 aui·

207 1892 383 1965 madvertit,
420 1908 475 1973 pro
502 1887 686 1971 suspicionis
715 1889 850 1970 nomine,
883 1906 950 1972 quae
981 1890 1077 1956 levior
1109 1893 1158 1956 est
1179 1908 1275 1974 quam

207 1996 334 2071 mentio,
357 1993 481 2078 requiri,
503 1991 583 2075 qnod
603 1995 725 2078 gravius
748 1995 781 2059 et
801 1992 901 2060 maius
923 1995 1090 2080 significets
1122 2014 1181 2061 neo
1201 2009 1276 2061 om-‘

206 2100 278 2165 uiuo
299 2099 433 2182 suspicio
453 2099 485 2163 in
507 2099 679 2166 accusando
703 2099 794 2165 vitari
815 2101 947 2184 poterat.
981 2101 1134 2185 Scriptum
1156 2100 1274 2168 fuerat:

207 2224 280 2271 non
301 2203 410 2270 modo
432 2204 776 2289 subscriptionem,
813 2205 870 2269 boc
895 2207 952 2284 est,
984 2205 1016 2271 in
1040 2207 1164 2272 nomine
1186 2205 1275 2272 defe-

206 2309 299 2376 rendo
322 2310 354 2375 et
375 2310 407 2374 in
428 2308 533 2375 libello
555 2310 743 2376 accusatorio
766 2311 849 2376 inter
863 2310 1072 2377 accusationis
1093 2310 1198 2394 capita
1220 2330 1277 2378 suo

199 2415 274 2481 wloco
296 2415 555 2500 consignationem
578 2415 611 2480 et
632 2402 904 2498 appellationem.¹
933 2416 1002 2482 Hoc
1023 2417 1072 2482 est
1098 2416 1181 2480 enim
1214 2416 1276 2482 cri·

100 2538 106 2550 ·
205 2538 277 2586 men
306 2520 508 2600 subscribere,
545 2539 605 2604 quo
628 2521 661 2585 et
686 2520 778 2587 verbo
806 2523 839 2587 et
866 2521 1058 2588 substantivo
1079 2520 1149 2586 inde
1179 2520 1275 2587 ducto

207 2624 364 2691 Cicereio
387 2625 572 2691 Cluentianae
594 2624 728 2691 oratioue
764 2625 802 2690 de
829 2627 1007 2693 censoribus
1033 2628 1113 2692 uota
1147 2645 1275 2692 oausam

207 2732 292 2795 certa
313 2731 449 2797 criminis
467 2730 650 2797 indicatione
682 2730 909 2799 declarantibus
932 2731 1094 2815 aliquoties
1116 2749 1192 2797 usus
1216 2731 1276 2807 est,

207 2833 245 2899 de
276 2834 396 2901 iudiciis
429 2834 480 2900 alii
514 2834 690 2927 scriptores.
758 2836 930 2920 Aptissima
973 2837 1013 2902 ad
1041 2836 1133 2901 'huno
1168 2835 1275 2902 locum

207 2939 360 3006 Asconius
383 2941 414 3006 iu
430 2939 634 3007 Milonianam
661 2960 692 3024 p.
716 2943 776 3005 159
799 2942 893 3007 Eut:
916 2941 1073 3027 Repetitoo
1094 2942 1204 3005 deinde
1218 2991 1226 3005 .
1239 2988 1274 3005 ..

208 3052 250 3106 cst
271 3042 334 3129 lcqc
354 3044 538 3123 Plautiam
558 3047 590 3108 vi
609 3067 645 3109 ea
669 3047 897 3133 subscriptione,
920 3047 1003 3133 qued
1023 3046 1091 3110 loco
1111 3048 1276 3130 tripectora

207 3159 381 3233 occupasset
401 3149 460 3216 cet.
499 3150 611 3216 Verres
633 3152 834 3217 accusabatur
869 3151 907 3216 de
928 3150 1105 3235 repetundis
1128 3169 1165 3217 oa
1189 3152 1276 3218 inter

207 3253 283 3319 alias
305 3254 537 3336 subscriptione,
569 3255 651 3339 qnod
684 3257 723 3322 ab
744 3255 914 3323 aratoribus
935 3256 1081 3323 frumenti
1102 3255 1135 3321 in
1159 3257 1274 3324 oollam

207 3358 329 3424 nomine
343 3359 503 3443 pecuniam
525 3361 712 3428 extorsisset.
724 3361 750 3442 ¹)

204 3598 402 3610 -——-—-...

237 3779 257 3847 ¹)
276 3778 433 3840 Prolulllc
451 3785 486 3840 38
504 3782 580 3839 doleo
598 3782 835 3855 aKayserotacitc
852 3782 980 3839 relictum
998 3783 1133 3854 duplicem
1150 3783 1182 3839 iu
1200 3787 1274 3840 tem·

277 3887 371 3940 porum
398 3889 448 3937 usu
477 3874 672 3942 soloecismum,
710 3891 789 3945 quem
821 3875 893 3946 apud
921 3876 1060 3931 Halmium
1087 3876 1118 3931 II
1143 3892 1172 3946 p.
1201 3878 1276 3935 1434

276 3965 441 4020 notaveram.
