2678 5016
608 286 869 358 mmmm

405 487 516 554 divites
538 504 621 565 euro,
643 487 797 552 removete
818 485 943 550 centum

406 611 477 658 rura
500 590 552 674 qui
573 587 718 656 scindunt
739 590 885 672 opulenta
904 590 1019 655 bubus:
1111 655 1125 672 ,

406 698 533 784 pauperi
555 697 682 780 surgent
702 695 798 760 animi
822 695 968 761 inuentos.

308 808 430 891 Primus
453 822 559 869 versus
581 802 647 866 sinc
669 800 845 866 condicione
867 801 984 884 positus
1007 801 1272 883 perversissimam

209 915 305 980 habet
337 911 539 985 senteutiam
572 908 604 972 in
640 906 738 972 altera
770 907 855 988 parto
888 906 955 970 dun
983 908 1057 972 sunt
1078 904 1273 989 (imperativo

208 1020 372 1102 expressae)
405 1014 621 1088 condiciones,
642 1030 770 1096 quarum
803 1011 903 1076 altera
923 1013 1043 1076 tantum
1066 1010 1118 1093 (de
1140 1011 1272 1089 divinis)

208 1125 246 1190 ad
289 1119 481 1206 paupertatis
517 1137 642 1184 sensum
678 1115 847 1181 tollendum
884 1117 1034 1199 pertinet,
1070 1117 1152 1200 prior
1190 1115 1273 1194 (tolle

202 1229 322 1315 felices)
364 1228 504 1292 universe
531 1223 582 1288 ad
616 1221 748 1286 miseriae
780 1240 916 1286 sensum.
976 1223 1043 1287 Duo
1078 1222 1275 1288 hemistichia

207 1337 308 1401 locum
331 1330 554 1417 permutarunt,
576 1329 722 1409 rectaque
743 1328 845 1391 omnia
866 1330 958 1393 erunt
977 1328 1022 1393 sic
1043 1329 1172 1411 scripta:

415 1435 496 1500 Tolle
510 1432 639 1518 felices:
662 1432 821 1507 miserum,
842 1433 917 1498 licet
938 1434 990 1509 sit,

409 1563 495 1605 nemo
517 1561 547 1602 ee
570 1539 681 1616 creden
704 1542 860 1605 removete
881 1539 980 1604 multo
1089 1558 1093 1569 ·

342 1682 346 1694 =
408 1647 520 1712 divites
543 1664 628 1722 auro,
651 1646 709 1709 cet.

308 1752 374 1819 Ibd.
399 1751 477 1815 1181
502 1770 590 1834 sqq.:

713 1855 806 1932 Mors,
829 1857 937 1922 votum
959 1834 1075 1931 meum,

427 1960 595 2025 infantibus
618 1960 760 2034 violenta,
784 1961 953 2044 virginibus
975 1960 1073 2037 venis,

428 2065 540 2148 ubique
564 2084 717 2147 properas,
739 2085 836 2141 saeva;
862 2084 912 2130 me
936 2066 1034 2131 solam
1057 2067 1150 2131 times

431 2172 570 2253 vitasque
593 2175 650 2235 cet.

307 2278 404 2342 Miror
423 2276 500 2341 nihil
532 2276 592 2340 diei
614 2276 652 2340 de
674 2278 829 2359 anupaesto
851 2277 952 2366 tertiae
974 2277 1074 2354 sedis,
1095 2277 1148 2361 qui
1170 2279 1276 2343 maui-

179 2460 180 2463 ,
206 2386 286 2450 festo
306 2402 431 2448 versum
452 2382 551 2456 vitiat,
575 2381 650 2446 nihil
681 2380 719 2445 dc
742 2383 850 2465 copula
872 2401 964 2465 prave
987 2383 1103 2458 omisso
1129 2382 1274 2467 (infanti-

208 2493 263 2555 bus
283 2488 421 2562 oisemo,
445 2488 635 2572 viminibus).
679 2486 881 2553 scribendum
903 2490 1090 2555 certissime:

712 2593 808 2668 Mors,
832 2596 939 2659 votum
961 2614 1075 2668 meum,

408 2698 576 2764 infantibus
598 2721 652 2762 nec
674 2698 753 2761 lento
774 2699 943 2783 virginibus
965 2701 1066 2775 renis;

409 2804 522 2887 ubique
547 2824 704 2888 properas,
726 2807 794 2882 cet,
847 2815 850 2819 ’

208 2909 265 2974 hoc
288 2910 350 2974 est:
382 2910 551 2975 infantibus
581 2914 612 2975 et
634 2911 803 2995 virginibus
825 2929 886 2976 uon
911 2911 1011 2987 lenta,
1045 2911 1114 2975 aut:
1150 2928 1206 2975 nec
1229 2911 1278 2974 in·

209 3013 344 3078 lentibus
366 3032 422 3079 nec
443 3016 612 3099 virginibus
633 3017 726 3082 lenta.
781 3016 910 3081 Prorsus
933 3017 1040 3082 eodem
1064 3015 1155 3081 modo
1179 3033 1279 3099 nega·

208 3119 325 3185 tionem
356 3120 442 3203 pouit
472 3121 613 3186 Valerius
647 3123 775 3188 Flaccus
808 3123 833 3197 1,
868 3122 947 3187 381:
1003 3123 1167 3207 Mycenae
1180 3146 1187 3153 ·
1201 3119 1277 3184 olim

211 3225 265 3308 qui
310 3226 443 3288 candido
474 3225 546 3287 velis
578 3225 729 3311 AEquore
767 3248 821 3289 erec
854 3238 965 3291 stanter
1012 3227 1163 3290 mirabere
1194 3225 1280 3288 mille

210 3331 380 3414 mayolum,
403 3331 460 3396 hoc
482 3335 542 3404 est,
580 3350 637 3397 nec
658 3352 779 3416 aequora
800 3352 856 3397 nec
881 3334 1055 3418 magistros,
1079 3336 1111 3399 et
1132 3333 1173 3406 ΙΙ,
1198 3330 1278 3394 231:

211 3435 365 3499 Immunes
388 3459 462 3521 quor
495 3448 624 3499 elmere
657 3438 749 3500 Bessi
784 3436 851 3500 Nec
878 3434 992 3502 Getice
1020 3450 1145 3524 potuere
1165 3459 1278 3499 mcum

210 3552 264 3604 aut
281 3542 426 3627 'oeqoorie
458 3544 528 3617 iro,
564 3542 621 3607 hoc
643 3544 698 3618 est,
732 3561 786 3607 nec
817 3538 903 3609 Bessi
933 3564 988 3609 nec
1011 3544 1127 3612 Geticae
1149 3561 1273 3608 manns.

210 3647 281 3712 Non
304 3647 432 3713 memini
454 3648 533 3712 hano
554 3647 761 3713 imitationem
795 3648 901 3714 Graeci¹
917 3651 1078 3733 poetarum
1100 3669 1185 3726 usus,
1219 3667 1280 3731 quo

211 3753 365 3818 interdum
393 3754 477 3836 prius
515 3751 593 3820 ocios
616 3754 763 3820 omittunt
785 3753 859 3834 (vid.
882 3755 996 3820 Matth.
1020 3755 1073 3823 Gr.
1096 3755 1150 3821 Gr.
1172 3752 1193 3839 ᾗ
1215 3752 1280 3816 609

211 3879 242 3942 ρ.
266 3858 346 3920 1227
369 3857 418 3923 cd.
440 3860 480 3934 ΙΙ,
502 3860 633 3944 interpp.
646 3860 685 3925 ad
696 3859 854 3942 Sophoclis
867 3859 995 3926 Philoct.
1020 3861 1096 3937 7715
1119 3860 1174 3926 clr.
1199 3851 1280 3925 οὐδὲ

211 3963 292 4048 apud
314 3964 426 4028 Herod.
451 3964 488 4042 V,
511 3965 562 4043 92,
585 3965 721 4050 Thucyd.
744 3966 830 4039 VIII,
854 3965 917 4044 99),
950 3966 1015 4031 sive
1037 3964 1207 4031 similitudo
1229 3968 1282 4030 ost

210 4088 284 4135 casu
305 4071 386 4148 nota
409 4089 427 4134 a
449 4088 599 4153 quoquam
621 4091 671 4137 me
693 4072 872 4137 annotatam
893 4072 1006 4155 legere.
1039 4071 1147 4137 Simile
1170 4075 1220 4138 est
1241 4090 1278 4138 ex
