2656 5056
445 668 586 730 Ciceronis
603 670 750 725 orationes.
1032 673 1092 734 :147

61 864 226 939 dicuntum
256 865 311 930 sed
337 865 413 948 quid
442 866 484 929 sit
512 866 550 929 iu
572 867 723 949 gremio
745 869 987 934 consulatus
1017 868 1134 952 aliquid

60 969 207 1051 sepelire,
245 988 369 1052 prorsus
401 990 461 1035 non
494 970 649 1054 intelligo;
682 992 752 1037 nam
787 977 819 1039 et
851 976 951 1056 ipsum
983 977 1135 1056 gremium

59 1076 243 1140 consulatus
276 1077 436 1142 ridiculam
468 1077 564 1142 habet
594 1077 772 1162 imaginem,
805 1083 837 1146 et
866 1082 898 1145 in
927 1081 1044 1165 gremio
1066 1097 1134 1161 quae

59 1181 248 1258 conduntur,
271 1183 374 1265 potius
401 1182 523 1248 tutandi
545 1184 802 1268 conservandique
825 1205 915 1252 eausa
935 1205 1026 1271 qnam
1044 1204 1134 1267 sepe·

58 1286 162 1353 lieudi
191 1288 370 1355 conduntur.
426 1290 470 1354 lix
492 1290 541 1367 iis,
571 1309 638 1374 quae
667 1295 851 1374 sequuntur:
888 1294 1135 1375 Persequere

8 1430 10 1432 v
59 1394 327 1460 continentes
348 1394 412 1459 his
433 1394 646 1461 funeribus
671 1396 774 1474 dies,
796 1403 923 1481 apparet
939 1400 1080 1481 tempora
1102 1400 1135 1462 et

59 1500 205 1564 ordinem
228 1518 330 1566 rerum
352 1520 372 1566 a
393 1500 537 1566 Cicerone
560 1501 610 1566 hic
628 1502 801 1586 significata
815 1523 882 1570 esse
897 1506 1134 1588 consulatusque

60 1605 191 1671 initium
214 1624 284 1670 eum
308 1606 420 1672 dixisse
441 1608 481 1672 ab
502 1609 616 1690 legum,
649 1627 726 1691 quas
747 1612 975 1689 commemorat,
1006 1616 1038 1675 et
1063 1629 1136 1675 cen-

60 1710 156 1776 seriae
187 1712 352 1794 potestatis
386 1713 542 1778 eversione
572 1712 685 1778 iactum
716 1733 793 1780 esse.
847 1715 1018 1800 scripserat
1038 1715 1137 1799 igitur

61 1821 187 1885 Cicero:
220 1819 258 1882 in
294 1818 445 1903 prooemio
480 1819 643 1901 sepulta
675 1821 910 1886 consulatus
941 1818 1133 1908 tumCum

62 1925 216 2010 prooemio
238 1924 339 2008 operis
360 1926 482 1990 initium
506 1923 680 1991 consulatus
701 1927 867 2007 comparat

168 2042 248 2109 Ibid.
273 2043 326 2108 l'l:
350 2063 433 2109 cum
454 2042 616 2109 videres
646 2062 806 2108 maerere
828 2061 907 2109 rem
932 2043 1136 2125 publicam

62 2149 316 2231 amplissimi
337 2148 493 2214 ordinis
521 2150 652 2227 luctu,
681 2169 699 2215 o
721 2152 860 2216 noster
883 2147 1135 2215 misericors!

63 2256 162 2340 quid
189 2254 314 2320 fecis?
357 2255 560 2338 Respublica
582 2254 646 2320 suis
667 2254 869 2322 incommodis
890 2256 1045 2330 maerebat,
1074 2273 1132 2320 nou

63 2363 197 2429 senatus
218 2360 315 2426 luctu.
361 2360 465 2426 Cicero
486 2362 664 2444 scripserat:
687 2380 771 2429 cum
792 2362 954 2428 rideres
969 2378 1136 2428 maerorem

62 2470 104 2533 R.
121 2468 156 2535 P.
180 2465 407 2548 (reipublicae),
430 2466 676 2548 amplissimi
698 2467 854 2534 ordinis
876 2468 1007 2535 luctum.
1043 2467 1137 2533 Error

62 2576 155 2639 ortus
177 2576 225 2638 est
246 2572 361 2637 omissa
382 2574 456 2637 nota
477 2572 590 2637 litterae
611 2573 688 2652 m.*)

168 2678 247 2745 Ibid.
272 2679 329 2754 66:
351 2678 586 2744 Conuiuium
608 2678 812 2761 publicum
834 2697 908 2744 non
925 2679 1136 2763 dignitatis

61 2804 189 2853 causa
218 2784 361 2863 inibit,
394 2786 473 2850 nisi
507 2784 628 2864 forte,
662 2790 704 2851 ut
730 2786 1024 2868 compatribus
1046 2803 1138 2849 con·

62 2890 344 2975 scriptis‚hoc
365 2893 442 2970 est,
459 2909 544 2956 eum
565 2890 815 2956 amatoribus
837 2889 922 2955 suis
944 2893 1060 2955 cenet
1078 2893 1136 2955 cet

63 3000 121 3065 Sic
143 2997 207 3064 cod.
229 2997 266 3060 V.
310 3000 475 3064 Amatores
498 2996 617 3062 Pisonis
638 2998 740 3080 patres
755 2994 921 3077 conscripti
934 2980 990 3079 per
1004 2994 1137 3060 ironiam

63 3106 130 3171 dici
152 3104 213 3168 nisi
235 3122 305 3168 cum
327 3104 414 3168 ioedae
436 3103 482 3168 rei
503 3101 726 3186 significatione
739 3104 790 3168 vir
804 3103 957 3185 poterant,
973 3102 1135 3185 magisque

63 3211 110 3279 ad
130 3210 250 3275 Pisonis
272 3211 303 3274 in
325 3211 429 3293 patres
451 3208 605 3292 quemad
627 3210 749 3292 patmm
772 3210 803 3273 in
828 3208 969 3273 Pisonem
992 3207 1137 3272 affectum

62 3321 155 3383 iocus
176 3315 328 3399 pertinere
350 3315 450 3381 debet.
497 3313 583 3379 Nihil
604 3316 709 3379 tamen
729 3333 897 3393 moverem,
911 3313 974 3378 nisi
989 3315 1020 3377 in
1036 3311 1138 3377 codice

63 3422 269 3508 palimpsesto
293 3419 474 3486 Taurineusi
495 3422 527 3484 et
548 3420 659 3486 ceteris
688 3420 873 3486 scriberetur
903 3419 1137 3485 maioribus.

64 3533 184 3612 Aperte
205 3527 414 3612 significatur:
437 3525 509 3590 hoc
531 3527 608 3600 est,
629 3525 891 3592 cumamorilrus
906 3525 993 3591 suis
1013 3528 1138 3591 cenet.

63 3637 200 3702 Amores
228 3637 261 3699 et
289 3632 406 3698 deliciae
435 3632 557 3696 Pisonis
584 3633 738 3697 senatores
765 3631 968 3714 appellantur,
998 3652 1084 3717 quos,v
1112 3635 1152 3697 si

64 3740 209 3807 Ciceroni
240 3740 405 3815 credimus,
437 3738 637 3803 infestissime
670 3736 788 3816 oderat,
820 3728 974 3821 quomodo
994 3739 1137 3820 ‚Philipp

64 3846 160 3924 xln,
182 3845 223 3908 26
251 3844 411 3909 deliciae
432 3846 730 3928 etqueemores
751 3844 891 3926 populi
914 3845 1079 3910 Romani
1101 3844 1138 3909 L.

64 3953 224 4019 Antonius
247 3949 428 4033 appelletur,
451 3950 532 4015 idem
547 3949 621 4014 ibid.
638 3949 721 4021 xlv,
737 3949 757 4011 8
772 3951 838 4014 siue
861 3949 960 4015 ironia
980 3949 1141 4032 insigne

124 4220 152 4288 ¹i)
169 4219 298 4276 Proxima
321 4219 504 4289 peramplo,
529 4217 577 4273 ubi
601 4217 741 4273 scribitur:
772 4225 807 4273 ut
834 4223 971 4272 senatus
990 4257 997 4272 .
1016 4256 1024 4272 .
1043 4258 1050 4272 .
1070 4258 1076 4271 .
1100 4216 1141 4272 ad

172 4313 331 4368 restitum
356 4311 504 4383 rediret„
523 4326 628 4380 vereor,
648 4327 684 4366 ne
706 4311 741 4367 ab
764 4317 875 4366 oratore
898 4309 1031 4380 scriptum
1057 4309 1141 4365 fuerit

173 4405 213 4461 ad
231 4404 389 4461 restitum
408 4408 566 4472 <suum>.
604 4405 722 4460 Senatus
740 4411 844 4459 restem
861 4409 1015 4459 mutaverat
1031 4409 1142 4473 sumpta

173 4497 302 4566 equestri,
320 4512 376 4554 nou
393 4503 499 4552 vestem
516 4502 654 4567 posuerat

890 4596 942 4654 lo*
