2648 5084
253 307 315 369 m
627 303 858 374 mmmm
1272 284 1307 330 u

213 505 332 572 Gellius
355 505 461 588 ponit),
495 505 555 569 nisi
587 504 667 588 quod
690 504 935 587 reprehensionis
955 505 1146 590 significatio
1165 470 1283 573 deesset

183 644 184 647 ¹
214 621 255 690 (v.
288 632 314 677 c.
351 611 418 677 sed
450 610 548 674 enim
585 629 700 692 prave
822 616 1074 689 sanxerunt).
1135 617 1170 679 In
1199 614 1264 678 uide

146 780 149 787 .
212 720 318 784 subest
340 718 501 783 manifesto
515 766 518 771 .
534 716 728 782 videlieet
748 720 822 781 nota
842 719 1073 800 perfrequentis
1097 740 1171 785 usus
1188 721 1268 803 serio

212 827 292 900 turn,
328 844 387 908 quo
424 824 571 889 vocabulo
618 822 756 903 elevatur
798 823 876 900 iam,
921 825 1004 906 quod
1055 827 1211 896 obiicitur:
1246 829 1269 890 in
1304 847 1305 850 ¹

212 931 338 1016 ipsum
361 931 482 996 videtur
513 930 610 994 latere
640 929 776 994 adverbii
807 930 1027 1014 superlativus:
1074 934 1152 998 Sed
1187 937 1271 998 enin
1323 913 1324 942 ³

212 1037 468 1126 iniquissime
493 1035 672 1098 videlieet
698 1036 861 1100 iniurias
896 1035 1028 1100 saetas
1062 1039 1167 1104 XXV
1196 1041 1273 1104 assi·

214 1145 282 1210 bus
305 1144 523 1209 sanxerunt.
587 1141 698 1206 Primae
727 1141 865 1206 adverbii·
884 1142 995 1207 litterae
1019 1149 1094 1226 post
1118 1148 1216 1211 enim
1235 1147 1275 1210 in·
1314 1150 1315 1154 ’

190 1253 356 1333 ‘terceptae
379 1269 447 1314 esse
472 1248 623 1324 videntur,
646 1249 704 1313 nisi
726 1248 802 1314 brit:
840 1247 903 1311 Sed
923 1249 1187 1334 iniquiorum
1207 1253 1275 1312 ride

213 1355 289 1418 licet.
350 1356 396 1420 De
415 1359 449 1436 ξ
481 1354 522 1417 34
543 1355 655 1437 primis
673 1354 773 1418 verbis
803 1352 863 1418 dixi
884 1355 933 1419 vol
966 1357 1034 1439 lp.
1059 1357 1104 1421 33
1128 1379 1174 1442 sq.
1226 1356 1276 1422 Sed

214 1465 411 1546 paulopost,
441 1452 599 1527 uberatio
628 1461 779 1527 cohaereat
811 1462 843 1524 et
875 1462 1029 1527 sententia
1051 1466 1221 1538 efficiatur,
1242 1464 1277 1528 sic

218 1569 497 1638 scribendumest:
520 1587 641 1652 neque
673 1569 756 1636 eius
783 1587 832 1632 ..ς
862 1569 1007 1632 tautam
1033 1590 1126 1634 esse
1149 1572 1276 1637 baben·

214 1677 299 1741 dam
336 1675 524 1740 rationem
557 1673 747 1739 arbitrati
780 1679 885 1747 sunt,
918 1678 976 1749 nt,
1011 1676 1188 1758 prudens
1220 1678 1278 1736 im·

211 1782 429 1866 prudenene
449 1782 637 1865 rupisset.
672 1780 923 1864 spectandum
940 1786 1155 1864 ⁸putarent
1176 1781 1278 1843 talio

213 1909 338 1950 aramve
379 1884 440 1954 vel
484 1887 528 1952 ad
582 1888 763 1952 amussim
808 1887 1099 1970 aequiperarent
1145 1891 1206 1953 vel
1245 1890 1277 1953 in

107 2038 111 2046 .
212 1993 343 2058 librili
367 1993 671 2077 perpenderent.
716 1993 841 2077 (Vulgoz
877 1996 1280 2078 ut,enprudensim-

212 2099 627 2183 prudeusnerupisset
651 2103 698 2164 et:
721 2101 956 2178 talionemin
980 2120 1021 2166 eo
1046 2104 1112 2168 vel
1137 2103 1185 2167 ad
1206 2112 1279 2174 am.)

212 2205 294 2294 §37
317 2208 349 2272 in
382 2227 428 2287 eo,
462 2206 542 2289 qnod
575 2205 606 2269 in
642 2204 798 2275 codicibus
828 2207 985 2272 scribitur:
1031 2209 1149 2287 Quod
1182 2209 1280 2273 edio·

215 2316 293 2379 tum
327 2316 455 2379 autem
490 2313 713 2395 praetorium
756 2312 798 2378 (le
837 2314 1084 2378 aestimandis
1129 2314 1279 2382 iniuriis

105 2505 108 2509 ,
215 2418 463 2503 probabilius
496 2438 581 2484 esse
614 2419 792 2495 orislvel
824 2421 921 2497 exli),
953 2419 1041 2484 nolo
1065 2424 1140 2499 eet,
1168 2422 1281 2487 videtur

215 2527 320 2602 littera
332 2548 347 2588 e
357 2525 564 2610 geminatione
578 2526 644 2588 orta
655 2544 722 2591 esse
731 2525 983 2609 obiciendumque
994 2527 1112 2592 dicti.
1125 2530 1279 2594 Postremo

165 2632 168 2638 ’
212 2631 298 2719 §40
320 2651 372 2716 pro
402 2650 449 2708 eo,
482 2629 560 2714 qnod
592 2629 704 2695 editur:
742 2650 852 2714 quam
885 2633 916 2696 ei
951 2633 1014 2698 oui
1047 2636 1279 2717 prebaretur

214 2735 399 2806 clientem
422 2737 567 2801 divisui
590 2736 788 2811 habuisse,
822 2738 1026 2811 scribendum,
1049 2759 1089 2803 ne
1113 2744 1278 2807 subiectum

215 2846 312 2911 desit:
345 2843 724 2927 quamsiqoimuis)
749 2845 1022 2927 probaretur.¹)
1070 2846 1142 2932 [Sic
1164 2847 1277 2931 Steplul
1318 2837 1319 2841 ¹

315 2949 381 3015 lbd.
404 2951 433 3024 b,
456 2950 490 3013 7:
524 2969 606 3014 cnm
712 2970 774 3014 rex
798 2950 1017 3016 Alexander
1129 2975 1173 3021 oa
1194 2961 1275 3020 tem·

214 3059 371 3140 pestate
413 3055 528 3119 armis
568 3059 780 3120 exercitam
819 3075 961 3121 omnem
995 3077 1114 3141 prope
1155 3064 1275 3127 Asiam

213 3147 381 3229 teneret.
431 3161 527 3229 Scrib.
560 3162 932 3230 armiseceoercito.
986 3165 1275 3241 (Hertziuscxer-
1321 3204 1322 3207 =

211 3257 330 3336 citum
352 3287 460 3342 errore,
484 3272 518 3332 ut
540 3268 669 3332 videtur.
707 3268 740 3332 Si
762 3269 807 3332 ita
828 3269 860 3332 in
883 3270 1037 3335 codicibus
1061 3279 1158 3352 esset,
1182 3273 1273 3338 mani·

211 3375 317 3440 festior
337 3376 428 3462 esset
443 3374 614 3456 correctio.)
648 3375 741 3460 [lidd.
763 3380 837 3440 velt.
861 3377 975 3440 armis
998 3377 1274 3463 exercituque]

313 3481 377 3545 lbd.
409 3481 445 3558 6,
477 3480 497 3544 3
529 3482 571 3557 (in
598 3481 771 3564 fragmento
802 3483 835 3546 L.
865 3481 957 3546 Sulla
987 3502 1091 3548 rerum
1122 3492 1273 3570 gestarum

210 3586 280 3651 libri
302 3588 457 3669 secundil:
487 3588 565 3668 Quo
591 3589 622 3652 si
645 3595 716 3664 (scr.
746 3585 918 3665 Quodsi)
941 3589 1034 3654 fieri
1057 3594 1208 3675 potest,
1239 3592 1273 3653 nt

212 3794 259 3799 ‚.-.
264 3794 408 3803 ’.ᾳ-...Ἀ

239 3941 259 4008 ¹)
279 3942 438 4000 Incredibile
456 3945 526 4014 illud
547 3946 611 4025 ¹ini
635 3948 664 4001 7:
691 3949 893 4000 nocturnum
922 3942 1036 4000 autem
1064 3950 1177 4005 furem
1205 3951 1274 4006 iure

279 4035 460 4092 incidendi
479 4038 610 4093 tribuit
628 4044 717 4094 ortum
728 4039 944 4094 videturerboo:
963 4042 1016 4095 ius
1036 4045 1066 4093 ei
1082 4044 1274 4099 occidendi.

279 4127 357 4193 (Edd.
377 4132 525 4200 superiores
544 4133 596 4186 ius
614 4126 734 4199 occid.)
