<?xml version="1.0" encoding="UTF-8"?>
<!DOCTYPE html PUBLIC "-//W3C//DTD XHTML 1.0 Transitional//EN"
    "http://www.w3.org/TR/xhtml1/DTD/xhtml1-transitional.dtd">
<html xmlns="http://www.w3.org/1999/xhtml" xml:lang="en" lang="en">
 <head>
  <title>
</title>
<meta http-equiv="Content-Type" content="text/html;charset=utf-8" />
  <meta name='ocr-system' content='tesseract 3.04.00' />
  <meta name='ocr-capabilities' content='ocr_page ocr_carea ocr_par ocr_line ocrx_word'/>
</head>
<body>
  <div class='ocr_page' id='page_1' title='image "./ioniemadvigiiad00madvgoog_0513.png"; bbox 0 0 2656 5056; ppageno 0'>
   <div class='ocr_carea' id='block_1_1' title="bbox 256 268 882 338">
    <p class='ocr_par' dir='ltr' id='par_1_1' title="bbox 256 268 882 338">
     <span class='ocr_line' id='line_1_1' title="bbox 256 268 882 338; baseline -0.002 -15"><span class='ocrx_word' id='word_1_1' title='bbox 256 271 318 335; x_wconf 73' lang='lat'>502</span> <span class='ocrx_word' id='word_1_2' title='bbox 612 268 671 324; x_wconf 85' lang='lat' dir='ltr'>Lib.</span> <span class='ocrx_word' id='word_1_3' title='bbox 679 269 757 324; x_wconf 84' lang='lat' dir='ltr'>Vlll.</span> <span class='ocrx_word' id='word_1_4' title='bbox 765 268 829 338; x_wconf 82' lang='lat' dir='ltr'>Cap.</span> <span class='ocrx_word' id='word_1_5' title='bbox 836 268 882 323; x_wconf 85' lang='lat' dir='ltr'>1v.</span> 
     </span>
    </p>
   </div>
   <div class='ocr_carea' id='block_1_2' title="bbox 145 466 1270 3506">
    <p class='ocr_par' dir='ltr' id='par_1_2' title="bbox 212 466 1260 1391">
     <span class='ocr_line' id='line_1_2' title="bbox 214 466 1257 550; baseline -0.002 -15"><span class='ocrx_word' id='word_1_6' title='bbox 214 472 351 546; x_wconf 85' lang='lat' dir='ltr'>restat,</span> <span class='ocrx_word' id='word_1_7' title='bbox 373 470 438 534; x_wconf 89' lang='lat' dir='ltr'>aut</span> <span class='ocrx_word' id='word_1_8' title='bbox 459 468 578 550; x_wconf 89' lang='lat' dir='ltr'>quale.</span> <span class='ocrx_word' id='word_1_9' title='bbox 616 466 796 533; x_wconf 84' lang='lat' dir='ltr'>Collecta</span> <span class='ocrx_word' id='word_1_10' title='bbox 817 485 921 531; x_wconf 86' lang='lat' dir='ltr'>mens</span> <span class='ocrx_word' id='word_1_11' title='bbox 949 468 1177 550; x_wconf 78' lang='lat' dir='ltr'>explicabili</span> <span class='ocrx_word' id='word_1_12' title='bbox 1198 469 1257 533; x_wconf 90' lang='lat' dir='ltr'>for·</span> 
     </span>
     <span class='ocr_line' id='line_1_3' title="bbox 214 571 1258 659; baseline -0.002 -18"><span class='ocrx_word' id='word_1_13' title='bbox 214 575 361 641; x_wconf 84' lang='lat' dir='ltr'>midine</span> <span class='ocrx_word' id='word_1_14' title='bbox 395 573 568 657; x_wconf 77' lang='lat' dir='ltr'>agitatur</span> <span class='ocrx_word' id='word_1_15' title='bbox 600 572 668 649; x_wconf 88' lang='lat' dir='ltr'>(hoc</span> <span class='ocrx_word' id='word_1_16' title='bbox 700 575 761 638; x_wconf 87' lang='lat' dir='ltr'>est:</span> <span class='ocrx_word' id='word_1_17' title='bbox 807 571 925 648; x_wconf 74' lang='lat' dir='ltr'>,Mens</span> <span class='ocrx_word' id='word_1_18' title='bbox 953 591 1020 654; x_wconf 87' lang='lat' dir='ltr'>quae</span> <span class='ocrx_word' id='word_1_19' title='bbox 1044 590 1078 636; x_wconf 87' lang='lat' dir='ltr'>se</span> <span class='ocrx_word' id='word_1_20' title='bbox 1100 574 1218 659; x_wconf 85' lang='lat' dir='ltr'>collegit</span> <span class='ocrx_word' id='word_1_21' title='bbox 1234 594 1258 638; x_wconf 89' lang='grc'>11</span> 
     </span>
     <span class='ocr_line' id='line_1_4' title="bbox 214 677 1259 761; baseline -0.002 -15"><span class='ocrx_word' id='word_1_22' title='bbox 214 680 275 746; x_wconf 89' lang='lat' dir='ltr'>ista</span> <span class='ocrx_word' id='word_1_23' title='bbox 298 678 489 744; x_wconf 91' lang='lat' dir='ltr'>dubitatione</span> <span class='ocrx_word' id='word_1_24' title='bbox 522 681 554 743; x_wconf 94' lang='lat' dir='ltr'>et</span> <span class='ocrx_word' id='word_1_25' title='bbox 595 678 732 743; x_wconf 78' lang='lat' dir='ltr'>instabili</span> <span class='ocrx_word' id='word_1_26' title='bbox 763 677 948 761; x_wconf 74' lang='lat' dir='ltr'>quastione,</span> <span class='ocrx_word' id='word_1_27' title='bbox 986 677 1012 742; x_wconf 91' lang='lat' dir='ltr'>ei</span> <span class='ocrx_word' id='word_1_28' title='bbox 1047 677 1206 756; x_wconf 78' lang='lat' dir='ltr'>formidat,</span> <span class='ocrx_word' id='word_1_29' title='bbox 1223 698 1259 743; x_wconf 86' lang='lat' dir='ltr'>er·</span> 
     </span>
     <span class='ocr_line' id='line_1_5' title="bbox 212 782 1259 868; baseline -0.005 -18"><span class='ocrx_word' id='word_1_30' title='bbox 212 785 349 868; x_wconf 86' lang='lat' dir='ltr'>plicabili</span> <span class='ocrx_word' id='word_1_31' title='bbox 370 788 473 850; x_wconf 81' lang='grc'><strong>1111111</strong></span> <span class='ocrx_word' id='word_1_32' title='bbox 496 782 656 848; x_wconf 88' lang='lat' dir='ltr'>formidine</span> <span class='ocrx_word' id='word_1_33' title='bbox 678 785 711 846; x_wconf 90' lang='lat' dir='ltr'>et</span> <span class='ocrx_word' id='word_1_34' title='bbox 731 801 799 865; x_wconf 85' lang='lat' dir='ltr'>quae</span> <span class='ocrx_word' id='word_1_35' title='bbox 820 783 935 849; x_wconf 82' lang='lat' dir='ltr'>exitum</span> <span class='ocrx_word' id='word_1_36' title='bbox 957 784 1089 862; x_wconf 86' lang='lat' dir='ltr'>babeat,</span> <span class='ocrx_word' id='word_1_37' title='bbox 1121 786 1259 868; x_wconf 79' lang='lat' dir='ltr'>agitatur).</span> 
     </span>
     <span class='ocr_line' id='line_1_6' title="bbox 213 888 1260 975; baseline -0.001 -20"><span class='ocrx_word' id='word_1_38' title='bbox 213 891 314 975; x_wconf 80' lang='lat' dir='ltr'>Vulgo</span> <span class='ocrx_word' id='word_1_39' title='bbox 336 890 425 973; x_wconf 93' lang='lat' dir='ltr'>plene</span> <span class='ocrx_word' id='word_1_40' title='bbox 447 893 518 972; x_wconf 91' lang='lat' dir='ltr'>post</span> <span class='ocrx_word' id='word_1_41' title='bbox 545 888 717 954; x_wconf 86' lang='lat' dir='ltr'>eradant</span> <span class='ocrx_word' id='word_1_42' title='bbox 743 889 978 972; x_wconf 87' lang='lat' dir='ltr'>interpungunt,</span> <span class='ocrx_word' id='word_1_43' title='bbox 1009 889 1075 956; x_wconf 92' lang='lat' dir='ltr'>illis</span> <span class='ocrx_word' id='word_1_44' title='bbox 1097 896 1260 975; x_wconf 90' lang='lat' dir='ltr'>quantun</span> 
     </span>
     <span class='ocr_line' id='line_1_7' title="bbox 213 992 1260 1077; baseline -0.002 -16"><span class='ocrx_word' id='word_1_45' title='bbox 213 998 266 1062; x_wconf 86' lang='lat' dir='ltr'>sit</span> <span class='ocrx_word' id='word_1_46' title='bbox 288 1000 348 1062; x_wconf 87' lang='lat' dir='ltr'>cet.</span> <span class='ocrx_word' id='word_1_47' title='bbox 377 995 416 1061; x_wconf 93' lang='lat' dir='ltr'>ad</span> <span class='ocrx_word' id='word_1_48' title='bbox 449 995 609 1077; x_wconf 90' lang='lat' dir='ltr'>sequentia</span> <span class='ocrx_word' id='word_1_49' title='bbox 635 993 754 1057; x_wconf 85' lang='lat' dir='ltr'>tractis.</span> <span class='ocrx_word' id='word_1_50' title='bbox 807 992 913 1077; x_wconf 91' lang='lat' dir='ltr'>Itaque</span> <span class='ocrx_word' id='word_1_51' title='bbox 945 997 1055 1060; x_wconf 91' lang='lat' dir='ltr'>contra</span> <span class='ocrx_word' id='word_1_52' title='bbox 1089 997 1206 1062; x_wconf 85' lang='lat' dir='ltr'>codices</span> <span class='ocrx_word' id='word_1_53' title='bbox 1225 995 1260 1069; x_wconf 81' lang='lat' dir='ltr'>(B,</span> 
     </span>
     <span class='ocr_line' id='line_1_8' title="bbox 213 1097 1260 1186; baseline -0.003 -19"><span class='ocrx_word' id='word_1_54' title='bbox 213 1101 329 1175; x_wconf 76' lang='lat' dir='ltr'>Guell,</span> <span class='ocrx_word' id='word_1_55' title='bbox 360 1099 500 1165; x_wconf 87' lang='lat' dir='ltr'>Pinciani</span> <span class='ocrx_word' id='word_1_56' title='bbox 526 1106 643 1176; x_wconf 89' lang='lat' dir='ltr'>omnes)</span> <span class='ocrx_word' id='word_1_57' title='bbox 668 1099 698 1162; x_wconf 93' lang='lat' dir='ltr'>in</span> <span class='ocrx_word' id='word_1_58' title='bbox 721 1097 903 1164; x_wconf 89' lang='lat' dir='ltr'>editionibus</span> <span class='ocrx_word' id='word_1_59' title='bbox 925 1101 1072 1167; x_wconf 83' lang='lat' dir='ltr'>scribitur</span> <span class='ocrx_word' id='word_1_60' title='bbox 1103 1102 1260 1186; x_wconf 81' lang='lat' dir='ltr'>inexpli-</span> 
     </span>
     <span class='ocr_line' id='line_1_9' title="bbox 213 1204 1260 1281; baseline -0.001 -10"><span class='ocrx_word' id='word_1_61' title='bbox 213 1205 351 1281; x_wconf 83' lang='lat' dir='ltr'>cabili;</span> <span class='ocrx_word' id='word_1_62' title='bbox 384 1205 493 1271; x_wconf 92' lang='lat' dir='ltr'>deinde</span> <span class='ocrx_word' id='word_1_63' title='bbox 515 1205 631 1271; x_wconf 91' lang='lat' dir='ltr'>adhoc</span> <span class='ocrx_word' id='word_1_64' title='bbox 653 1223 672 1269; x_wconf 86' lang='lat' dir='ltr'>a</span> <span class='ocrx_word' id='word_1_65' title='bbox 692 1204 908 1271; x_wconf 88' lang='lat' dir='ltr'>recentioribus</span> <span class='ocrx_word' id='word_1_66' title='bbox 927 1207 1180 1273; x_wconf 86' lang='lat' dir='ltr'>accommodatur</span> <span class='ocrx_word' id='word_1_67' title='bbox 1202 1227 1260 1272; x_wconf 93' lang='lat' dir='ltr'>non</span> 
     </span>
     <span class='ocr_line' id='line_1_10' title="bbox 212 1311 875 1391; baseline -0.003 -15"><span class='ocrx_word' id='word_1_68' title='bbox 212 1311 394 1388; x_wconf 83' lang='lat' dir='ltr'>collecta,</span> <span class='ocrx_word' id='word_1_69' title='bbox 416 1311 644 1384; x_wconf 80' lang='lat' dir='ltr'>incollecta,</span> <span class='ocrx_word' id='word_1_70' title='bbox 665 1311 875 1391; x_wconf 70' lang='lat' dir='ltr'>contracta,</span> 
     </span>
    </p>

    <p class='ocr_par' dir='ltr' id='par_1_3' title="bbox 145 1414 1270 3506">
     <span class='ocr_line' id='line_1_11' title="bbox 314 1414 1261 1497; baseline 0.01 -19"><span class='ocrx_word' id='word_1_71' title='bbox 314 1415 369 1497; x_wconf 83' lang='lat' dir='ltr'>llp.</span> <span class='ocrx_word' id='word_1_72' title='bbox 416 1415 490 1491; x_wconf 76' lang='lat'>102,</span> <span class='ocrx_word' id='word_1_73' title='bbox 542 1415 595 1478; x_wconf 89' lang='lat'>10:</span> <span class='ocrx_word' id='word_1_74' title='bbox 653 1414 708 1478; x_wconf 80' lang='lat' dir='ltr'>Ad</span> <span class='ocrx_word' id='word_1_75' title='bbox 752 1434 935 1480; x_wconf 89' lang='lat' dir='ltr'>summam</span> <span class='ocrx_word' id='word_1_76' title='bbox 980 1416 1105 1486; x_wconf 86' lang='lat' dir='ltr'>dicite</span> <span class='ocrx_word' id='word_1_77' title='bbox 1149 1421 1261 1487; x_wconf 78' lang='lat' dir='ltr'>nobis.</span> 
     </span>
     <span class='ocr_line' id='line_1_12' title="bbox 212 1521 1262 1603; baseline 0.002 -18"><span class='ocrx_word' id='word_1_78' title='bbox 212 1521 344 1585; x_wconf 91' lang='lat' dir='ltr'>utrum</span> <span class='ocrx_word' id='word_1_79' title='bbox 380 1521 580 1586; x_wconf 89' lang='lat' dir='ltr'>laudantis</span> <span class='ocrx_word' id='word_1_80' title='bbox 613 1539 656 1585; x_wconf 88' lang='lat' dir='ltr'>an</span> <span class='ocrx_word' id='word_1_81' title='bbox 688 1521 838 1587; x_wconf 86' lang='lat' dir='ltr'>laudati</span> <span class='ocrx_word' id='word_1_82' title='bbox 876 1522 1016 1587; x_wconf 91' lang='lat' dir='ltr'>bonurn</span> <span class='ocrx_word' id='word_1_83' title='bbox 1053 1527 1108 1590; x_wconf 87' lang='lat' dir='ltr'>sit</span> <span class='ocrx_word' id='word_1_84' title='bbox 1138 1525 1214 1603; x_wconf 88' lang='lat' dir='ltr'>(laus</span> <span class='ocrx_word' id='word_1_85' title='bbox 1239 1525 1262 1587; x_wconf 89' lang='lat' dir='ltr'>et</span> 
     </span>
     <span class='ocr_line' id='line_1_13' title="bbox 211 1624 1261 1705; baseline 0.004 -17"><span class='ocrx_word' id='word_1_86' title='bbox 211 1624 359 1703; x_wconf 84' lang='lat' dir='ltr'>claritas).</span> <span class='ocrx_word' id='word_1_87' title='bbox 412 1624 450 1690; x_wconf 88' lang='lat' dir='ltr'>Si</span> <span class='ocrx_word' id='word_1_88' title='bbox 483 1626 685 1691; x_wconf 86' lang='lat' dir='ltr'>laudantis</span> <span class='ocrx_word' id='word_1_89' title='bbox 718 1628 854 1693; x_wconf 90' lang='lat' dir='ltr'>bonum</span> <span class='ocrx_word' id='word_1_90' title='bbox 887 1646 969 1693; x_wconf 88' lang='lat' dir='ltr'>esse</span> <span class='ocrx_word' id='word_1_91' title='bbox 1001 1628 1163 1705; x_wconf 85' lang='lat' dir='ltr'>dicitis,</span> <span class='ocrx_word' id='word_1_92' title='bbox 1196 1635 1261 1694; x_wconf 90' lang='lat' dir='ltr'>tam</span> 
     </span>
     <span class='ocr_line' id='line_1_14' title="bbox 211 1729 1261 1816; baseline 0.002 -23"><span class='ocrx_word' id='word_1_93' title='bbox 211 1729 421 1795; x_wconf 87' lang='lat' dir='ltr'>ridiculam</span> <span class='ocrx_word' id='word_1_94' title='bbox 444 1752 522 1797; x_wconf 88' lang='lat' dir='ltr'>rem</span> <span class='ocrx_word' id='word_1_95' title='bbox 544 1733 698 1807; x_wconf 84' lang='lat' dir='ltr'>facitis,</span> <span class='ocrx_word' id='word_1_96' title='bbox 731 1753 837 1816; x_wconf 91' lang='lat' dir='ltr'>quam</span> <span class='ocrx_word' id='word_1_97' title='bbox 860 1733 892 1798; x_wconf 90' lang='lat' dir='ltr'>si</span> <span class='ocrx_word' id='word_1_98' title='bbox 913 1732 1130 1801; x_wconf 84' lang='lat' dir='ltr'>affirmetis</span> <span class='ocrx_word' id='word_1_99' title='bbox 1154 1751 1261 1799; x_wconf 86' lang='lat' dir='ltr'>meum</span> 
     </span>
     <span class='ocr_line' id='line_1_15' title="bbox 210 1821 1262 1921; baseline 0.005 -23"><span class='ocrx_word' id='word_1_100' title='bbox 210 1852 308 1908; x_wconf 78' lang='lat' dir='ltr'>esso,</span> <span class='ocrx_word' id='word_1_101' title='bbox 341 1837 439 1920; x_wconf 94' lang='lat' dir='ltr'>qnod</span> <span class='ocrx_word' id='word_1_102' title='bbox 461 1821 681 1903; x_wconf 42' lang='lat' dir='ltr'>alius&#39;bene</span> <span class='ocrx_word' id='word_1_103' title='bbox 703 1839 839 1904; x_wconf 88' lang='lat' dir='ltr'>valeat.</span> <span class='ocrx_word' id='word_1_104' title='bbox 899 1838 970 1903; x_wconf 85' lang='lat' dir='ltr'>Sed</span> <span class='ocrx_word' id='word_1_105' title='bbox 997 1840 1164 1905; x_wconf 88' lang='lat' dir='ltr'>laudare</span> <span class='ocrx_word' id='word_1_106' title='bbox 1186 1839 1262 1921; x_wconf 88' lang='lat' dir='ltr'>dig·</span> 
     </span>
     <span class='ocr_line' id='line_1_16' title="bbox 210 1941 1261 2021; baseline 0.01 -18"><span class='ocrx_word' id='word_1_107' title='bbox 210 1957 279 2005; x_wconf 92' lang='lat' dir='ltr'>nos</span> <span class='ocrx_word' id='word_1_108' title='bbox 300 1941 466 2007; x_wconf 82' lang='lat' dir='ltr'>honesta</span> <span class='ocrx_word' id='word_1_109' title='bbox 489 1945 590 2009; x_wconf 88' lang='lat' dir='ltr'>actio</span> <span class='ocrx_word' id='word_1_110' title='bbox 612 1945 684 2021; x_wconf 87' lang='lat' dir='ltr'>est;</span> <span class='ocrx_word' id='word_1_111' title='bbox 718 1945 773 2008; x_wconf 88' lang='lat' dir='ltr'>ita</span> <span class='ocrx_word' id='word_1_112' title='bbox 803 1945 1006 2009; x_wconf 85' lang='lat' dir='ltr'>laudantis</span> <span class='ocrx_word' id='word_1_113' title='bbox 1033 1946 1175 2010; x_wconf 92' lang='lat' dir='ltr'>bouum</span> <span class='ocrx_word' id='word_1_114' title='bbox 1200 1948 1261 2013; x_wconf 71' lang='lat' dir='ltr'>est.</span> 
     </span>
     <span class='ocr_line' id='line_1_17' title="bbox 211 2047 1261 2123; baseline 0.004 -14"><span class='ocrx_word' id='word_1_115' title='bbox 211 2047 321 2113; x_wconf 90' lang='lat' dir='ltr'>cuius</span> <span class='ocrx_word' id='word_1_116' title='bbox 360 2050 461 2114; x_wconf 87' lang='lat' dir='ltr'>aetio</span> <span class='ocrx_word' id='word_1_117' title='bbox 504 2050 579 2123; x_wconf 89' lang='lat' dir='ltr'>est,</span> <span class='ocrx_word' id='word_1_118' title='bbox 622 2066 693 2113; x_wconf 92' lang='lat' dir='ltr'>nou</span> <span class='ocrx_word' id='word_1_119' title='bbox 730 2051 914 2114; x_wconf 91' lang='lat' dir='ltr'>nostrum.</span> <span class='ocrx_word' id='word_1_120' title='bbox 969 2049 1040 2115; x_wconf 87' lang='lat' dir='ltr'>Sole</span> <span class='ocrx_word' id='word_1_121' title='bbox 1072 2050 1186 2115; x_wconf 87' lang='lat' dir='ltr'>clarius</span> <span class='ocrx_word' id='word_1_122' title='bbox 1219 2051 1261 2114; x_wconf 82' lang='lat' dir='ltr'>est</span> 
     </span>
     <span class='ocr_line' id='line_1_18' title="bbox 210 2152 1261 2237; baseline -0.002 -20"><span class='ocrx_word' id='word_1_123' title='bbox 210 2153 360 2234; x_wconf 85' lang='lat' dir='ltr'>prioribus</span> <span class='ocrx_word' id='word_1_124' title='bbox 393 2154 495 2219; x_wconf 89' lang='lat' dir='ltr'>verbis</span> <span class='ocrx_word' id='word_1_125' title='bbox 534 2154 666 2219; x_wconf 86' lang='lat' dir='ltr'>alteram</span> <span class='ocrx_word' id='word_1_126' title='bbox 694 2153 885 2221; x_wconf 87' lang='lat' dir='ltr'>dilemmatis</span> <span class='ocrx_word' id='word_1_127' title='bbox 914 2158 1034 2237; x_wconf 88' lang='lat' dir='ltr'>partem</span> <span class='ocrx_word' id='word_1_128' title='bbox 1062 2156 1193 2221; x_wconf 81' lang='lat' dir='ltr'>absolvi:</span> <span class='ocrx_word' id='word_1_129' title='bbox 1232 2152 1261 2218; x_wconf 89' lang='lat' dir='ltr'>Si</span> 
     </span>
     <span class='ocr_line' id='line_1_19' title="bbox 211 2257 1262 2345; baseline 0.001 -25"><span class='ocrx_word' id='word_1_130' title='bbox 211 2257 368 2322; x_wconf 77' lang='lat' dir='ltr'>laudati</span> <span class='ocrx_word' id='word_1_131' title='bbox 389 2260 527 2325; x_wconf 92' lang='lat' dir='ltr'>bonum</span> <span class='ocrx_word' id='word_1_132' title='bbox 559 2278 646 2325; x_wconf 88' lang='lat' dir='ltr'>esse</span> <span class='ocrx_word' id='word_1_133' title='bbox 679 2259 816 2327; x_wconf 89' lang='lat' dir='ltr'>dicitis</span> <span class='ocrx_word' id='word_1_134' title='bbox 842 2261 893 2336; x_wconf 88' lang='lat' dir='ltr'>(ad</span> <span class='ocrx_word' id='word_1_135' title='bbox 921 2280 1011 2345; x_wconf 92' lang='lat' dir='ltr'>quem</span> <span class='ocrx_word' id='word_1_136' title='bbox 1037 2261 1115 2326; x_wconf 93' lang='lat' dir='ltr'>nihil</span> <span class='ocrx_word' id='word_1_137' title='bbox 1137 2259 1262 2344; x_wconf 84' lang='lat' dir='ltr'>pervenit</span> 
     </span>
     <span class='ocr_line' id='line_1_20' title="bbox 209 2364 1261 2449; baseline 0 -21"><span class='ocrx_word' id='word_1_138' title='bbox 209 2382 245 2428; x_wconf 82' lang='lat' dir='ltr'>er</span> <span class='ocrx_word' id='word_1_139' title='bbox 267 2383 313 2441; x_wconf 91' lang='lat' dir='ltr'>eo,</span> <span class='ocrx_word' id='word_1_140' title='bbox 337 2365 416 2448; x_wconf 91' lang='lat' dir='ltr'>quod</span> <span class='ocrx_word' id='word_1_141' title='bbox 439 2364 517 2429; x_wconf 89' lang='lat' dir='ltr'>alter</span> <span class='ocrx_word' id='word_1_142' title='bbox 539 2365 616 2440; x_wconf 88' lang='lat' dir='ltr'>bene</span> <span class='ocrx_word' id='word_1_143' title='bbox 638 2365 704 2449; x_wconf 85' lang='lat' dir='ltr'>agit</span> <span class='ocrx_word' id='word_1_144' title='bbox 725 2366 853 2432; x_wconf 86' lang='lat' dir='ltr'>honesta</span> <span class='ocrx_word' id='word_1_145' title='bbox 873 2365 1023 2444; x_wconf 87' lang='lat' dir='ltr'>laudans).</span> <span class='ocrx_word' id='word_1_146' title='bbox 1061 2367 1097 2431; x_wconf 93' lang='lat' dir='ltr'>Id</span> <span class='ocrx_word' id='word_1_147' title='bbox 1121 2369 1261 2432; x_wconf 88' lang='lat' dir='ltr'>mutatum</span> 
     </span>
     <span class='ocr_line' id='line_1_21' title="bbox 209 2470 1261 2556; baseline 0 -22"><span class='ocrx_word' id='word_1_148' title='bbox 209 2473 265 2544; x_wconf 90' lang='lat' dir='ltr'>est,</span> <span class='ocrx_word' id='word_1_149' title='bbox 302 2471 382 2554; x_wconf 91' lang='lat' dir='ltr'>quod</span> <span class='ocrx_word' id='word_1_150' title='bbox 403 2470 434 2534; x_wconf 93' lang='lat' dir='ltr'>in</span> <span class='ocrx_word' id='word_1_151' title='bbox 462 2470 701 2556; x_wconf 88' lang='lat' dir='ltr'>interrogatione</span> <span class='ocrx_word' id='word_1_152' title='bbox 723 2471 801 2537; x_wconf 89' lang='lat' dir='ltr'>alius</span> <span class='ocrx_word' id='word_1_153' title='bbox 828 2472 899 2537; x_wconf 90' lang='lat' dir='ltr'>ordo</span> <span class='ocrx_word' id='word_1_154' title='bbox 920 2476 967 2538; x_wconf 88' lang='lat' dir='ltr'>cst</span> <span class='ocrx_word' id='word_1_155' title='bbox 989 2472 1199 2551; x_wconf 84' lang='lat' dir='ltr'>(laudantis</span> <span class='ocrx_word' id='word_1_156' title='bbox 1228 2490 1261 2536; x_wconf 88' lang='lat' dir='ltr'>en</span> 
     </span>
     <span class='ocr_line' id='line_1_22' title="bbox 209 2573 1261 2660; baseline 0.001 -20"><span class='ocrx_word' id='word_1_157' title='bbox 209 2575 379 2653; x_wconf 87' lang='lat' dir='ltr'>laudati).</span> <span class='ocrx_word' id='word_1_158' title='bbox 433 2573 681 2660; x_wconf 73' lang='lat' dir='ltr'>(§21nnllos</span> <span class='ocrx_word' id='word_1_159' title='bbox 829 2578 906 2643; x_wconf 92' lang='lat' dir='ltr'>uisi</span> <span class='ocrx_word' id='word_1_160' title='bbox 937 2597 1162 2645; x_wconf 88' lang='lat' dir='ltr'>communes</span> <span class='ocrx_word' id='word_1_161' title='bbox 1192 2596 1261 2644; x_wconf 89' lang='lat' dir='ltr'>cnm</span> 
     </span>
     <span class='ocr_line' id='line_1_23' title="bbox 208 2680 1263 2767; baseline 0.003 -22"><span class='ocrx_word' id='word_1_162' title='bbox 208 2680 276 2746; x_wconf 93' lang='lat' dir='ltr'>deo</span> <span class='ocrx_word' id='word_1_163' title='bbox 298 2682 503 2758; x_wconf 88' lang='lat' dir='ltr'>terminos,</span> <span class='ocrx_word' id='word_1_164' title='bbox 531 2681 613 2764; x_wconf 92' lang='lat' dir='ltr'>quod</span> <span class='ocrx_word' id='word_1_165' title='bbox 635 2683 789 2747; x_wconf 85' lang='lat' dir='ltr'>sententia</span> <span class='ocrx_word' id='word_1_166' title='bbox 809 2683 953 2764; x_wconf 80' lang='lat' dir='ltr'>postulat</span> <span class='ocrx_word' id='word_1_167' title='bbox 976 2684 1039 2748; x_wconf 86' lang='lat' dir='ltr'>iam</span> <span class='ocrx_word' id='word_1_168' title='bbox 1061 2684 1185 2750; x_wconf 88' lang='lat' dir='ltr'>codices</span> <span class='ocrx_word' id='word_1_169' title='bbox 1208 2683 1263 2767; x_wconf 93' lang='lat' dir='ltr'>qui·</span> 
     </span>
     <span class='ocr_line' id='line_1_24' title="bbox 208 2785 1264 2873; baseline 0.005 -23"><span class='ocrx_word' id='word_1_170' title='bbox 208 2785 280 2850; x_wconf 90' lang='lat' dir='ltr'>dam</span> <span class='ocrx_word' id='word_1_171' title='bbox 303 2786 499 2852; x_wconf 89' lang='lat' dir='ltr'>recentiores.</span> <span class='ocrx_word' id='word_1_172' title='bbox 560 2787 648 2851; x_wconf 92' lang='lat' dir='ltr'>Nulli</span> <span class='ocrx_word' id='word_1_173' title='bbox 680 2790 753 2853; x_wconf 90' lang='lat' dir='ltr'>sunt</span> <span class='ocrx_word' id='word_1_174' title='bbox 783 2789 908 2853; x_wconf 91' lang='lat' dir='ltr'>termini</span> <span class='ocrx_word' id='word_1_175' title='bbox 938 2806 1120 2855; x_wconf 86' lang='lat' dir='ltr'>communes</span> <span class='ocrx_word' id='word_1_176' title='bbox 1143 2810 1197 2873; x_wconf 89' lang='lat' dir='ltr'>per</span> <span class='ocrx_word' id='word_1_177' title='bbox 1218 2795 1264 2863; x_wconf 82' lang='lat' dir='ltr'>se.)</span> 
     </span>
     <span class='ocr_line' id='line_1_25' title="bbox 207 2889 1266 2978; baseline -0.001 -21"><span class='ocrx_word' id='word_1_178' title='bbox 207 2889 383 2975; x_wconf 87' lang='lat' dir='ltr'>Sequuntur</span> <span class='ocrx_word' id='word_1_179' title='bbox 423 2891 444 2978; x_wconf 63' lang='grc' dir='ltr'>ᾗ</span> <span class='ocrx_word' id='word_1_180' title='bbox 478 2892 518 2954; x_wconf 80' lang='lat'>27</span> <span class='ocrx_word' id='word_1_181' title='bbox 551 2896 583 2958; x_wconf 86' lang='lat' dir='ltr'>et</span> <span class='ocrx_word' id='word_1_182' title='bbox 616 2892 655 2955; x_wconf 80' lang='lat'>28</span> <span class='ocrx_word' id='word_1_183' title='bbox 694 2893 772 2959; x_wconf 84' lang='lat' dir='ltr'>haec:</span> <span class='ocrx_word' id='word_1_184' title='bbox 816 2893 913 2974; x_wconf 85' lang='lat' dir='ltr'>Quid</span> <span class='ocrx_word' id='word_1_185' title='bbox 958 2894 1038 2958; x_wconf 89' lang='lat' dir='ltr'>ista</span> <span class='ocrx_word' id='word_1_186' title='bbox 1077 2902 1203 2978; x_wconf 82' lang='lat' dir='ltr'>(corpus</span> <span class='ocrx_word' id='word_1_187' title='bbox 1241 2895 1266 2957; x_wconf 87' lang='lat' dir='ltr'>et</span> 
     </span>
     <span class='ocr_line' id='line_1_26' title="bbox 207 2997 1266 3083; baseline 0.003 -22"><span class='ocrx_word' id='word_1_188' title='bbox 207 3015 274 3079; x_wconf 86' lang='lat' dir='ltr'>quae</span> <span class='ocrx_word' id='word_1_189' title='bbox 296 2998 324 3062; x_wconf 90' lang='lat' dir='ltr'>ei</span> <span class='ocrx_word' id='word_1_190' title='bbox 352 2997 498 3064; x_wconf 86' lang='lat' dir='ltr'>adiuncto</span> <span class='ocrx_word' id='word_1_191' title='bbox 527 3002 611 3076; x_wconf 89' lang='lat' dir='ltr'>sunt)</span> <span class='ocrx_word' id='word_1_192' title='bbox 633 2999 688 3063; x_wconf 90' lang='lat' dir='ltr'>sic</span> <span class='ocrx_word' id='word_1_193' title='bbox 720 2999 863 3083; x_wconf 85' lang='lat' dir='ltr'>diligis</span> <span class='ocrx_word' id='word_1_194' title='bbox 897 3001 1007 3083; x_wconf 90' lang='lat' dir='ltr'>quasi</span> <span class='ocrx_word' id='word_1_195' title='bbox 1040 3003 1132 3066; x_wconf 80' lang='lat' dir='ltr'>tua?</span> <span class='ocrx_word' id='word_1_196' title='bbox 1176 3001 1266 3066; x_wconf 88' lang='lat' dir='ltr'>Istis</span> 
     </span>
     <span class='ocr_line' id='line_1_27' title="bbox 207 3103 1268 3188; baseline 0.001 -22"><span class='ocrx_word' id='word_1_197' title='bbox 207 3106 368 3183; x_wconf 89' lang='lat' dir='ltr'>opertus</span> <span class='ocrx_word' id='word_1_198' title='bbox 404 3123 452 3169; x_wconf 88' lang='lat' dir='ltr'>es.</span> <span class='ocrx_word' id='word_1_199' title='bbox 518 3103 673 3180; x_wconf 85' lang='lat' dir='ltr'>Veniet,</span> <span class='ocrx_word' id='word_1_200' title='bbox 708 3105 770 3188; x_wconf 94' lang='lat' dir='ltr'>qui</span> <span class='ocrx_word' id='word_1_201' title='bbox 802 3108 843 3170; x_wconf 91' lang='lat' dir='ltr'>te</span> <span class='ocrx_word' id='word_1_202' title='bbox 878 3104 1061 3181; x_wconf 86' lang='lat' dir='ltr'>revellat,</span> <span class='ocrx_word' id='word_1_203' title='bbox 1098 3105 1185 3171; x_wconf 90' lang='lat' dir='ltr'>dies</span> <span class='ocrx_word' id='word_1_204' title='bbox 1218 3106 1268 3179; x_wconf 89' lang='lat' dir='ltr'>(sic</span> 
     </span>
     <span class='ocr_line' id='line_1_28' title="bbox 205 3208 1268 3287; baseline 0.001 -15"><span class='ocrx_word' id='word_1_205' title='bbox 205 3208 340 3275; x_wconf 88' lang='lat' dir='ltr'>Haasius</span> <span class='ocrx_word' id='word_1_206' title='bbox 385 3230 402 3275; x_wconf 90' lang='lat' dir='ltr'>e</span> <span class='ocrx_word' id='word_1_207' title='bbox 440 3211 482 3283; x_wconf 84' lang='lat' dir='ltr'>ss;</span> <span class='ocrx_word' id='word_1_208' title='bbox 532 3210 628 3274; x_wconf 86' lang='lat' dir='ltr'>ceteri</span> <span class='ocrx_word' id='word_1_209' title='bbox 664 3212 827 3287; x_wconf 83' lang='lat' dir='ltr'>revelet)</span> <span class='ocrx_word' id='word_1_210' title='bbox 859 3214 897 3275; x_wconf 88' lang='lat' dir='ltr'>et</span> <span class='ocrx_word' id='word_1_211' title='bbox 938 3230 979 3274; x_wconf 86' lang='lat' dir='ltr'>en</span> <span class='ocrx_word' id='word_1_212' title='bbox 1016 3211 1268 3275; x_wconf 90' lang='lat' dir='ltr'>contubernio</span> 
     </span>
     <span class='ocr_line' id='line_1_29' title="bbox 145 3313 1269 3399; baseline 0.002 -21"><span class='ocrx_word' id='word_1_213' title='bbox 145 3370 149 3378; x_wconf 81' lang='grc'>,</span> <span class='ocrx_word' id='word_1_214' title='bbox 205 3314 293 3380; x_wconf 82' lang='lat' dir='ltr'>ioedi</span> <span class='ocrx_word' id='word_1_215' title='bbox 322 3318 438 3399; x_wconf 92' lang='lat' dir='ltr'>atque</span> <span class='ocrx_word' id='word_1_216' title='bbox 476 3313 572 3379; x_wconf 89' lang='lat' dir='ltr'>olidi</span> <span class='ocrx_word' id='word_1_217' title='bbox 601 3315 752 3380; x_wconf 88' lang='lat' dir='ltr'>ventris</span> <span class='ocrx_word' id='word_1_218' title='bbox 783 3315 927 3380; x_wconf 88' lang='lat' dir='ltr'>educat.</span> <span class='ocrx_word' id='word_1_219' title='bbox 979 3316 1076 3392; x_wconf 88' lang='lat' dir='ltr'>(Pono</span> <span class='ocrx_word' id='word_1_220' title='bbox 1099 3317 1163 3381; x_wconf 86' lang='lat' dir='ltr'>iam</span> <span class='ocrx_word' id='word_1_221' title='bbox 1187 3317 1269 3382; x_wconf 90' lang='lat' dir='ltr'>dein·</span> 
     </span>
     <span class='ocr_line' id='line_1_30' title="bbox 206 3418 1270 3506; baseline 0.004 -26"><span class='ocrx_word' id='word_1_222' title='bbox 206 3434 278 3498; x_wconf 90' lang='lat' dir='ltr'>ceps</span> <span class='ocrx_word' id='word_1_223' title='bbox 300 3418 484 3500; x_wconf 87' lang='lat' dir='ltr'>scripturam</span> <span class='ocrx_word' id='word_1_224' title='bbox 507 3420 646 3485; x_wconf 87' lang='lat' dir='ltr'>codicum</span> <span class='ocrx_word' id='word_1_225' title='bbox 672 3419 698 3483; x_wconf 91' lang='lat' dir='ltr'><strong>B</strong></span> <span class='ocrx_word' id='word_1_226' title='bbox 721 3422 753 3485; x_wconf 91' lang='lat' dir='ltr'>et</span> <span class='ocrx_word' id='word_1_227' title='bbox 776 3421 826 3498; x_wconf 84' lang='lat' dir='ltr'>A.)</span> <span class='ocrx_word' id='word_1_228' title='bbox 882 3421 982 3486; x_wconf 88' lang='lat' dir='ltr'>Huic</span> <span class='ocrx_word' id='word_1_229' title='bbox 1005 3441 1104 3487; x_wconf 90' lang='lat' dir='ltr'>nnnc</span> <span class='ocrx_word' id='word_1_230' title='bbox 1126 3439 1270 3506; x_wconf 90' lang='lat' dir='ltr'>quoqne</span> 
     </span>
    </p>
   </div>
   <div class='ocr_carea' id='block_1_3' title="bbox 202 3521 1274 4144">
    <p class='ocr_par' dir='ltr' id='par_1_4' title="bbox 202 3521 1274 4144">
     <span class='ocr_line' id='line_1_31' title="bbox 204 3521 1270 3612; baseline 0.009 -29"><span class='ocrx_word' id='word_1_231' title='bbox 204 3521 245 3584; x_wconf 87' lang='lat' dir='ltr'>tu</span> <span class='ocrx_word' id='word_1_232' title='bbox 277 3527 459 3605; x_wconf 92' lang='lat' dir='ltr'>quantum</span> <span class='ocrx_word' id='word_1_233' title='bbox 496 3531 611 3609; x_wconf 86' lang='lat' dir='ltr'>potes</span> <span class='ocrx_word' id='word_1_234' title='bbox 647 3527 926 3609; x_wconf 85' lang='lat' dir='ltr'>subvoluptari</span> <span class='ocrx_word' id='word_1_235' title='bbox 961 3547 1043 3611; x_wconf 87' lang='lat' dir='ltr'>quae</span> <span class='ocrx_word' id='word_1_236' title='bbox 1076 3529 1157 3595; x_wconf 89' lang='lat' dir='ltr'>nisi</span> <span class='ocrx_word' id='word_1_237' title='bbox 1194 3548 1270 3612; x_wconf 85' lang='lat' dir='ltr'>quae</span> 
     </span>
     <span class='ocr_line' id='line_1_32' title="bbox 204 3631 1270 3715; baseline 0.011 -26"><span class='ocrx_word' id='word_1_238' title='bbox 204 3631 507 3714; x_wconf 87' lang='lat' dir='ltr'>necessarieque</span> <span class='ocrx_word' id='word_1_239' title='bbox 529 3633 572 3712; x_wconf 84' lang='lat' dir='ltr'>(A</span> <span class='ocrx_word' id='word_1_240' title='bbox 595 3632 930 3715; x_wconf 90' lang='lat' dir='ltr'>necessariisque)</span> <span class='ocrx_word' id='word_1_241' title='bbox 960 3633 1176 3700; x_wconf 83' lang='lat' dir='ltr'>eohaerebit</span> <span class='ocrx_word' id='word_1_242' title='bbox 1199 3637 1270 3701; x_wconf 87' lang='lat' dir='ltr'>ali·</span> 
     </span>
     <span class='ocr_line' id='line_1_33' title="bbox 204 3735 1271 3819; baseline 0.01 -23"><span class='ocrx_word' id='word_1_243' title='bbox 204 3749 296 3799; x_wconf 87' lang='lat' dir='ltr'>enus</span> <span class='ocrx_word' id='word_1_244' title='bbox 319 3735 395 3800; x_wconf 90' lang='lat' dir='ltr'>iam</span> <span class='ocrx_word' id='word_1_245' title='bbox 422 3737 513 3802; x_wconf 91' lang='lat' dir='ltr'>hinc</span> <span class='ocrx_word' id='word_1_246' title='bbox 544 3736 664 3801; x_wconf 89' lang='lat' dir='ltr'>altius</span> <span class='ocrx_word' id='word_1_247' title='bbox 689 3736 843 3819; x_wconf 88' lang='lat' dir='ltr'>aliquid</span> <span class='ocrx_word' id='word_1_248' title='bbox 871 3786 878 3801; x_wconf 85' lang='lat'><strong>.</strong></span> <span class='ocrx_word' id='word_1_249' title='bbox 906 3788 913 3802; x_wconf 87' lang='lat'><strong>.</strong></span> <span class='ocrx_word' id='word_1_250' title='bbox 941 3740 1183 3807; x_wconf 79' lang='lat' dir='ltr'>..meditare</span> <span class='ocrx_word' id='word_1_251' title='bbox 1238 3744 1271 3806; x_wconf 94' lang='lat' dir='ltr'>ln</span> 
     </span>
     <span class='ocr_line' id='line_1_34' title="bbox 204 3836 1271 3928; baseline 0.009 -27"><span class='ocrx_word' id='word_1_252' title='bbox 204 3836 252 3902; x_wconf 88' lang='lat' dir='ltr'>his</span> <span class='ocrx_word' id='word_1_253' title='bbox 285 3840 432 3907; x_wconf 88' lang='lat' dir='ltr'>subesse:</span> <span class='ocrx_word' id='word_1_254' title='bbox 474 3840 765 3925; x_wconf 79' lang='lat' dir='ltr'>voluptatique,</span> <span class='ocrx_word' id='word_1_255' title='bbox 801 3843 875 3907; x_wconf 90' lang='lat' dir='ltr'>nisi</span> <span class='ocrx_word' id='word_1_256' title='bbox 917 3848 994 3928; x_wconf 75' lang='lat' dir='ltr'>qua&#39;e</span> <span class='ocrx_word' id='word_1_257' title='bbox 1030 3850 1271 3913; x_wconf 89' lang='lat' dir='ltr'>necessariis</span> 
     </span>
     <span class='ocr_line' id='line_1_35' title="bbox 203 3946 1274 4032; baseline 0.009 -25"><span class='ocrx_word' id='word_1_258' title='bbox 203 3946 605 4025; x_wconf 81' lang='lat' dir='ltr'>quoquecolraerebit.</span> <span class='ocrx_word' id='word_1_259' title='bbox 639 3947 718 4011; x_wconf 87' lang='lat' dir='ltr'>vidit</span> <span class='ocrx_word' id='word_1_260' title='bbox 739 3949 773 4012; x_wconf 87' lang='lat' dir='ltr'>L.</span> <span class='ocrx_word' id='word_1_261' title='bbox 797 3948 904 4025; x_wconf 84' lang='lat' dir='ltr'>Ianus,</span> <span class='ocrx_word' id='word_1_262' title='bbox 940 3968 1031 4032; x_wconf 92' lang='lat' dir='ltr'>quem</span> <span class='ocrx_word' id='word_1_263' title='bbox 1057 3950 1222 4019; x_wconf 83' lang='lat' dir='ltr'>Fickertus</span> <span class='ocrx_word' id='word_1_264' title='bbox 1244 3954 1274 4018; x_wconf 93' lang='lat' dir='ltr'>et</span> 
     </span>
     <span class='ocr_line' id='line_1_36' title="bbox 202 4045 1273 4144; baseline 0.013 -34"><span class='ocrx_word' id='word_1_265' title='bbox 202 4045 337 4113; x_wconf 84' lang='lat' dir='ltr'>Haasius</span> <span class='ocrx_word' id='word_1_266' title='bbox 359 4052 536 4133; x_wconf 86' lang='lat' dir='ltr'>sequnntur.</span> <span class='ocrx_word' id='word_1_267' title='bbox 590 4051 650 4118; x_wconf 84' lang='lat' dir='ltr'>Sed</span> <span class='ocrx_word' id='word_1_268' title='bbox 681 4055 784 4118; x_wconf 84' lang='lat' dir='ltr'>cetero</span> <span class='ocrx_word' id='word_1_269' title='bbox 810 4055 1016 4138; x_wconf 87' lang='lat' dir='ltr'>reliquerunt,</span> <span class='ocrx_word' id='word_1_270' title='bbox 1051 4056 1157 4139; x_wconf 89' lang='lat' dir='ltr'>qualia</span> <span class='ocrx_word' id='word_1_271' title='bbox 1182 4060 1273 4144; x_wconf 83' lang='lat' dir='ltr'>vulgo</span> 
     </span>
    </p>
   </div>
   <div class='ocr_carea' id='block_1_4' title="bbox 0 0 1332 5056">
    <p class='ocr_par' dir='ltr' id='par_1_5' title="bbox 0 0 1332 5056">
     <span class='ocr_line' id='line_1_37' title="bbox 0 0 1332 5056; baseline 0 1"><span class='ocrx_word' id='word_1_272' title='bbox 0 0 1332 5056; x_wconf 95' lang='lat' dir='ltr'> </span> 
     </span>
    </p>
   </div>
  </div>
 </body>
</html>
