2662 5062
442 107 473 161 L.
492 106 595 162 Serum
613 107 749 177 Epistola.
1025 111 1087 175 465

55 306 211 382 omnia,
248 303 323 370 tibi
349 304 450 379 iare;
487 303 618 380 erede,
650 306 745 386 quod
775 308 968 382 marisrsi
997 312 1128 395 plures

59 412 178 476 babes
218 401 439 476 sententias
476 413 616 487 metus,
650 410 777 475 nihilo
805 413 935 480 miuus
961 415 1000 494 in
1030 418 1141 483 bancv

60 522 217 600 partem
251 517 376 598 potius
409 516 566 580 inclina.
610 515 810 582 Scribendum
843 521 906 584 est:
936 522 970 585 si
998 523 1129 605 plures

60 623 178 686 babet
211 619 430 687 sententias
463 624 607 695 metus,
642 622 698 686 hoe
725 624 782 702 est,
816 624 844 689 si
875 625 907 688 in
940 628 1068 693 consilio
1098 632 1131 694 01

63 729 287 795 deliberatione
324 726 427 808 plures
459 726 620 790 sententie
653 728 750 792 metui
781 727 936 794 fauebunt.
991 733 1032 798 111
1064 736 1131 799 erat

61 855 124 900 nou
147 834 263 899 babet
294 833 347 897 sed
369 831 529 896 babebit
559 833 591 895 in
614 833 835 915 antiquioribus
857 837 1039 918 quibusdam
1063 840 1129 905 edi·

62 942 212 1012 tionibus,
245 940 281 1003 01
307 938 429 1002 Mureti.
496 935 619 1006 Habere
645 939 804 1000 0001001100
837 951 933 1003 moue
960 943 1041 1008 nihil
1070 948 1128 1010 est.

64 1049 116 1124 (In
139 1047 158 1128 ᾗ
183 1045 222 1107 14
243 1044 324 1127 quod
347 1044 501 1126 Hauptius
524 1043 556 1107 ΙΙ
578 1063 608 1125 p.
632 1043 651 1106 9
675 1043 767 1109 scribi
789 1045 894 1111 iussit:
927 1047 1051 1115 Pudet
1069 1050 1128 1117 'me

60 1153 121 1216 tui
143 1152 202 1216 sie
235 1155 362 1213 tecum
385 1150 503 1231 loqui,
536 1168 597 1213 uon
628 1149 754 1215 memini
785 1169 916 1233 usquam
942 1154 1128 1223 infinitivum

60 1258 217 1323 adiectum
240 1256 331 1320 verbo
351 1254 469 1339 pudet
490 1255 711 1338 cumgenetiro
725 1256 830 1337 posito.
853 1256 979 1324 Fuitne:
1005 1262 1129 1329 Pudet

62 1384 140 1442 me,
169 1364 198 1424 si
217 1366 287 1435 oio,
309 1362 363 1426 sic
383 1365 509 1426 tecum
533 1360 644 1443 loqui
665 1363 757 1436 ceti)
980 1382 984 1395 ⁴

165 1468 221 1550 Ep.
248 1467 300 1540 14,
333 1466 369 1530 8:
412 1466 493 1531 Non
524 1465 732 1530 sinistrum
754 1467 860 1550 petit
892 1469 1026 1546 littus,
1063 1472 1128 1537 sed

62 1576 119 1650 id,
142 1592 215 1656 quo
236 1573 394 1655 propior
427 1571 642 1654 Charybdis
663 1574 783 1637 muria
804 1574 1011 1641 convolvit.
1057 1576 1128 1642 Nou

61 1682 93 1745 10
128 1680 218 1744 111100
254 1675 419 1750 convolvit,
462 1676 519 1743 sod
554 1677 585 1741 iu
626 1678 755 1743 vertices
790 1678 979 1764 circumagit
1033 1680 1129 1747 Serib.

62 1787 129 1851 sed
157 1785 209 1860 11,
243 1785 331 1867 quoi
356 1785 514 1866 propior
536 1781 591 1847 Cb.
614 1801 657 1858 m,
679 1803 705 1848 o:
749 1783 798 1848 De
825 1783 843 1866 ς
873 1783 912 1846 14
942 1784 1129 1853 dictumest

61 1891 123 1954 vol.
141 1891 162 1952 vI
184 1909 214 1971 p.
239 1889 336 1966 69.)¹)

165 1995 221 2076 Ep.
235 1995 282 2066 15,
305 1994 341 2059 3:
364 1996 501 2078 quibus
523 1994 708 2059 aurorum
725 1992 807 2069 dies
830 1997 889 2060 est
911 1982 1128 2071 actus,...si

64 2104 101 2166 in
128 2101 264 2165 ¹locum
290 2101 387 2180 eius,
424 2100 520 2182 quod
554 2100 728 2172 effluxit,
765 2101 927 2165 multum
960 2087 1131 2183 potionis

65 2205 189 2269 altius
211 2204 338 2270 ieiuno
359 2208 470 2271 iturae
496 2207 754 2289 regesserunt.
804 2204 836 2269 si
857 2205 988 2270 ieiuno
1011 2204 1132 2273 dativus

65 2313 166 2383 esset,
200 2315 236 2373 ut
256 2309 413 2376 Fickertus
443 2313 497 2387 (et,
519 2313 555 2375 01
576 2312 692 2394 opinor,
716 2310 862 2387 Hessius)
884 2311 989 2384 uoluit,
1020 2311 1132 2377 saltem

66 2416 209 2480 ieiunis
231 2416 424 2481 scribendum
448 2419 523 2482 erat.
569 2416 667 2482 Scribi
688 2415 797 2480 debet:
831 2414 951 2481 altius
985 2401 1132 2480 ieiunio

65 2522 179 2587 iturae
215 2522 309 2604 (quod
340 2522 433 2587 ieiuni
466 2524 561 2598 0001).
636 2521 703 2607 [nb
736 2529 767 2584 et
801 2516 855 2585 alii
886 2522 923 2589 in
951 2522 1130 2606 ieiunio]

67 2627 190 2693 Deinde
233 2626 255 2712 ξ
286 2629 306 2689 1
338 2628 369 2692 10
413 2626 568 2692 codicibus
603 2623 760 2700 scribitur:
803 2626 904 2710 qnod
950 2627 1050 2692 libet
1092 2645 1133 2691 ex

66 2733 125 2797 bis
154 2733 392 2808 (exercitationis
424 2732 600 2816 generibus)
637 2732 737 2816 elige
773 2751 842 2798 usu
869 2731 965 2796 rudo
1003 2731 1132 2797 facile.

68 2838 215 2903 Extrema
257 2839 321 2903 baeo
366 2839 441 2912 tria,
490 2857 556 2920 quae
600 2856 638 2903 ne
680 2841 866 2904 structuram
911 2836 1033 2920 quidem
1077 2836 1133 2900 ha·

69 2944 144 3009 bont
166 2945 294 3020 rectam,
318 2944 432 3009 frustra
453 2943 668 3009 defenduntur.
735 2939 861 3008 Videtur
893 2941 1002 3013 fuisso:
1043 2963 1135 3003 oro·

67 3073 134 3111 roo
166 3071 208 3111 ea
233 3049 364 3134 sacili.
389 3064 391 3066 ’
415 3050 480 3128 (Ex
511 3048 622 3113 facili
655 3035 703 3131 ep.
728 3047 798 3124 121,
826 3048 862 3124 53
896 3046 955 3111 sid.
988 3046 1134 3135 Schelier.

68 3176 98 3238 p.
134 3155 241 3231 3673.)
296 3155 503 3237 Transpositio
541 3155 581 3218 ab
613 3153 729 3218 Haasio
746 3153 793 3216 -in
825 3152 885 3233 §7
920 3152 1059 3217 adhibita
1080 3169 1136 3216 neo

69 3327 272 3334 ψ..

91 3446 112 3510 11
143 3449 159 3509 s
180 3447 212 3500 16
230 3447 301 3499 recte
320 3442 483 3498 Gronovius:
503 3456 564 3494 non
585 3415 724 3495 damnat
742 3441 800 3508 (pro
819 3437 1009 3506 damnatur)
1030 3437 1134 3498 latro,

144 3535 375 3590 eumoccidit.
413 3537 519 3604 (110000
547 3549 580 3586 00
613 3531 725 3586 fortune
745 3530 853 3601 quidem
872 3547 948 3586 casus
966 3529 1060 3583 iudicii
1080 3529 1135 3582 viru

145 3628 228 3681 habet
255 3646 303 3683 uec
334 3645 419 3683 meam
446 3626 546 3680 minuit
575 3624 757 3694 dignitatem.)
798 3624 831 3678 Iu
850 3628 865 3689 ς
883 3624 900 3679 8
918 3623 986 3676 mire
1003 3621 1137 3676 oberravit

145 3720 262 3775 Hessius
286 3738 350 3775 non
369 3720 477 3782 addens.
523 3718 590 3773 Pars
609 3718 651 3769 est
678 3714 831 3768 securitatis
854 3730 912 3768 oum
930 3715 970 3769 sic
987 3711 1085 3783 petere,
1106 3715 1137 3766 ut

146 3829 199 3866 uon
223 3828 253 3867 ex
277 3816 413 3884 proposito
443 3812 477 3867 ad
507 3827 566 3866 eam
593 3805 734 3875 confugere
765 3805 909 3867 videamur,
938 3807 1034 3861 ceteris
1064 3807 1139 3861 dum·

150 3905 231 3959 uatis.

120 3997 233 4032 nummu
245 4000 322 4032 Αοηιι.
335 3998 384 4032 em.
407 3998 429 4031 11.
904 3998 938 4042 ³0
