2678 5018
267 296 307 359 70
613 297 672 352 Lib.
692 299 740 354 Vl.
767 298 832 369 Cap.
850 301 887 356 11.

224 499 282 563 hoc
302 501 350 564 est
360 521 372 601 :¹
389 500 424 564 ut
438 496 530 562 velim
545 514 613 563 earn
628 515 742 576 amare,
757 516 859 581 quam,
883 498 909 563 si
924 499 1029 576 nolim,
1052 519 1144 586 cogar
1158 503 1281 580 tamem

224 606 324 688 priore
346 624 381 669 er
403 604 628 671 condicionibus
649 623 678 669 v.
702 604 743 667 50
763 605 871 686 positis
895 606 941 670 uti
964 604 1040 672 vult.

323 712 391 777 lhd.
414 711 478 789 ΙΙΙ,
503 709 560 788 13,
595 710 635 772 29
658 711 702 793 (in
724 711 927 794 descriptione
950 713 1134 779 solemnium
1157 715 1281 781 Iunonis

223 818 384 906 Ilahsceel:

324 923 384 989 Ore
406 924 508 989 levent
528 923 632 1007 populi
653 925 738 1000 tunc,
760 941 830 988 cum
853 924 938 988 venit
959 942 1050 990 aurea
1070 944 1192 1009 pompa.

224 1029 310 1097 Unus
332 1030 523 1114 significatur
543 1031 671 1113 populus
693 1030 840 1096 Faliscus.
888 1028 1056 1112 Scripsitne
1082 1029 1225 1098 Ovidius:

329 1136 392 1199 Ora
414 1137 518 1201 favent
539 1137 642 1219 popnh
662 1139 745 1212 tune,
767 1157 792 1202 c.
815 1157 844 1201 r.
866 1156 893 1201 a.
917 1156 957 1219 p.‚

222 1247 257 1308 ut
279 1243 352 1309 alibi
374 1266 407 1307 oo
421 1245 541 1328 favens,
561 1243 738 1326 Propertius
763 1266 818 1306 ora
832 1241 972 1327 faventia
996 1241 1094 1307 dixit?

321 1349 389 1415 Ibd.
412 1350 473 1426 111,
498 1350 551 1427 14,
573 1350 613 1411 41
637 1351 668 1414 et
692 1348 749 1412 42:

370 1455 424 1521 Nil
463 1456 602 1540 equidem
635 1455 802 1538 inquiram,
837 1472 901 1531 nec,
924 1472 991 1537 quae
1013 1454 1114 1521 celare
1148 1458 1279 1540 parabis,

422 1564 573 1647 insequar,
595 1564 626 1627 et
648 1561 734 1626 falsis
756 1561 891 1626 muneris
914 1561 1010 1627 instar
1033 1562 1100 1626 erit.

264 1669 313 1733 Sic
335 1669 467 1752 optimus
489 1667 580 1732 codex
602 1668 670 1749 (eut
682 1664 771 1749 falsi,
794 1667 820 1732 si
835 1667 961 1733 Heinsio
985 1668 1159 1747 eredimus),
1183 1688 1200 1734 e
1222 1690 1282 1753 qua

264 1775 414 1857 scriptura
445 1772 525 1856 qnod
546 1771 712 1838 Merhehus
735 1774 850 1838 effecit:

380 1881 532 1962 insequar,
557 1883 588 1944 et
608 1879 720 1944 falsum
736 1880 871 1944 muneris
892 1878 991 1943 instar
1012 1880 1081 1953 erit,

263 1988 298 2051 ut
313 1987 466 2052 sententia
483 1987 566 2051 recta
587 1987 637 2064 sit,
654 1984 774 2071 solcum
795 2004 850 2068 pro
862 1985 1053 2050 substantivo
1068 1985 1166 2068 accipi
1180 1985 1280 2062 debet,

263 2093 299 2155 ut
319 2091 380 2157 sit:
402 2092 485 2158 fraus
506 2094 583 2158 mihi
606 2093 718 2159 oblata.
769 2090 970 2158 Scribendum
994 2094 1076 2157 erat:

372 2199 522 2284 insequar,
546 2202 578 2265 et
593 2198 672 2284 falli
691 2198 826 2264 muneris
847 2197 945 2264 instar
967 2199 1035 2263 erit.

323 2304 450 2374 lleroid.
473 2306 597 2394 epistol.
621 2303 664 2378 Il,
688 2304 797 2385 103¹):

324 2411 406 2490 Quid
428 2432 537 2495 precor
557 2412 684 2479 infelix?
706 2412 750 2476 Te
771 2412 834 2476 iarn
856 2414 942 2476 tenet
963 2412 1062 2476 altera
1082 2412 1192 2476 coniux

373 2518 501 2584 forsitan
525 2521 566 2596 et,
587 2519 674 2583 nohis
696 2518 748 2601 qui
768 2517 851 2583 male
872 2518 957 2594 favit,
980 2536 1074 2582 amor.

321 2625 424 2709 thue
449 2625 505 2689 tibi
527 2623 702 2699 excidimus,
724 2625 851 2702 nullam,
869 2626 952 2705 pute,
973 2622 1118 2707 Phyllida
1137 2624 1229 2688 nosti.

223 2731 368 2812 Ineptum
390 2734 439 2797 est
457 2743 501 2806 ut,
534 2733 636 2814 inepte
657 2731 688 2794 in
710 2731 845 2813 protasin
868 2730 901 2794 et
921 2728 1068 2812 apodosin
1093 2726 1281 2805 dividuntur,

225 2855 292 2918 quae
313 2837 441 2903 eandem
464 2839 650 2903 sententiam
673 2838 842 2913 continent;
864 2835 1072 2901 scribendum:

928 2960 1025 3015 arnor,

322 3050 424 3135 Atque
444 3051 502 3116 tihi
522 3050 707 3127 excidimus3
729 3049 856 3124 nullam,
878 3051 964 3131 puto,
986 3046 1129 3131 Phyllida
1150 3046 1241 3111 nosti.

224 3155 355 3223 Gravius
376 3157 468 3240 priori
488 3158 570 3223 idem
592 3158 777 3239 superponit.
810 3155 876 3240 [Sic
898 3152 956 3219 (iu.
980 3153 999 3216 3
1022 3152 1103 3235 apud
1126 3151 1230 3236 lehn]

323 3264 388 3329 lbd.
411 3263 478 3342 (ΙΙ),
503 3263 561 3326 107
578 3284 643 3348 sqq.
665 3263 792 3328 Prorsus
812 3260 1047 3326 intolerabiliter
1068 3260 1100 3323 in
1122 3277 1283 3324 enumera·

224 3370 306 3435 tione
328 3370 507 3435 meritorum
530 3369 696 3454 Phyllidis,
724 3389 791 3453 quae
812 3388 867 3451 per
889 3368 1076 3450 anaphoram
1097 3367 1283 3451 pronominis

225 3476 348 3541 relativi
369 3476 406 3540 fit
426 3482 467 3554 (r.
492 3475 551 3538 107
574 3498 642 3560 quoe
662 3476 730 3554 ribi,
753 3495 782 3539 v.
808 3476 865 3538 111
890 3496 957 3558 quen
979 3473 1059 3557 ribi),
1080 3473 1283 3556 interponitur

224 3602 390 3667 pronomen
412 3583 575 3648 relativum
597 3583 635 3648 ad
651 3581 884 3667 Demophoonta
898 3581 1029 3646 relatum
1053 3584 1093 3660 (v.
1112 3579 1182 3658 109,
1207 3579 1282 3644 11οι

224 3805 420 3817 *—

252 3936 276 4003 ¹)
295 3937 370 4004 Quod
387 3940 415 3995 in
434 3942 519 4011 prime
536 3941 653 4010 epistola
677 3956 702 3993 v.
721 3941 772 3995 103
790 3937 937 3992 Merkelius
955 3952 1003 3991 sna
1023 3936 1177 3990 coniectura
1194 3950 1282 4005 reper-

293 4033 352 4086 tum
370 4035 468 4102 posuit
487 4032 558 4088 idem
576 4050 625 4104 ego
643 4035 698 4088 iarn
715 4048 739 4087 a
759 4033 828 4089 1843
846 4033 875 4085 in
893 4030 993 4100 eclogia
1014 4031 1152 4100 poetarum
1170 4027 1282 4082 Latino·

293 4139 352 4178 rum
370 4142 521 4195 posueram:
556 4130 622 4181 Hinc
632 4130 732 4194 sacrant
749 4138 791 4179 cel.
