2678 5016
509 614 632 669 Valerius
654 575 774 671 i'lecous.
1071 622 1130 684 147

99 810 225 875 AEaeam
258 813 290 875 et
312 809 490 893 Argolicam
517 829 643 875 manum
669 809 827 878 Gesander
845 812 920 887 vult,
948 820 982 882 ut
1004 818 1043 884 ed
1064 821 1172 886 urbem

99 916 255 982 veniatur.
300 915 500 981 Scribendum
523 916 635 1008 igitur:

640 1023 683 1087 ite
704 1041 760 1106 por
781 1024 865 1086 urbis
1000 1046 1003 1051 ·

306 1126 543 1210 Argolicamque
565 1129 737 1211 meuum.¹)

209 1230 274 1295 lbd.
298 1228 375 1294 385:

606 1339 659 1402 eut
681 1341 717 1401 ut
738 1339 880 1404 machina
904 1339 993 1415 muri,

209 1462 276 1524 quae
299 1442 432 1525 scopulis
453 1443 649 1525 trabibusque
671 1442 723 1506 diu
745 1444 942 1527 confecteque
964 1444 1096 1509 flammis

206 1547 370 1628 procubuit
390 1547 516 1612 medem
540 1549 632 1630 atque
653 1547 809 1632 ingentem
833 1550 966 1633 propulit
986 1549 1102 1613 urbem.

206 1652 305 1717 Recte
327 1652 472 1717 Heinsius
492 1653 660 1730 intellexit,
692 1673 791 1737 neque
823 1654 998 1719 machinam
1018 1646 1058 1718 'de
1080 1673 1168 1720 muro

103 1755 301 1823 delabentem
328 1759 427 1840 ipeem
450 1759 558 1822 urbem
586 1761 723 1824 evertere
744 1778 842 1842 neque
864 1759 927 1823 ullo
952 1756 1043 1823 modo
1064 1759 1168 1820 urbem

99 1862 272 1947 propellere
301 1863 364 1928 dici
390 1881 497 1947 posse,
535 1865 621 1946 quasi
650 1864 849 1948 protrudatur
880 1865 912 1929 et
937 1881 1027 1947 porro
1048 1866 1166 1946 agatur.

106 1966 164 2032 Sed
187 1970 361 2035 coniectura
383 1966 455 2036 neus
478 1971 606 2036 estnon
628 1970 724 2045 bona,
758 1988 831 2035 nam
852 1969 961 2035 umbra
983 1969 1075 2056 simul
1097 1988 1166 2034 cum

104 2074 245 2138 machina
266 2074 336 2156 ipsa
357 2077 441 2145 mota
462 2075 538 2141 nibil
559 2074 599 2139 ad
622 2093 727 2140 cesum
743 2073 978 2140 describendum
1001 2074 1166 2139 admodum
1300 2138 1304 2145 .

107 2179 253 2260 pertinet,
299 2199 397 2263 neque
433 2200 468 2246 ea
505 2179 694 2262 propellitm.
760 2180 829 2246 Una
870 2179 973 2244 littere
1016 2179 1166 2246 mutanda

104 2283 231 2359 videtur,
254 2287 290 2349 ut
312 2286 370 2350 sit:
761 2281 764 2288 ’

305 2400 309 2405 ’
504 2390 659 2474 ingentem
687 2389 821 2473 propulit
843 2390 953 2453 orbem.

203 2492 317 2560 Omnia
339 2495 431 2569 enim,
453 2514 520 2578 quae
543 2496 623 2560 circa
644 2497 725 2572 sunt,
749 2513 867 2579 quoquo
889 2495 995 2561 versus
1017 2497 1047 2561 in
1059 2497 1164 2562 orbem

105 2595 215 2665 disiicit
251 2602 283 2665 et
318 2600 462 2683 propellit
504 2601 647 2666 machina
678 2602 831 2685 prolapsa.
888 2601 939 2682 (V.
974 2592 1035 2663 382
1071 2602 1161 2666 resti·

106 2705 251 2770 tuendum
286 2709 334 2771 est
358 2724 375 2770 e
397 2705 550 2771 codicibus
571 2708 697 2790 pravior
727 2716 860 2790 nutuque
882 2726 995 2780 careres,
1027 2705 1083 2770 boc
1104 2707 1161 2782 est,

106 2810 237 2875 nondum
260 2813 383 2890 nutans,
420 2811 474 2876 sed
507 2811 635 2876 firmiter
669 2815 765 2876 steno.
822 2811 898 2877 Post
930 2809 1053 2875 demum
1081 2810 1163 2875 cedit

103 2916 135 2978 et
154 2916 237 2992 ruit.)
793 2924 795 2929 ⁴

200 3022 267 3087 Ibd.
289 3021 367 3086 449:

184 3128 265 3210 Ergo
287 3128 397 3210 opibus
421 3128 549 3212 magicis
571 3131 604 3191 et
624 3127 798 3210 virginitate
820 3124 1013 3189 tremendam

184 3232 260 3297 Iuno
288 3233 357 3297 duci
380 3234 493 3299 sociem
517 3233 698 3316 coniungere
720 3230 829 3313 quaerit
849 3229 976 3298 nolum.

202 3337 373 3422 Virginitas
406 3339 550 3404 Medeam
597 3336 787 3401 tremendam
824 3354 885 3400 non
923 3354 995 3401 seue
1028 3337 1162 3403 faciebat

104 3443 347 3526 necquicquam
375 3443 501 3510 adeius
528 3442 697 3527 potentium
723 3441 905 3524 pertinebat.
960 3439 1161 3506 Scribendum

102 3548 235 3613 videtur:

501 3661 528 3713 et
550 3653 638 3735 oirpa
659 3660 749 3735 atque
770 3658 834 3712 arte
856 3651 1049 3714 tremendum.

211 3758 338 3842 Virpam
371 3757 522 3840 magicam
557 3754 723 3840 significari
748 3758 865 3819 certum
889 3757 953 3830 cst3
987 3755 1018 3818 in
1051 3756 1182 3820 ceteris.

102 3864 213 3929 litteris
237 3866 342 3946 potest
362 3856 459 3926 latere
481 3862 685 3944 perticipium.
733 3860 901 3936 (Heinsius,
925 3879 995 3924 cum
1017 3859 1161 3924 mendum

105 3968 384 4040 animadvertisset,
407 3967 625 4049 adscripscrat:
649 3976 676 4028 et
699 3966 769 4027 dira
792 4011 799 4027 .
823 4016 829 4031 .
855 4018 861 4031 .
888 3976 953 4028 arte
967 3965 1163 4039 tremendam,

97 4078 230 4149 tentata,
258 4091 317 4138 non
339 4073 473 4156 perfecte
494 4074 733 4150 emendatione.)

120 4395 141 4463 ¹)
171 4395 204 4449 V.
224 4396 279 4450 313
298 4393 456 4463 scripseram
475 4395 556 4457 omrr's,
575 4390 606 4443 ut
625 4386 751 4443 Kocbius.

912 4477 963 4528 lo*
