2678 5018
276 303 316 365 22
630 299 689 355 nia.
710 300 757 358 vr.
788 297 892 370 capu

238 518 305 586 quae
327 520 387 566 non
402 501 483 566 inest
504 499 535 563 in
557 497 629 563 hoc:
651 501 730 562 emur
751 498 879 572 libonem
900 497 1037 560 animum
1058 517 1127 574 cese,
1147 496 1202 564 sed
1223 496 1293 563 laus

237 606 372 673 liberalis
393 609 518 671 naturae.
561 604 659 671 Scribi
681 606 787 671 debet:

342 712 451 790 uereri,
479 712 561 777 inter
581 729 614 776 se
634 729 747 776 amare.
794 708 874 773 Siris
894 708 1024 773 liberum

338 818 494 903 ingenium
516 819 608 901 atque
629 816 785 892 unimum3
808 833 866 899 qno
889 814 936 878 uis
958 814 1028 879 illos
1048 816 1084 879 tu
1103 813 1152 879 die

338 924 493 997 reddnoas

236 1030 295 1096 hoe
316 1032 379 1095 estc
402 1028 523 1095 etiamsi
545 1029 651 1095 siveris
672 1028 767 1093 libere
787 1027 856 1091 illos
878 1025 1003 1091 moueri.

336 1135 519 1201 Lucretium
550 1135 669 1200 iuvenis
688 1153 724 1200 ec
755 1151 848 1215 prope
884 1132 1061 1197 adolescens
1092 1133 1137 1199 ite
1164 1134 1225 1219 legi
1260 1134 1292 1198 et

236 1241 334 1306 semel
355 1241 525 1323 iterumque
546 1241 660 1306 scholis
680 1239 819 1314 nmtavi,
841 1238 982 1319 ubedam
1003 1237 1125 1323 signum
1137 1238 1290 1323 quodam-

236 1346 325 1411 modo
358 1347 532 1411 extollerem
544 1347 656 1411 rectius
680 1345 745 1411 eius
767 1344 911 1411 carminis
932 1344 1094 1421 tractandi,
1117 1346 1233 1429 scripta
1252 1344 1291 1412 de

236 1451 353 1535 aliquot
383 1452 500 1518 lacunis
535 1452 674 1517 codicum
695 1452 829 1517 Lucretii
849 1451 1105 1519 commentatione
1125 1458 1166 1528 (a.
1191 1451 1289 1528 18323

236 1577 339 1641 opusc.
361 1558 446 1624 acad.
471 1559 495 1622 l.
517 1578 546 1640 p.
568 1557 641 1636 305)
663 1559 937 1642 demonstratoquu
966 1574 1058 1641 quem
1079 1576 1171 1639 prave
1192 1556 1291 1642 negli-

235 1666 401 1749 genterque
461 1664 719 1748 Havercampius‚
776 1663 995 1731 Wakefieldius
1055 1663 1167 1746 aliique
1224 1681 1290 1727 rem

236 1771 379 1855 egissent
423 1770 485 1835 Sed
507 1789 544 1836 ea
564 1772 667 1836 studia
686 1772 801 1854 postea,
833 1770 912 1854 qnod
940 1770 1063 1853 quidem
1085 1769 1123 1834 ed
1145 1768 1288 1832 emende-

234 1876 348 1942 tionem
380 1877 558 1943 tentandam
579 1878 754 1960 pertineret,
784 1877 882 1942 iacere
914 1877 981 1950 siri,
1018 1876 1084 1958 ipse
1105 1872 1180 1940 alibi
1201 1892 1290 1939 oecu-

235 1982 337 2065 petus,
359 1981 428 2049 aliis
449 1983 536 2048 illum
570 2001 713 2065 eampum
734 1983 891 2066 ingressis.
944 1981 1068 2064 Septem
1090 1982 1198 2047 octove
1220 1999 1290 2046 con·

234 2087 379 2166 iecturas,
401 2108 476 2173 quas
496 2090 529 2154 in
561 2089 698 2171 margine
719 2088 788 2152 libri
820 2088 917 2172 quinti
949 2090 982 2153 et
1006 2087 1085 2153 serti
1114 2087 1288 2165 adsueram,

235 2212 262 2258 a.
297 2193 378 2272 1846
399 2194 621 2260 Henrichsenio
654 2213 729 2270 meo,
763 2213 834 2258 oum
862 2195 894 2258 in
916 2196 1143 2278 programmate
1177 2193 1289 2259 schola

237 2297 427 2366 Othiniensis
466 2301 503 2365 de
535 2302 706 2386 fragmento
728 2300 935 2385 Gottorpienoi
956 2300 1130 2376 dissereret,
1163 2299 1291 2364 subiun-

234 2405 349 2490 gendos
372 2407 400 2472 ei
421 2406 526 2473 libello
542 2407 626 2484 dedi3
650 2426 685 2472 er
705 2407 744 2472 iis
766 2426 833 2490 qnae
854 2408 893 2472 ad
914 2408 951 2481 V,
976 2407 1033 2471 301
1060 2405 1093 2469 et
1113 2403 1175 2466 780
1196 2405 1229 2469 et
1237 2403 1291 2482 v1‚

170 2558 171 2561 η
236 2512 297 2574 792
319 2512 524 2595 pertinebant,
547 2514 677 2577 nuncin
700 2516 840 2579 contexta
860 2514 996 2578 oratione
1017 2511 1161 2595 leguntur
1182 2509 1291 2588 (altero

235 2617 302 2682 loco
310 2620 520 2702 tantumepud
529 2620 729 2704 Bernaysium
737 2622 769 2684 et
779 2619 982 2698 Munronem);
994 2616 1204 2702 paucissimas,
1217 2633 1291 2698 ques

237 2726 386 2805 praterea
412 2725 442 2790 in
472 2724 661 2809 marginibus
684 2728 854 2791 ceterorum
880 2727 1025 2791 librorum
1056 2724 1218 2788 annotatas
1242 2740 1293 2787 re-

235 2830 319 2911 perio
352 2850 408 2896 ueo
435 2832 474 2896 ab
501 2830 569 2896 aliis
606 2834 767 2914 occupatas
807 2839 892 2908 (nam
921 2850 981 2896 non
1008 2847 1104 2914 peuce
1137 2827 1191 2893 alii
1222 2831 1292 2911 post

238 2933 384 3000 eodemre
431 2939 569 3019 tempore
613 2940 836 3020 reppererunt),
886 2937 936 3002 hic
973 2954 1100 3018 ponem,
1146 2939 1294 3002 renovata

235 3038 326 3107 unius
348 3043 380 3106 et
400 3043 525 3108 alterius
548 3063 583 3109 er
604 3044 666 3110 illis
687 3044 836 3127 prioribus
857 3045 1015 3110 memoria.

333 3149 358 3223 I,
382 3149 441 3213 557
464 3169 546 3233 sqq.:

745 3276 805 3341 que
825 3258 947 3341 propter
968 3254 1058 3337 longo
1079 3252 1140 3318 diei

370 3361 490 3426 infinita
510 3364 584 3427 aetas
605 3365 677 3429 ante
698 3364 758 3429 acti
778 3362 925 3446 temporis
947 3360 1055 3436 omnis,'
1077 3360 1134 3424 cet.

335 3468 541 3533 Vehementer
569 3469 712 3552 displicet
746 3488 807 3533 non
839 3467 938 3533 solum
970 3467 1032 3530 diei
1052 3475 1124 3529 utun
1145 3469 1177 3532 et
1200 3466 1294 3552 loopa

236 3572 357 3658 infinita
393 3584 474 3652 ortae,
524 3575 578 3640 sed
614 3577 708 3641 etiam
744 3576 806 3637 diei
838 3584 911 3638 celae
942 3585 1011 3638 ante
1046 3573 1108 3636 acti
1141 3575 1293 3660 temporat.

238 3678 441 3744 Scribendnm
464 3681 526 3746 est:
914 3681 1008 3766 longa
1027 3680 1094 3746 dies
1116 3690 1143 3743 et

434 3787 555 3853 infinita
580 3790 653 3854 aetas
678 3791 748 3854 ante
771 3787 831 3853 acti
852 3787 1000 3870 temporis
1021 3788 1127 3853 omnis.

333 3891 375 3966 Π,
397 3894 474 3958 555ε

369 3991 530 4067 disiectare
553 4002 631 4068 solet
653 4019 801 4086 magnum
826 4019 910 4065 mare
930 4001 1074 4076 tannim
1095 3998 1243 4083 guberna,

362 4108 539 4199 antemnas,
560 4126 691 4192 proram,
714 4106 813 4174 malos
832 4109 997 4190 tonsasque
1021 4106 1165 4183 neentis,
