2648 5084
195 298 199 310 ’
250 257 421 372 618⁸
347 374 362 402 a
548 306 658 362 Lib.
677 306 726 361 lX
745 304 811 374 cip.
830 305 867 360 ΙΙ.

41 406 56 440 c
180 399 185 411 .

32 508 76 567 ι·
59 549 107 645 ο,
183 443 305 581 :bonus
327 512 358 573 et
379 525 467 573 voras
489 507 657 588 scripturas
678 502 877 568 habuissem
899 504 956 569 illo
979 506 1162 573 obscuratas
1182 512 1258 590 (pror-

208 635 262 680 sns
297 617 332 679 nt
353 615 384 678 in
408 613 539 680 Gaesuris
559 611 634 675 balli
661 610 775 675 Gallici
797 609 954 674 codicibus
977 580 1132 678 eccidisse
1153 613 1259 678 vidimus

209 741 302 804 snpra
330 740 360 804 p.
385 720 472 797 254)
505 737 572 801 qnae
604 717 764 798 scripturae
795 734 876 779 nnnc
906 719 1047 782 manure
1077 721 1108 784 in
1138 718 1261 784 oodicol

208 827 391 906 (Drasdensi
414 827 443 909 Ι)
466 825 635 908 perlucent
657 825 771 897 minus,
803 840 896 904 qnam
918 826 995 888 sunt
1018 827 1131 905 ceteri,
1162 827 1263 892 fiaenter

210 934 405 1015 interpolato.
442 931 496 997 sed
527 933 631 995 ιιιιιι
659 929 811 994 interdum
835 930 929 994 etiam
953 931 986 994 in
1005 933 1078 996 tota
1100 933 1213 997 familia
1229 952 1264 997 re

210 1043 306 1105 tentae
329 1044 409 1113 sunt,
448 1038 610 1103 utstatim
634 1036 666 1114 Ι,
703 1035 739 1113 3,
775 1035 795 1097 3
828 1036 1127 1122 (tractantique
1157 1039 1294 1102 lanan

210 1148 353 1212 ferrum
390 1149 426 1210 et
458 1163 566 1210 arma
598 1143 788 1209 habentes
820 1161 975 1224 parere.
1013 1163 1073 1238 pro
1107 1166 1167 1230 quo
1196 1148 1265 1209 inl

210 1255 355 1320 scribitur
391 1252 551 1333 editurqne
589 1269 608 1314 a
638 1250 756 1332 Ieepio:
801 1252 1109 1335 tractantesque
1145 1255 1266 1318 ferron

210 1365 249 1425 et
281 1378 385 1424 arma
417 1357 604 1421 habentes
636 1374 783 1438 parere,
814 1355 940 1419 ridicule
970 1360 1130 1439 separatis
1157 1360 1224 1424 terri
1245 1362 1268 1422 ol

211 1484 365 1532 armorum
389 1462 587 1545 nominibus).
647 1463 710 1528 Nec
746 1463 779 1527 in
801 1464 828 1525 Α
850 1466 964 1544 prnter
986 1464 1148 1530 scribendi
1170 1484 1267 1530 errores

212 1593 266 1639 sna
304 1590 422 1656 qnoque
457 1567 596 1653 quaedam
632 1569 827 1651 simplicioris
865 1569 1122 1651 interpolationis
1156 1572 1269 1654 vestigii

213 1682 340 1754 desunt,
378 1678 462 1741 velut
494 1676 685 1760 perspicuum
719 1676 750 1738 in
783 1674 844 1749 ΙΙΙ,
877 1676 910 1750 7,
945 1676 1003 1750 12,
1041 1680 1097 1743 ubi
1131 1684 1201 1763 post
1218 1697 1268 1744 ια,

209 1792 296 1849 tum:
346 1784 424 1849 Neo
470 1786 664 1847 cessatum
708 1780 921 1863 superadditur
971 1787 1268 1857 necessitatum:

211 1894 518 1974 interpretamentum
540 1888 838 1965 manifestissimum,
860 1908 930 1952 oum
953 1889 1044 1956 initio
1070 1911 1167 1976 supra
1189 1893 1269 1974 scrip

213 2004 279 2064 tum
303 1999 421 2072 luisset,
457 1997 488 2060 in
521 1996 683 2060 verborum
706 1995 843 2061 ordinem
865 2000 1026 2079 receptum
1052 1998 1201 2064 obiicitur
1220 2001 1270 2063 iam

211 2107 236 2180 l,
258 2106 288 2178 4,
325 2103 541 2184 6(oonscio
570 2101 609 2166 ad
641 2103 849 2186 participi).
906 2102 967 2168 Sed
1003 2104 1035 2168 in
1071 2104 1271 2188 quibuslocis

210 2216 265 2277 ιιι
287 2212 426 2277 codicum
451 2210 617 2293 scripturas
649 2214 703 2275 ant
724 2210 913 2291 superiorum
939 2209 1177 2276 emendationes
1199 2229 1271 2276 roro

210 2319 325 2384 caudas
357 2317 468 2405 iudico,
502 2335 627 2400 quorum
652 2334 836 2399 permagnus
858 2317 905 2379 est
927 2334 1090 2391 numerus,
1114 2320 1136 2383 ii
1159 2321 1208 2384 hic
1222 2338 1270 2383 non

211 2428 285 2490 sunt
322 2423 541 2508 persequendi;
582 2441 660 2487 nora
698 2424 878 2495 coniectura,
910 2441 984 2504 qna,
1023 2424 1050 2486 si
1090 2426 1271 2508 superiomn

210 2532 299 2597 bonis
322 2534 404 2596 recte
432 2531 547 2595 utaris.
589 2548 646 2593 non
669 2531 714 2592 ιιι
736 2529 867 2593 multum
890 2546 965 2611 opus
986 2532 1046 2609 est,
1070 2534 1192 2609 tamem
1213 2550 1270 2596 cun

212 2656 326 2720 paucos
349 2636 414 2701 dies
436 2636 597 2722 continuos
620 2635 737 2700 Iustino
759 2635 978 2717 impenderem,
1011 2638 1095 2703 locos
1120 2660 1175 2722 pro
1196 2658 1271 2705 meu·

211 2764 284 2809 sura
304 2744 374 2808 libri
405 2762 466 2806 non
496 2742 584 2807 valde
611 2760 724 2822 pancos
752 2742 858 2825 attigi,
891 2740 928 2807 de
962 2742 1076 2826 quibus
1106 2750 1143 2810 nt
1168 2747 1200 2809 in
1225 2743 1269 2808 tali

209 2852 359 2933 scriptore
381 2847 480 2914 dicam
506 2848 693 2913 brevissime.

313 2957 402 3021 Praet.
431 2957 463 3019 l:
493 2973 656 3038 prorsus
676 2973 752 3018 rem
787 2956 910 3038 magni
932 2957 969 3019 et
990 2956 1116 3021 animi
1140 2961 1178 3022 et
1198 2975 1269 3021 cor·

211 3066 314 3148 poris
337 3063 561 3148 adgressus.
614 3059 763 3124 Vitiatnm
782 3061 840 3126 hoc
871 3081 938 3127 esse
959 3061 1138 3130 Gronovius
1160 3063 1269 3129 intelle

211 3173 265 3240 rit.
302 3172 382 3236 Nam
407 3188 514 3254 neque,
537 3168 589 3252 qui
610 3167 746 3249 amplam
768 3168 929 3232 materiam
952 3167 1118 3236 scribendo
1143 3171 1269 3253 suscipit

214 3279 319 3361 magni
352 3275 529 3360 corporis
563 3293 626 3339 ram
659 3273 785 3358 aggredi
818 3273 1017 3339 tolerabiliter
1039 3274 1156 3342 dicitur
1177 3279 1269 3360 (longe

211 3386 294 3450 enim
331 3381 414 3447 aliud
437 3385 486 3448 est
507 3381 694 3464 excerpendo
726 3381 829 3446 miuus
845 3400 966 3463 corpus
987 3386 1043 3447 ant
1064 3385 1269 3469 corpusculum

210 3491 344 3566 allicere,
376 3490 446 3554 libri
482 3487 636 3562 nimirum,
658 3486 738 3572 quod
765 3485 786 3574 ξ
807 3489 827 3549 4
849 3487 983 3564 dicitnr),
1005 3491 1038 3552 et
1060 3492 1165 3574 magis
1188 3491 1269 3556 etiarn

213 3600 291 3663 mire
314 3599 345 3661 et
367 3595 493 3660 ridicule
514 3595 640 3679 magni
674 3597 713 3660 et
739 3594 854 3659 animi
877 3598 914 3661 et
935 3595 1130 3676 corporis,
1164 3600 1198 3662 nt
1214 3593 1271 3660 ani·

215 3725 282 3769 mus
305 3702 461 3786 scriptoris
485 3702 682 3785 intelligatur,
703 3703 840 3767 materiae
851 3720 975 3783 corpus;
998 3704 1178 3769 necessario
1199 3702 1269 3767 enin

211 3815 377 3894 utrumqne
402 3810 439 3874 ad
463 3809 643 3890 scriptorem
666 3808 806 3883 refertur,
842 3808 894 3891 qni
917 3809 949 3870 et
968 3808 1108 3872 animum
1136 3825 1270 3894 magnum

212 3921 244 3981 et
268 3937 376 4001 corpus
400 3916 510 3980 habere
533 3916 653 3980 debeat.
709 3915 908 3980 Scribendnm
932 3914 1041 3999 igitur:
1077 3918 1210 4001 magni
1241 3916 1272 3977 et

210 4024 331 4089 animi
362 4023 414 4107 (ad
437 4024 677 4107 suscipiendum)
711 4026 748 4087 et
780 4022 927 4085 roboris
961 4021 1011 4096 (ad
1034 4022 1271 4104 perficiendum).

214 4128 385 4194 Gronovius
418 4131 546 4211 operis
579 4133 786 4214 proposuerat.
848 4129 910 4195 Sed
941 4128 1061 4192 animus
1095 4130 1271 4214 (scriptoris)
