2662 5062
258 278 323 343 440
619 274 896 348 Lit.v111.cop.111.
1315 224 1321 355 ξ

217 473 960 560 qualemsonoromaudirosolemus
991 491 1079 538 oum
1100 474 1157 538 oet
1196 471 1261 537 Nan
1318 480 1322 515 ³³

217 598 402 646 sonorem
424 581 464 645 ab
485 579 622 663 Haupiio
643 596 740 645 sumo.

318 684 386 750 Ibd
409 683 468 764 32,
497 684 703 768 8postquarn
724 683 842 750 diotm
862 686 928 762 est
950 703 989 749 ne
1010 686 1141 751 immota
1162 651 1264 769 quiden

218 792 251 855 et
278 791 436 871 superiora
467 788 570 854 sidera
603 791 747 869 ,santra
738 791 787 857 rus
818 786 1048 873 dominiumque
1075 791 1171 856 nostri
1195 797 1263 854 osse
1318 771 1329 897 d

202 895 376 977 .(sod1psa
404 913 523 978 quoque
557 895 621 959 sim
649 896 681 961 in
710 914 766 961 nos
795 898 964 981 exercere),
1001 898 1047 961 sic
1075 897 1108 960 in
1131 895 1266 961 codicibus
1318 949 1323 980 ἵ

218 1001 373 1083 pergitur:
388 1082 390 1087 Ι
407 1000 532 1065 Aliud
554 1000 693 1084 aspice
714 1003 753 1067 et
774 1000 1018 1067 distributis
1040 1019 1121 1067 rom
1144 999 1267 1066 officis
1319 990 1322 1031 ³

219 1107 386 1171 tractas.
424 1105 502 1171 Non
524 1107 653 1191 magis
674 1109 802 1173 autern
823 1106 942 1172 facile
964 1107 1027 1171 est
1048 1105 1169 1181 scire,
1191 1102 1269 1188 quid
1321 1120 1329 1181 ι

219 1211 404 1294 possint,
451 1231 566 1295 quarn
611 1212 795 1279 dubitari
837 1212 975 1287 debet,
1023 1229 1071 1275 an
1114 1211 1269 1293 possint.
1325 1267 1329 1298 ἶ

218 1316 352 1381 Etiamsi
373 1316 441 1384 haeo
463 1319 627 1399 postrema
661 1337 729 1401 quae
750 1317 910 1402 perspicue
937 1316 1075 1383 redeunt.
1089 1317 1130 1382 ad
1152 1318 1270 1387 siderum
1325 1341 1326 1344 ¹

218 1421 341 1489 illorum
364 1419 438 1498 vim,
472 1442 532 1488 non
553 1423 713 1498 adessent,
745 1427 851 1489 tamen
873 1422 949 1488 satis
970 1421 1174 1489 manifestum
1195 1421 1271 1492 eoo
1327 1459 1328 1462 ¹

219 1526 297 1591 nihil
327 1525 378 1591 hio
400 1545 455 1610 per
475 1528 643 1594 secundam
674 1548 837 1612 porsonam
854 1529 936 1607 (sire
957 1528 1119 1594 indicativi
1142 1529 1205 1594 sive
1222 1528 1272 1592 in·
1328 1596 1329 1600 ,

218 1633 361 1717 perativi)
393 1633 548 1717 interponi
576 1653 664 1717 posse
694 1635 732 1700 do
760 1636 894 1705 hominis
920 1635 1039 1715 actione
1068 1637 1103 1698 et
1132 1634 1236 1698 officiis
1244 1633 1273 1712 ¹).

220 1739 748 1823 Distribnta'oftioia·(nam
770 1741 939 1831 'officiis
971 1738 1173 1805 scribendum
1210 1755 1275 1812 osse,

220 1862 337 1909 ornnes
349 1847 418 1928 post
441 1845 576 1914 Fabium
600 1847 755 1925 uiderunt)
770 1846 847 1912 satis
867 1844 1033 1912 ostendunt
1054 1845 1169 1910 aliud
1190 1842 1277 1929 geni·

221 1949 357 2014 nandum
391 1970 459 2018 esso
496 1953 528 2017 et
557 1952 604 2016 sio
631 1951 824 2018 scribendum
854 1969 939 2017 esse:
983 1948 1082 2011 Atia
1116 1951 1277 2025 (aliumt)

221 2053 332 2131 aliud
365 2058 477 2139 (sidus)
512 2058 711 2141 adspicit3
751 2057 992 2123 distributis
1023 2073 1104 2121 rem
1126 2054 1278 2121 officiis

221 2169 419 2235 ιναοιαιιις
437 2182 509 2228 non
526 2163 656 2247 magis
671 2164 815 2240 autem,
830 2165 888 2227 oet.
905 2160 1279 2240 (PerinfelicitorHaasius

221 2265 305 2349 praei.
342 2267 403 2335 rol.
437 2268 486 2333 ΙΙΙ
520 2289 549 2351 p.
583 2269 683 2344 XXV¹⁴
730 2269 766 2333 Iu
803 2269 988 2333 tractant
1017 2268 1082 2331 iam
1119 2266 1281 2333 Gronovius

219 2370 353 2447 incidit)
471 2410 472 2415 κ
550 2382 558 2395 ·

322 2480 391 2545 Ibd.
414 2476 465 2554 34,
496 2480 530 2544 2:
575 2479 616 2547 si
646 2499 744 2545 aves
774 2478 1190 2553 saturatoecineruut
1221 2495 1284 2543 noc

221 2588 359 2665 potest
397 2586 471 2652 hoo
507 2585 737 2668 auspicium
775 2584 946 2650 fulmine
990 2585 1157 2650 irritum
1195 2583 1286 2649 fiori

222 2693 291 2754 aut
343 2709 417 2756 non
473 2692 614 2756 futura
674 2692 922 2756 cecinerunt
988 2689 1040 2755 Sic
1087 2691 1130 2766 ra
1186 2688 1286 2762 ceteri,

221 2794 339 2860 lacuna
373 2796 523 2863 indicium
552 2798 760 2876 occultantes,
797 2815 872 2862 non
893 2815 947 2880 pro
962 2813 1040 2860 nec
1061 2796 1215 2882 scriptum
1235 2797 1288 2861 hu·

222 2901 305 2965 bant.
337 2901 419 2967 Nam
441 2905 468 2969 si
490 2921 561 2970 noo
582 2922 653 2968 cum
668 2902 722 2968 illo
745 2903 882 2967 futura
899 2901 1141 2967 cecinerunt
1159 2919 1289 2985 sequeu-

222 3006 267 3071 tia
288 3007 421 3090 copulnt
456 3009 546 3075 deest
576 3009 730 3092 apodosis.
772 3008 892 3072 Deinde
911 3007 989 3072 illud
1019 3009 1089 3072 aut
1121 3027 1198 3072 non
1229 3008 1291 3071 fu·

222 3114 313 3178 tura
347 3115 586 3195 cecinerunt
616 3115 770 3198 postulat,
797 3117 833 3178 ut
859 3112 1023 3179 antecedat
1044 3131 1107 3178 non
1129 3113 1163 3178 si
1185 3113 1292 3178 ceci-

222 3223 386 3297 nerunt,
422 3220 476 3287 sed
497 3222 566 3286 aut
587 3220 838 3287 cecinerunt.
880 3218 999 3283 Seneca
1019 3219 1203 3299 scripserat:
1249 3216 1292 3281 Si

222 3344 318 3391 aves
350 3322 617 3411 [cecineruntq
662 3327 743 3410 aut]
773 3326 913 3390 futura
949 3323 1192 3388 cecinerunt
1223 3340 1293 3385 neo

222 3432 359 3514 potest
389 3432 462 3498 hoc
503 3433 733 3515 auspicium
770 3429 942 3496 fulmina
973 3429 1141 3494 irritum
1183 3426 1292 3499 fieri,

155 3537 159 3543 '
223 3537 293 3600 aut
325 3554 401 3602 non
430 3538 570 3617 futura
601 3538 848 3604 cecinerunt
893 3535 1051 3601 Dilemma
1081 3534 1294 3599 necessarium

222 3643 355 3726 ponitur.
398 3643 558 3727 Deinde}
580 3643 617 3722 3,
651 3643 704 3709 ubi
732 3643 824 3726 vulgo
842 3636 1015 3723 'edobutnrz
1062 3639 1103 3704 Si
1135 3638 1210 3704 hoc
1232 3639 1297 3703 di·

223 3751 335 3813 cunt:
359 3751 542 3833 quamvis
564 3751 704 3815 ultera.
720 3750 837 3833 signa
858 3765 993 3812 verum
1008 3743 1296 3828 praedixerint,

242 4080 264 4149 ¹)
293 4082 405 4136 Prorsus
422 4082 513 4152 lepide
531 4083 670 4138 dictertus
687 4083 797 4138 alites
814 4081 966 4136 coniectura
984 4078 1089 4135 intulit
