2662 5062
381 691 413 745 L.
432 684 533 745 Seneca
552 693 661 760 quara.
677 694 769 747 natur.
1008 659 1070 757 {45

142 888 208 953 lbd.
232 887 283 967 26,
306 888 341 949 2:
384 886 501 966 Quum
523 887 679 972 lougius
700 888 829 970 (sidera)
852 897 1113 972 recesserunt,
1163 914 1170 923 ·

41 996 169 1059 miuus
191 995 426 1059 consumunt
446 995 559 1076 atque
581 995 883 1079 trabunt(aquaee
904 998 1110 1076 fluminibus);

39 1102 179 1184 itaque
201 1099 301 1182 quod
323 1097 517 1180 impendio
539 1100 715 1175 solebat,
736 1100 984 1170 incremento
1007 1124 1112 1171 acce·

39 1206 111 1270 dit.
157 1205 207 1269 Ita
237 1204 273 1268 E.
328 1203 416 1268 Nihil
446 1207 495 1269 ost
528 1205 680 1288 impendio
716 1207 820 1284 (ouius
850 1209 931 1288 reid)
964 1211 1114 1275 accedere.

40 1311 265 1375 Scribendumr
306 1309 403 1393 quod
438 1308 689 1392 impenditis
730 1313 910 1392 (sideribus)
941 1315 1111 1383 solebatv

38 1420 134 1482 incr.
169 1435 242 1481 acc.
286 1417 328 1481 Et
354 1415 524 1497 impendi
550 1415 693 1481 Koelerus
732 1420 764 1482 et
793 1421 956 1487 liebertus
989 1442 1007 1487 e
1043 1424 1110 1489 cod.

39 1523 251 1604 Delecampii3
283 1521 338 1586 sed
366 1534 531 1604 pronomen
553 1521 663 1589 abesse
684 1504 799 1606 nequit

144 1627 211 1693 lbd.
235 1627 285 1702 27,
320 1626 356 1689 3:
398 1625 495 1709 Ergo
527 1644 610 1692 curn
634 1626 809 1714 adiuerit
840 1630 911 1695 illa
932 1635 1111 1698 necessi·

39 1738 101 1799 tas
130 1732 331 1814 temporis,
364 1731 485 1795 multa
516 1732 637 1796 simul
669 1732 752 1797 iata
782 1751 918 1799 causas
947 1740 1109 1803 movent.

42 1841 122 1915 Ser,
145 1838 311 1921 quodiam
333 1836 476 1915 Michaeli
497 1838 648 1920 placuisse
669 1838 758 1904 video
777 1838 899 1919 (Philol.
922 1840 966 1904 IX
976 1861 1006 1924 p.
1019 1843 1108 1920 329):

41 1943 187 2007 multoc
217 1943 334 2007 simul
367 1942 448 2007 iata
475 1958 614 2008 causas
635 1962 677 2008 m.
722 1943 999 2025 §bscribendum
1021 1947 1108 2012 vide·

42 2054 108 2115 tur:
148 2051 228 2113 lam
261 2066 350 2113 uec
372 2048 556 2131 gramina·
582 2051 650 2112 aut
687 2049 832 2130 pabula
867 2049 958 2114 loeta
994 2054 1109 2135 aquis
1238 2089 1240 2092 ·

42 2155 239 2217 sustinent
275 2160 341 2237 (pru
384 2154 570 2227 sustinet,
612 2154 830 2232 intransitiva,
879 2149 1029 2242 α’ντὲχει,
1073 2160 1109 2223 ut

44 2262 149 2327 Cicero
171 2260 248 2345 dixit
268 2260 330 2324 ΧΙΙ
351 2259 392 2323 ad
412 2259 485 2324 fam.
509 2259 538 2336 6,
569 2258 674 2324 Caesar
694 2259 730 2324 Β.
754 2260 792 2326 G.
815 2261 867 2337 IV,
891 2262 941 2336 32,
964 2265 1000 2328 Β.
1023 2263 1055 2329 O.
1079 2266 1105 2345 I,

43 2366 84 2426 64
127 2356 199 2447 post
237 2367 329 2438 med,
373 2366 398 2440 Ι,
441 2367 498 2442 71,
542 2366 597 2441 ΙΙΙ,
643 2366 713 2441 94);
758 2366 856 2432 inme
899 2367 1108 2435 laboratur

43 2477 80 2536 et
138 2489 275 2535 manus
324 2470 369 2534 ad
419 2471 582 2554 antiqua
638 2470 825 2537 alimenta
872 2474 1107 2556 porrigitur,

44 2596 118 2660 qua
162 2576 239 2640 ilex
273 2578 320 2649 ¹et
362 2595 523 2660 quercus
567 2570 843 2644 excutitur'et
875 2597 1107 2662 quacunque

45 2684 81 2747 iu
137 2681 234 2744 iocis
288 2681 406 2759 (codd,
460 2678 538 2747 edd.'
581 2682 619 2746 iu
675 2681 748 2755 his)
804 2683 944 2748 arduis
997 2685 1110 2749 arbor

45 2788 297 2853 commissura
339 2787 530 2854 adstricta
571 2786 744 2871 lapidum
788 2789 919 2855 stetit.
972 2790 1016 2854 Er
1060 2791 1109 2854 ul·

44 2895 122 2959 tima
161 2894 303 2959 vocabuli
340 2893 419 2959 ilex
451 2893 578 2977 ,syllaba
613 2897 714 2959 ortum
755 2895 818 2967 est,
859 2894 941 2976 qnod
985 2893 1108 2959 additur

43 3002 112 3064 est.
155 2998 206 3063 Ad
227 2998 356 3082 glandes
378 2999 521 3065 arborum
543 3017 736 3069 excussarum
758 3003 791 3064 et
810 2999 975 3064 iacentium
997 3019 1107 3066 manus
1134 3009 1136 3012 ’

41 3105 155 3188 porrigi
176 3106 329 3170 dicuntur.
372 3105 452 3168 Tum
473 3104 494 3190 ξ
516 3106 545 3179 7,
567 3105 620 3170 ubi
640 3107 672 3170 iu
693 3105 849 3171 codicibus
872 3108 934 3171 est:
958 3106 1106 3170 Auctus
1178 3142 1183 3153 ·

43 3210 188 3278 deiude
211 3212 355 3289 (torrem)
377 3227 563 3292 processu
580 3211 708 3294 aliquo
729 3210 768 3274 in
789 3229 831 3275 se
853 3210 1106 3276 torrentibus
1152 3199 1154 3202 ’

40 3317 174 3400 raptis
210 3315 329 3398 plana
365 3317 512 3398 passim
558 3318 784 3399 populatur,
829 3316 1012 3387 faciendum,
1042 3318 1104 3385 est:

40 3423 194 3515 ductus
224 3422 252 3485 d.
287 3439 471 3504 processu
508 3420 677 3505 aliisque
715 3421 752 3485 iu
794 3440 835 3487 se
866 3421 1105 3487 torrentibus

39 3527 184 3611 raptis;
228 3527 283 3603 sed
313 3527 392 3609 quod
429 3528 583 3609 sequitur:
616 3528 655 3592 iu
688 3527 895 3615 materiam
928 3545 1104 3610 magnam
1139 3518 1147 3530 '

38 3634 215 3717 gentium
336 3632 592 3708 diffunditur,
622 3634 724 3701 nescio
756 3651 796 3697 au
824 3632 1019 3697 retinendum
1052 3633 1103 3709 sit,
1242 3629 1245 3635 ’

37 3743 71 3805 ut
102 3740 305 3823 significetur,
337 3741 444 3822 gentes
476 3743 625 3821 tauquam
658 3738 830 3810 materiam,
866 3738 898 3801 iu
931 3756 992 3820 qua
1023 3737 1104 3803 vires

38 3845 190 3910 diluvium
229 3849 378 3917 exerceat,
411 3843 513 3910 obiici.
555 3844 644 3908 (terte
676 3844 875 3909 miseriam
919 3860 978 3906 nou
1018 3845 1103 3908 recte

38 3950 245 4016 substituitur.
264 3961 267 3965 ’
289 3949 310 4035 ξ
334 3952 371 4013 11
394 3951 443 4026 (in
464 3968 508 4014 ea
528 3949 808 4020 excelsissima)
832 3968 893 4013 uon
913 3948 1102 4029 'adiectivum

38 4057 65 4120 in
95 4056 299 4138 suspicionem
332 4053 508 4120 vocandum.
537 4057 629 4130 erat,
655 4054 711 4119 sed
744 4073 801 4130 ea,
834 4073 936 4120 errore
967 4054 1102 4136 primum

39 4161 186 4244 scriptum
207 4179 263 4244 pro
284 4180 335 4225 ex.
364 4198 367 4203 ·

113 4265 203 4331 ·lbd.
225 4266 282 4342 29,
314 4265 349 4341 6,
382 4266 434 4330 ubi
456 4266 628 4348 exponitur,
651 4260 895 4349 quandocunque
917 4265 988 4330 linis
1010 4264 1101 4330 rebus

38 4370 177 4438 humanis
203 4376 237 4437 et
264 4375 354 4437 terrae
380 4370 553 4443 advenerit,
590 4389 702 4455 aquam
729 4372 874 4436 otmaro
905 4373 1031 4436 auctum
1052 4372 1101 4449 iri,

39 4475 598 4563 boeclegouturinii(Col.„aliis):
639 4477 735 4543 Vide
765 4497 870 4563 ergo,
911 4496 956 4542 ne
993 4481 1101 4543 terra
