2678 5018
269 308 308 369 m
625 306 886 377 mmmm

325 505 452 570 Frustra
472 523 548 582 esse,
581 505 633 588 qui
666 525 702 571 er
724 505 858 571 solitario
877 502 931 568 illo
954 524 1069 588 cunque
1090 503 1206 586 aliquid
1228 522 1289 570 ex-

227 611 355 677 tundere
385 612 533 675 conantur
564 611 663 695 (quasi
695 611 763 695 quis
795 619 847 695 pte
873 607 967 685 dieat,
993 609 1082 692 *qnod
1111 619 1226 694 meopte
1252 613 1286 676 et

227 728 330 802 mepte
351 718 444 793 aunt),
465 716 631 799 prudentes
661 716 864 784 consentiunt.
875 716 901 798 ¹)
954 714 1013 780 Sed
1045 716 1163 799 quoda
1185 717 1287 781 Laeh-

227 843 338 889 manno
361 824 565 907 excogitatum
588 844 683 906 nuper
704 823 857 906 Hauptius
875 820 990 903 aliique
1012 824 1193 904 posuerunt:

562 929 650 993 dulce
671 928 805 993 lenimen
828 927 1043 1011 medicumque,
1066 928 1158 1003 salve,

227 1035 298 1100 ferri
331 1036 436 1118 nequit
459 1033 584 1096 lenimen
605 1035 764 1108 medicum,
796 1036 917 1117 poterat
948 1034 1104 1098 medicine.
1159 1035 1285 1109 Verum,

227 1141 307 1224 quod
338 1159 396 1205 non
423 1143 684 1229 commemoratur,
721 1139 796 1201 milri
825 1139 907 1232 salae
926 1140 958 1204 in
981 1139 1141 1205 salutando
1154 1143 1286 1226 ¹poterat

227 1248 358 1313 fortasse
380 1247 455 1320 dici,
477 1246 535 1310 etsi
557 1245 623 1310 sine
645 1247 783 1330 exemplo
807 1246 928 1312 dativus
952 1246 1091 1321 additur;
1128 1247 1182 1311 sed
1204 1236 1285 1309 salve

228 1351 304 1414 miti
335 1353 392 1434 rite
420 1353 541 1415 vocanti
561 1353 660 1435 (quasi
684 1353 761 1436 fave
782 1362 808 1414 el
828 1353 913 1430 adea)
937 1369 1061 1435 prorsus
1083 1353 1142 1417 diei
1169 1354 1284 1436 nequit.

229 1459 308 1524 Puto
331 1459 492 1524 Horatium
516 1459 687 1542 scripsisse:
757 1479 759 1484 ’

592 1565 667 1630 mihi
688 1565 778 1648 inunge
802 1563 923 1648 „salve“

461 1736 463 1747 Ι
726 1668 935 1735 rite'voeanti.

226 1776 334 1842 Mutuo
356 1777 415 1842 sibi
446 1776 526 1838 salve
549 1775 635 1840 reddi
657 1795 675 1840 a
696 1775 850 1841 testudine
872 1775 948 1852 vult,
981 1777 1016 1839 nt
1038 1776 1166 1841 canendi
1187 1778 1282 1842 socias

226 1886 329 1967 partes
351 1885 502 1948 tueantur.
511 1883 536 1959 ²)
691 1926 700 1937 J
793 1881 818 1920 Γ
1024 1894 1025 1897 ’

330 1987 431 2055 Germ.
454 1989 508 2059 ΙΙΙ,
535 1988 563 2061 4,
590 1987 642 2051 10:
665 1988 780 2052 altricis
802 1989 888 2051 extra
909 1985 1002 2051 limen
1024 1986 1153 2071 Apulia.

325 2094 472 2159 Mendum
509 2111 635 2177 arguere
656 2094 734 2166 nihil
755 2093 876 2170 attinet,
910 2111 928 2156 a
957 2093 1063 2159 multis
1094 2093 1268 2158 convictum
1276 2114 1290 2167 ;4

227 2200 395 2285 corrigendi
419 2201 546 2266 conatus
568 2201 680 2282 partim
702 2219 721 2264 a
753 2199 913 2273 sentmtia,
934 2201 1047 2282 partim
1070 2219 1088 2264 a
1109 2199 1284 2265 litterarum

227 2307 363 2391 vestigiis
398 2306 487 2372 nimis
521 2306 692 2380 discedunt,
724 2305 835 2388 partim
858 2306 984 2387 utroque
1006 2306 1142 2387 peceant.
1202 2303 1285 2369 Sori-

226 2413 360 2479 tendum
383 2414 522 2478 videtur:

494 2520 610 2585 altricis
632 2521 716 2583 extra
737 2516 844 2578 limina
864 2516 920 2579 vill
941 2516 986 2580 loe.

202 2679 206 2688 .
327 2623 427 2690 darm.
450 2625 506 2698 ΙΙΙ,
529 2624 558 2701 8,
582 2624 638 2686 25:

460 2727 635 2812 Negligens,
658 2746 696 2793 ne
716 2729 846 2812 populus
868 2729 996 2805 laboret,
1155 2750 1165 2809 l

463 2852 553 2916 parce
574 2835 711 2918 privatus
732 2835 860 2900 nimium
884 2852 998 2899 cavere.
1117 2844 1119 2847 ’

327 2937 434 3021 Neque
455 2941 601 3005 Horatius
624 2941 824 3005 Maecenatem
853 2940 1059 3026 negligentem
1090 2957 1157 3003 esse
1179 2936 1285 3002 iubere

229 3044 348 3127 poterat
385 3044 487 3130 (longe
519 3047 602 3111 aliud
634 3048 682 3112 est
710 3068 839 3130 parcere
867 3046 995 3107 nimiam
1032 3050 1153 3122 cavae),
1187 3059 1295 3127 nequo

229 3248 427 3258 ———-———-

258 3382 280 3446 ¹)
298 3380 391 3451 Nuper
418 3379 500 3434 alieni
529 3379 800 3446 Horatiusnveterum
830 3380 969 3450 poetarum
997 3395 1074 3434 usum
1095 3380 1202 3433 seeutue
1228 3394 1285 3433 esse

299 3473 372 3527 visne
389 3476 445 3527 est:
463 3489 524 3527 nam
542 3473 695 3528 Lucretium
712 3463 749 3535 Il,
770 3476 829 3547 ¹114
847 3477 876 3531 et
893 3474 925 3540 V,
951 3476 1003 3531 312
1024 3472 1123 3529 dixisse
1140 3472 1208 3527 item
1228 3492 1285 3524 σιω-

298 3587 354 3634 qam
373 3565 441 3620 dixit
459 3567 546 3634 priore
564 3566 620 3620 loeo
639 3586 847 3634 cnm..cumqae‚
866 3567 962 3633 idest,
981 3565 1284 3635 siveraesteoripturn

299 3678 447 3727 comesione,
475 3660 559 3714 altero
588 3659 627 3727 (in
651 3675 727 3714 versu
753 3661 873 3731 alioquin
900 3677 960 3716 enm
979 3663 1066 3716 eetera
1089 3658 1210 3735 oratione
1233 3673 1285 3711 uon

298 3751 454 3818 oohtorenti)
468 3772 557 3820 conque
568 3772 692 3821 senescere,
712 3750 741 3806 id
760 3757 811 3819 oet,
828 3774 1043 3822 eomeneacereque.
1074 3750 1097 3808 0
1115 3750 1284 3822 philologos!

256 3843 281 3909 ²)
298 3844 334 3906 ΙΙ,
353 3846 395 3908 18,
414 3847 448 3901 14
471 3861 523 3900 uou
542 3861 618 3915 poene
637 3846 730 3899 Sabim
754 3850 826 3899 unica
848 3863 895 3917 pro
913 3851 981 3900 unico
1000 3849 1092 3902 Saeuo
1110 3845 1172 3911 diei,
1191 3860 1240 3901 uae
1258 3859 1294 3898 ae·

299 3935 443 3993 Horatium
468 3945 528 3991 eata
554 3938 662 3993 beatum
680 3937 774 4003 dieere,
801 3939 848 3994 sed
874 3939 983 3994 beatum
1010 3943 1038 3994 et
1063 3944 1226 4004 contentum,
1257 3940 1286 3992 et

298 4031 357 4079 sutri
383 4028 532 4083 ablativum
554 4046 610 4084 osso
629 4035 698 4096 (autu
717 4035 789 4084 unica
808 4034 926 4097 Sutina)‚·
951 4032 1006 4086 dixi
1025 4032 1090 4086 olim
1109 4048 1156 4086 noo
1177 4034 1291 4086 senten·-

299 4120 365 4173 tiam
383 4124 467 4178 muto.
1188 4118 1194 4128 ¹
