2654 5010
235 272 297 335 238
605 267 665 322 nro.
683 267 719 320 ιι.
738 267 804 338 cap.
823 268 855 321 v.

194 488 269 535 non
292 467 453 550 quidem
476 462 916 548 odissentaedtamen
933 467 1251 534 existimarentur
1301 535 1302 541 ἵ

196 574 275 650 (cod.
298 573 380 638 Med.
405 573 726 646 animarentur).
764 571 874 655 Neque
895 572 1080 639 infinitivus
1101 570 1251 636 ullomodo
1303 608 1304 628 r

196 680 363 747 sioaudiri
384 680 488 762 potest
514 685 601 754 (non
635 677 758 751 facio.
790 678 858 743 sed
895 679 1146 755 existimer),
1176 695 1254 760 noque

197 788 353 852 sententia
374 788 457 850 reeta
477 784 627 858 elicitum
656 801 727 849 nam
756 785 824 849 tota
853 803 904 850 res
933 787 1107 870 totumque
1128 782 1254 848 indicium

197 894 229 957 in
253 892 488 967 existimatione,
518 888 657 955 odissent
685 890 732 955 illi
761 891 903 955 homines
934 891 1160 972 imperatorem
1179 906 1255 953 necne

198 999 344 1074 odissent,
367 998 499 1080 positum
521 998 596 1071 erat
619 1014 756 1078 quosque
778 1014 811 1060 se
833 995 938 1062 odisse
959 997 1165 1062 existimabat
1186 995 1260 1065 dero

198 1103 356 1186 puniebat,
379 1120 437 1167 non
459 1120 522 1175 eos.
545 1119 621 1184 ques
644 1120 701 1166 non
724 1100 931 1167 existimabat.
980 1102 1063 1167 Odio
1090 1100 1257 1167 contrarium

198 1208 327 1273 Tacitus
349 1209 492 1290 posuerat
513 1208 612 1274 tevins
633 1206 759 1281 crimen.
783 1208 836 1272 sed
857 1208 967 1272 tamen
992 1207 1060 1273 illis
1087 1207 1256 1290 temporibus

97 1308 98 1311 ’
198 1332 256 1378 non
282 1314 458 1378 terendum:
489 1312 606 1397 quasi
628 1312 852 1396 principem
875 1332 950 1378 non
977 1313 1143 1397 quidem
1166 1311 1259 1376 odia·

200 1422 305 1497 sent,
328 1420 396 1485 sed
418 1422 550 1484 tamen
568 1418 775 1486 aestimarent
804 1417 873 1484 Non
891 1418 965 1482 terri
983 1423 1120 1500 peterat,
1135 1417 1259 1482 homines

200 1527 258 1590 luoc
290 1526 350 1590 sibi
383 1527 571 1608 permittere,
604 1528 639 1589 ut
672 1525 709 1589 da
739 1523 860 1589 (lasere
892 1523 1073 1589 indicarent
1103 1531 1145 1599 et,
1167 1521 1258 1606 quanti

198 1630 357 1696 habendus
379 1633 471 1707 asset,
495 1633 686 1696 aestimarent
707 1630 782 1713 (doru
795 1629 915 1696 Kaisar
936 1652 980 1696 au
1004 1626 1260 1697 hescalaron

198 1736 426 1821 conirdipcrc).*)

307 1889 384 1954 lbid.
406 1889 492 1969 XVI,
518 1891 572 1954 16:
608 1874 671 1954 lna
702 1889 777 1953 illa
807 1889 1013 1954 numinum
1042 1888 1084 1953 in
1114 1909 1176 1957 res
1197 1889 1256 1952 lto·

201 2013 335 2059 manas
358 1994 580 2079 reinquere
597 2015 669 2062 non
686 2001 726 2060 ut
745 1996 784 2060 in
803 1994 993 2061 cladibus
1018 1998 1257 2062 exercituum

199 2106 267 2166 aut
305 2099 555 2183 captivitate
594 2103 749 2167 urbium
782 2103 903 2167 semel
941 2101 1055 2167 edito
1090 2101 1257 2168 transire

200 2206 311 2273 licet.
356 2207 407 2272 Sic
428 2225 509 2271 nunc
531 2208 641 2285 editur,
675 2215 707 2272 nt
732 2208 761 2272 in
784 2207 888 2272 codice
917 2207 1000 2270 Med.
1033 2208 1183 2290 scriptum
1209 2212 1258 2278 at

201 2318 420 2396 enarraturque
454 2312 491 2377 de
524 2312 657 2395 simplici
690 2312 812 2391 indicio,
849 2319 1042 2397 repugnante
1075 2315 1258 2379 uehementer

201 2418 345 2502 loquendi
367 2438 433 2494 usn.
457 2419 510 2501 qui
534 2438 630 2503 neque
653 2420 768 2484 edere
790 2421 834 2485 sic
855 2418 994 2484 absolute
1018 2421 1155 2500 positum
1173 2436 1257 2501 neque

201 2525 355 2608 participii
393 2527 586 2607 preteritum
621 2526 738 2607 recipit.
794 2527 892 2608 Vulgo
929 2525 1083 2589 edebatur
1121 2525 1256 2589 editam

199 2630 299 2697 nihile
321 2632 451 2706 rectius;
485 2649 584 2714 neque
619 2631 711 2708 enim,
745 2631 868 2696 etiamsi
897 2633 995 2694 iram
1034 2631 1155 2697 edere
1187 2633 1258 2696 recte

198 2735 261 2803 dici
293 2737 506 2813 concedamus,
540 2737 620 2819 qued
655 2737 781 2802 concedi
815 2737 936 2819 nequit,
969 2738 1015 2800 ut
1049 2739 1201 2804 aditam
1231 2739 1256 2800 in

198 2842 401 2925 comparando
435 2842 474 2907 de
506 2842 656 2926 singulari
688 2861 799 2927 genere
826 2842 879 2906 ira
908 2840 1029 2907 dictum
1060 2845 1136 2910 terri
1159 2847 1257 2929 potest

198 2950 399 3015 Scribendnm
421 2951 488 3014 aine
510 2949 620 3014 dubio:
654 2954 695 3013 nt
729 2948 766 3013 in
798 2947 984 3014 cladibus
1016 2951 1255 3016 exercituum

197 3060 265 3120 aut
307 3054 556 3137 captivitate
600 3055 756 3121 urbium
801 3053 924 3120 cernel
961 3053 1052 3123 edita
1088 3056 1257 3121 transire

196 3161 313 3237 licet,
343 3160 401 3228 hoc
428 3164 484 3238 est,
516 3181 562 3238 ea,
591 3181 659 3245 qurae
681 3161 779 3226 semel
802 3161 834 3226 ot
855 3178 915 3225 uno
937 3162 1087 3243 temperis
1110 3162 1259 3227 momento

196 3265 328 3330 eduntur
350 3272 381 3332 et
402 3268 553 3333 accidunt.

249 3535 275 3598 *l
294 3535 335 3588 De
365 3552 387 3589 c.
413 3537 447 3589 57
478 3537 519 3589 vix
547 3538 592 3592 hic
619 3539 647 3591 in
675 3538 797 3606 margine
825 3536 1010 3605 suspicionem
1038 3553 1143 3606 ponere
1170 3536 1256 3595 audeo

296 3628 468 3682 scribendum
481 3645 554 3685 esse:
569 3631 715 3685 clariore
733 3630 885 3700 exemplo
905 3629 1074 3683 libertina
1091 3630 1253 3685 mulier...

296 3719 425 3775 alienos
444 3737 481 3776 ac
504 3739 607 3792 prope
631 3725 768 3791 ignotos
787 3725 1019 3794 prolegomene
1040 3720 1252 3791 protegendo).

294 3812 438 3868 Ablativus
456 3815 580 3882 gerundii
599 3833 689 3884 neque
708 3833 759 3886 per
777 3834 806 3871 se
829 3823 894 3885 apte
918 3815 1079 3884 adiungitur
1103 3816 1187 3870 verbo
1209 3830 1254 3866 en·

294 3907 420 3971 pressit
438 3915 466 3962 et
484 3909 570 3977 magis
590 3910 673 3964 etiem
693 3909 806 3964 offendit
822 3914 886 3978 post
898 3908 1014 3964 alterum
1027 3909 1105 3964 illum
1119 3909 1254 3964 ablatimm

292 3996 436 4053 clariore
464 4002 627 4070 exemplo,
654 4001 690 4055 ad
713 4018 794 4070 quem
818 4008 910 4055 tamen
933 4018 951 4056 a
974 4002 1090 4058 librario
1114 4016 1253 4058 accommo-

291 4086 370 4142 datus
390 4092 506 4146 videtur.
