2656 5056
229 256 289 317 134
596 250 657 305 nin.
676 250 712 304 11.
732 249 801 322 cap.
823 251 863 307 ιι

188 456 296 517 turae'
323 470 429 522 meae,
471 469 659 534 quamquam
692 448 801 514 Cicero
841 450 1023 535 ingenium
1061 471 1149 516 suum
1179 452 1246 533 potin
1290 512 1291 518 ,

189 557 380 623 nominasset
410 561 465 622 aut
498 575 598 622 mores
629 557 661 620 in
695 554 754 620 tali
785 575 821 622 re
856 575 964 640 qnam
1004 560 1159 624 naturam
1204 557 1247 621 lsi
1291 634 1292 639 Ἰ

191 663 348 729 omittitur
368 663 399 727 in
423 662 544 728 duobus
567 662 693 745 optimis
721 661 895 728 codicibus.
960 664 1170 730 Scribendnm
1186 663 1249 748 igitn

192 770 329 835 videtur:
370 789 497 853 neque
533 772 637 835 enim
674 784 781 834 musae
814 769 1065 837 adversata
1097 774 1249 837 ntnrtst

192 895 263 941 nec
285 881 344 942 cet.
387 877 495 941 Causa
516 878 627 941 natura
648 895 719 941 cum
740 875 868 941 homine
891 880 931 941 et
953 895 993 942 re
1016 878 1217 959 copulatur.‘)

295 1014 375 1082 Ibid
407 1015 464 1078 50:
495 1016 546 1081 Tc
578 1018 681 1082 enim
714 1016 908 1083 existimo
946 1017 1035 1084 tibi
1070 1017 1252 1083 statuisse.

195 1119 290 1203 quid
318 1119 550 1186 faciendum
575 1129 758 1206 putares,
786 1126 825 1187 et
856 1123 975 1189 satis
1004 1124 1193 1190 idoneum
1216 1120 1254 1185 oi·

195 1224 285 1290 licii
315 1225 374 1290 tui
403 1225 575 1293 iudicem
605 1228 796 1311 posuisse.
841 1227 895 1293 Sic
919 1229 1056 1296 codices
1080 1248 1144 1295 nno
1165 1234 1254 1308 erupi
1301 1253 1302 1256 ¹

195 1331 427 1415 'legcrnscensi
450 1334 481 1398 in
504 1352 564 1416 quo
586 1337 635 1399 est
662 1334 865 1417 potuisse,
896 1334 989 1400 unde
1014 1335 1165 1401 Halmius
1184 1332 1255 1398 eum

196 1455 284 1502 esse
306 1439 502 1519 potuisse.
554 1440 667 1506 Verum
688 1441 853 1521 potestatis
876 1443 971 1506 notio
996 1460 1131 1524 prorsus
1152 1437 1256 1505 abnndt

198 1546 269 1625 post
294 1543 489 1610 idoneum.
552 1546 705 1612 Vitiosum
737 1548 786 1611 ost
817 1548 1002 1629 perlectum
1037 1551 1182 1630 compre
1209 1564 1257 1609 naa

197 1649 322 1716 omnino
344 1651 502 1735 Torquato
524 1653 570 1718 sni
593 1652 685 1718 officii
706 1651 850 1718 indicium
867 1651 981 1718 Cicero
999 1654 1160 1720 concedit
1191 1651 1257 1716 Vile

198 1760 249 1820 tur
270 1757 417 1823 subesse:
447 1763 486 1824 ct
508 1759 612 1824 satis
633 1758 818 1824 idoneum
841 1759 989 1825 cilicii
1024 1761 1091 1826 tui
1115 1760 1258 1825 indiccn

198 1861 302 1946 ipsum
324 1880 405 1929 csso.
454 1865 499 1928 Ex
529 1864 618 1949 ipsu
651 1884 755 1941 esso,
788 1864 902 1930 hausta
923 1867 1036 1931 vocali
1058 1869 1086 1945 i,
1111 1870 1209 1933 ort-nm
1228 1869 1259 1928 sl

200 1986 393 2049 posuisse.

300 2121 381 2186 lbid.
404 2122 460 2183 66:
494 2122 589 2188 llius
611 2123 779 2200 (Autronii)
800 2141 936 2200 voces,
964 2127 1061 2191 eins
1084 2125 1200 2190 mine
1218 2123 1261 2186 ic·

201 2226 412 2303 rabantnr3
445 2227 532 2294 eins
553 2232 759 2311 aspectus,
787 2232 1077 2309 concursatio,
1107 2228 1262 2315 stipatio

201 2348 346 2414 greges
378 2333 576 2400 homiuum
605 2333 854 2418 perditorum
884 2337 1041 2404 metum
1073 2338 1261 2403 nobisne·

153 2487 166 2535 3
201 2435 466 2523 ditionesque
497 2441 740 2509 afferebant.
794 2442 895 2508 Multa
924 2442 977 2507 hic
1008 2427 1167 2509 mendum
1195 2459 1262 2507 coar·

201 2546 310 2627 gunni,
331 2545 468 2628 primum
490 2552 591 2613 motus
613 2568 721 2615 nomen
743 2567 812 2614 cnm
834 2547 999 2623 seditione.
1025 2569 1100 2634 quae
1123 2548 1263 2615 metuitur.

201 2652 360 2734 umquam
400 2652 538 2718 ciusdem
574 2656 695 2739 generis
730 2656 935 2731 coniunctum,
973 2625 1098 2722 deinde
1137 2651 1263 2720 afferendi

201 2757 338 2835 verbnm,
360 2758 441 2839 qnod
463 2759 633 2827 rectissimo
661 2762 698 2826 dc
726 2763 811 2827 metu
834 2759 957 2837 dicitnr,
980 2759 1025 2827 dc
1048 2762 1205 2828 seditione
1223 2777 1263 2843 po

201 2860 305 2940 sitnm,
335 2881 404 2946 qna
425 2867 603 2943 concitatur,
636 2885 694 2933 non
726 2867 853 2932 allartur
880 2865 984 2943 alicui,
1015 2870 1087 2933 tum
1115 2867 1263 2933 seditiones

200 2966 312 3048 plurali
344 2987 473 3036 numero
508 2972 677 3055 appellate,
712 2992 781 3039 cnm
810 2973 848 3038 de
878 2991 940 3037 una
961 2976 1093 3054 agatur,
1124 2976 1263 3056 postremo

200 3074 268 3154 ipsa
299 3093 348 3140 res
382 3077 415 3141 et
446 3079 617 3157 sentcntia;
650 3098 749 3163 nequo
780 3079 863 3144 enim
896 3076 963 3142 nlla
995 3080 1126 3145 exstitit
1158 3082 1264 3162 proptor

199 3179 389 3261 rogationem
419 3183 458 3248 dc
486 3202 574 3266 poena
601 3187 815 3252 damnatorum
848 3181 981 3249 levanda
1002 3185 1136 3263 seditio,
1159 3183 1220 3260 scd.
1237 3184 1263 3244 nt

198 3283 266 3367 ipso
287 3283 394 3354 Cicero
416 3292 574 3375 perspicuo
596 3292 681 3375 dicit,
712 3291 876 3374 paulisper,
906 3309 945 3354 ne
974 3290 1157 3367 exsisteret,
1188 3290 1264 3354 unior

200 3391 260 3457 init
281 3395 422 3470 (omnis
449 3393 523 3461 ille
552 3399 701 3473 terror,
736 3396 863 3462 omnis
896 3395 1129 3463 seditionis
1163 3398 1263 3463 timor

200 3502 322 3582 atque
364 3501 527 3583 opinio).
594 3503 881 3569 Manifestiasimum
918 3505 968 3567 est
1004 3501 1192 3571 Ciceronem
1224 3498 1263 3565 hio

200 3622 320 3688 quoquc
341 3613 486 3674 metum
507 3609 731 3675 seditionis
754 3608 879 3681 dirissc;
893 3625 1019 3690 prorsus
1036 3611 1150 3677 umen
1166 3616 1262 3676 temero

158 3726 160 3729 ’
199 3710 323 3785 iaceret,
345 3715 397 3796 qui
419 3713 605 3797 simpliciter
631 3734 705 3799 que
733 3713 914 3797 particulam
944 3713 1087 3794 tolleret,
1112 3736 1181 3802 qnae
1200 3732 1263 3798 qno·

199 3865 432 3878 -.-.-...

251 3980 279 4045 *l
298 3985 314 4045 t
332 3982 367 4035 39
385 3985 525 4040 Ciceronis
544 4002 610 4041 usus
632 3984 756 4056 postulat
780 3980 845 4054 qnia
871 3997 994 4051 negare
1020 3987 1138 4044 noluit
1157 4006 1204 4060 pro
1221 3984 1265 4055 qni

299 4089 324 4126 n.
344 4089 371 4128 n.
389 4077 523 4147 (alioquin
542 4080 613 4134 enim
632 4078 762 4149 scriptum
779 4082 854 4133 esset
872 4076 926 4144 qui
947 4093 973 4131 n.
993 4080 1131 4145 nollet).
