2654 5010
224 275 286 339 268
587 271 645 327 Lib.
666 272 703 327 11.
722 272 788 341 Cap.
805 272 854 328 Vl.

185 471 378 556 significatur
399 472 503 539 uerbis
524 472 613 538 eius
635 469 739 547 (aciei)
762 469 987 552 occipitiis
1009 472 1249 553 pertinacius

185 578 349 645 boreus.
393 579 461 660 [Sic
480 579 545 644 iam
566 579 628 644 Iac.
651 575 851 653 Gronovius]

289 715 355 783 Lib.
378 716 476 795 XXV,
504 718 534 796 3,
562 719 619 783 17ε
654 717 731 784 Neo
759 736 817 782 me
847 720 1062 801 gestorum
1098 716 1250 800 paenitet

189 826 260 889 aut
282 827 418 909 gruuis
439 824 599 909 flagitii
622 823 854 891 recordatio
876 825 1073 909 stringit,
1097 825 1159 888 rel
1179 842 1249 889 cunr

190 929 392 994 inumbra
420 932 459 994 st
487 931 652 1016 angulis
675 930 928 1007 emendaret,
951 929 1020 996 uel
1039 931 1134 1013 post
1155 932 1252 1012 prin·

192 1036 373 1119 cipetum
394 1038 643 1118 susceptum,
658 1055 769 1120 quem
785 1037 1257 1120 temquamacognutione

193 1141 372 1205 caelitum
397 1141 649 1208 defluentem
671 1142 1053 1220 immaculatum‚ut
1078 1141 1254 1217 existimo,

193 1246 432 1312 conseruari
455 1251 513 1312 cet
562 1248 752 1314 Pronominis
774 1266 887 1332 quem
909 1247 1032 1313 nullum
1055 1246 1089 1311 in
1111 1245 1254 1313 codicibus

191 1352 356 1436 vestigium
392 1354 449 1430 est,
481 1372 581 1438 neque
613 1373 686 1420 suno
721 1355 920 1437 principatus,
954 1353 1084 1419 etiamsi
1119 1352 1258 1418 diuinitus

194 1459 286 1525 datus
307 1458 514 1543 intelligatur,
544 1459 608 1525 ullo
636 1460 726 1526 modo
758 1479 777 1525 a
811 1459 1055 1542 cognatione
1090 1459 1254 1524 caelitum

194 1564 381 1630 defluere
403 1565 463 1629 dici
485 1568 603 1648 potost;
626 1566 690 1631 lraec
713 1565 802 1631 uerba
823 1564 1000 1630 necessario
1015 1563 1055 1630 ad
1073 1564 1256 1630 Platonicum

195 1671 382 1735 senteutiam
404 1669 443 1736 de
466 1671 560 1736 animi
583 1672 707 1737 humani
736 1690 805 1736 cum
834 1669 950 1747 diuino,
977 1689 1082 1755 aquo
1105 1671 1257 1753 decerptus

195 1776 246 1850 sit,
277 1776 460 1858 cognatione
491 1777 654 1859 pertinent.
709 1776 817 1861 ltuque
849 1777 894 1842 sic
926 1778 1101 1843 orationem
1133 1776 1257 1843 redinte-

195 1879 346 1965 grandum
369 1883 462 1963 puto:
486 1918 526 1930 -
548 1883 730 1967 stringit
779 1881 853 1947 Vel
881 1901 965 1947 cum
992 1883 1032 1947 in
1063 1884 1200 1949 umbre
1225 1889 1262 1948 et

196 1985 361 2071 angulis
383 1988 637 2066 amandaret,
667 1990 729 2055 uel
758 1993 849 2072 post
877 1988 1157 2071 principatum
1179 2008 1260 2054 sus·

196 2096 357 2177 ceptum
379 2093 603 2177 (animun)
626 2096 825 2179 tamquam
846 2113 866 2160 a
892 2097 1138 2178 cognatione
1159 2094 1260 2163 caeli·

198 2203 281 2266 tum
319 2200 567 2266 defluentem
609 2200 929 2279 immaculatum,
971 2203 1015 2267 ut
1057 2203 1262 2280 existimo.

199 2306 449 2373 conservavi
561 2394 564 2401 Ι

299 2460 366 2525 Lib.
389 2457 500 2536 XXVI,
522 2459 552 2532 d,
569 2458 607 2523 d:
630 2460 734 2524 falso
755 2478 911 2525 rumore
933 2458 1139 2543 dispereo,
1161 2462 1262 2526 inter

200 2565 393 2633 abeuntis
435 2564 644 2630 anhelitus
684 2565 821 2629 anime
857 2563 1027 2630 eundem
1066 2566 1262 2632 luliunum

198 2690 291 2740 uero
324 2672 551 2749 mandasse,
584 2673 744 2754 placere
779 2671 858 2736 eibi
891 2670 1092 2754 Procopio
1131 2674 1267 2738 clauos

198 2797 354 2845 summm
375 2776 632 2864 reigerendae
648 2776 857 2843 committi.
887 2775 1005 2853 Vero,
1020 2776 1104 2859 quod
1119 2778 1190 2842 ferri
1209 2795 1263 2842 nou

199 2903 287 2967 posse
309 2882 508 2951 manifestum
531 2887 588 2961 est
618 2882 673 2948 alii
700 2883 903 2959 sustulerunt,
925 2880 979 2946 elii
1002 2901 1104 2965 nuper
1125 2884 1158 2948 in
1179 2902 1266 2949 sero

199 2995 372 3068 mutaruut3
404 3007 512 3055 uerum
546 3008 614 3054 esre
646 3006 705 3053 nou
738 2991 804 3054 erut
832 2986 1018 3071 significatio
1040 2988 1263 3065 uoluntsticsi

199 3097 380 3163 audiebatur
404 3101 436 3161 et
456 3095 707 3181 intelligebatur3
736 3093 916 3160 breuissima
943 3092 1014 3172 fnit,
1045 3096 1194 3176 quoniam
1218 3094 1267 3159 six

199 3202 285 3286 loqui
307 3203 439 3268 moriens
460 3201 626 3285 imperator
642 3202 768 3283 poterat.
799 3199 1000 3266 Scribendum
1016 3201 1116 3285 igitur
1131 3201 1267 3267 uidetur:

200 3307 401 3374 lulianum
423 3306 525 3374 verbo
548 3305 766 3372 mandasse.

301 3447 381 3514 Ibid.
403 3450 493 3532 §152
516 3449 559 3512 ut
579 3450 618 3513 in
641 3446 843 3512 theatrali
865 3464 985 3512 scena
1005 3446 1268 3512 simulacrum

200 3554 397 3639 quoddam
420 3554 583 3639 insigne
614 3572 681 3637 per
707 3552 872 3619 uulaeum
895 3553 959 3619 vol
982 3551 1184 3618 mimicam
1206 3570 1264 3618 ca·

199 3659 462 3726 villatiouom
497 3658 636 3726 subito
671 3662 838 3743 putores
875 3677 1080 3725 emersum.
1141 3657 1267 3724 Mirifice

200 3763 397 3829 simulacrum
430 3783 484 3848 per
512 3766 753 3843 cavillationem,
786 3784 855 3849 quse
884 3765 915 3831 in
948 3763 1051 3831 serbis
1080 3765 1184 3847 posita
1210 3768 1263 3837 ost

199 3886 351 3935 emersum
374 3870 489 3936 dicitnr
518 3871 551 3936 et
580 3874 739 3955 tumqnsm
768 3872 855 3954 paria
883 3871 1114 3956 coniunguntur
1139 3871 1268 3936 anteum

198 3979 229 4039 et
257 3974 423 4043 cavillatio.
481 3977 518 4043 Iu
553 3978 708 4045 codicibus
744 3977 882 4061 antiquis
918 3977 1076 4044 scribitur:
1107 3976 1171 4044 vol
1199 3978 1267 4042 nui·

199 4079 299 4145 ciam
323 4084 645 4150 cavillationem.
701 4084 819 4169 Opinon
840 4084 981 4155 subesset
1011 4101 1082 4166 per
1104 4083 1271 4149 aulaeum
