2662 5062
406 91 785 182 usumqmeo‘meur.
1023 109 1084 173 437

60 314 191 381 Sublutu
213 328 299 388 voce,
322 324 383 393 quun
404 309 463 375 soli
482 309 598 374 iufimae
618 311 721 376 aetstis
741 310 854 376 mediei
872 311 931 392 ¹usi
953 312 1026 377 sunt
1046 330 1130 394 qnes-

61 438 117 503 qus
147 419 178 483 h.
206 418 228 482 l.
256 436 273 482 e
301 415 508 499 dittogruphis
538 419 632 481 etex
659 416 840 499 compendio
868 419 935 482 orte
955 421 1016 494 est,
1041 419 1129 482 seri·

58 524 196 589 bendum
224 524 273 588 est
299 520 469 604 aequulibus
496 521 662 586 membris:
695 522 845 587 ille...
874 523 1129 593 comminutio

61 632 120 695 est
141 629 227 695 sine
248 629 347 704 ictu,
368 627 447 692 ists
468 624 654 692 iaouln-t'io
677 645 758 691 oum
783 628 908 706 intuo

159 733 229 800 lbd
255 732 309 811 13,
337 732 380 807 4,
413 732 468 797 ubi
500 733 532 796 iu
553 733 680 816 vulgate
701 733 852 816 seriptum
875 715 971 800 'ordo
998 754 1140 800 rerum·

60 859 152 924 prone
174 839 287 905 dieitur
307 838 448 904 absolute
473 856 558 903 esse
586 839 618 901 et
638 840 786 923 purgatus
813 840 894 924 ignis
916 858 986 905 oras
1010 843 1043 905 et
1064 859 1129 905 sor-

59 947 135 1012 titus
165 963 235 1011 osse
266 946 299 1009 et
331 943 511 1022 oueumire,
546 944 684 1026 miroque
714 945 902 1011 eirouitionis
935 945 1130 1028 pulchritudo

59 1051 222 1125 landatur,¹
237 1069 273 1114 ex
294 1049 433 1133 vestigiis
457 1049 522 1114 ood.
543 1050 777 1115 Eseribendum
790 1052 852 1115 est:
886 1050 985 1115 Ordo
1008 1069 1131 1116 rerum

60 1162 97 1222 et
118 1156 304 1234 (oodd.·est
326 1158 374 1232 et)
391 1143 579 1239 purgatus
600 1157 716 1240 ignis,
738 1156 775 1220 in
798 1155 978 1220 eustodiu
999 1155 1132 1220 mundi

61 1281 208 1328 summu
242 1262 422 1338 sortitus,
455 1279 542 1325 ores
569 1261 698 1344 operis
722 1259 980 1344 pulcherrimi
1010 1260 1130 1339 (mundi

60 1368 268 1451 pulchenime
289 1366 379 1440 fontir
402 1365 466 1432 cod.
488 1367 761 1450 pulcherrimo)
784 1366 996 1430 oireusnnt.

162 1471 230 1539 lbd.
267 1472 324 1550 20,
361 1472 400 1537 2:
440 1473 539 1557 Ergo
570 1476 607 1536 et
637 1471 739 1556 ignis
771 1471 846 1535 ibit
877 1471 914 1535 in
950 1472 1132 1554 spiritum

60 1578 280 1661 perdetque
322 1578 529 1662 fulgorjom,
574 1579 614 1643 st
651 1576 830 1659 spiritus,
870 1575 954 1642 dum
996 1579 1133 1643 senate

60 1685 179 1760 infru,
200 1682 395 1749 incendet.
442 1682 600 1766 Siooodd.
629 1683 668 1759 (Ε
689 1682 716 1746 Β
739 1682 765 1746 Ρ
786 1680 817 1759 3,
838 1682 883 1759 4.)
937 1681 1026 1761 Quod
1047 1683 1132 1748 Hea-

62 1790 124 1854 sius
146 1787 311 1854 substituit
331 1790 441 1854 ssent
460 1788 596 1864 infern
620 1788 696 1853 nihil
717 1787 840 1853 oulnino
862 1789 923 1852 huo
943 1789 1041 1853 iniere
1062 1808 1133 1872 per-

61 1895 178 1968 tineut;
200 1912 258 1958 noo
278 1892 399 1959 felieior
427 1895 604 1959 'eonieetnm
635 1897 710 1971 ost,
723 1911 817 1976 quem
837 1895 898 1960 rol.
921 1894 969 1959 ΙΙΙ
997 1896 1081 1977 praef.
1105 1916 1135 1977 p.

63 2000 152 2065 XXV
175 1999 356 2082 proposuit.⁴
392 1999 479 2064 Fuit:
519 1999 603 2065 dum
631 2001 745 2064 ‘ssent
784 2020 890 2077 aere,
932 1987 1131 2066 incendet.

63 2105 106 2171 lix
128 2108 337 2176 seontsera
358 2106 466 2169 netum
488 2107 627 2170 senatu
647 2103 722 2177 fre,-
744 2103 811 2169 tum
833 2103 944 2169 infre.

163 2209 232 2274 lbd.
256 2209 311 2287 21,
328 2211 364 2274 2:
396 2209 491 2275 Esse
512 2209 624 2274 illum
646 2208 774 2292 ignem
796 2208 845 2286 (de
867 2209 996 2274 fulmine
1019 2210 1133 2294 agitur)

64 2316 171 2381 eolor
203 2314 395 2390 ostendit,
439 2314 503 2398 qui
547 2332 618 2378 uon
660 2316 721 2382 est
751 2314 828 2379 nisi
861 2332 903 2378 ex
939 2331 993 2389 eo,
1038 2317 1135 2398 qnod

64 2420 256 2499 ostendit,
275 2419 454 2485 effeetus.
501 2420 552 2484 Sin
575 2419 616 2497 ll3
647 2420 754 2493 ceteri,
785 2420 837 2502 qui
863 2421 987 2503 proptor
1010 2422 1057 2486 bis
1078 2442 1135 2504 po·

66 2525 363 2592 situmostsndit
386 2525 535 2590 omittunt
555 2526 662 2591 rerba:
685 2526 839 2608 quinon
862 2528 922 2591 est
1009 2530 1136 2593 osteu-

66 2632 131 2712 dit,
163 2632 246 2696 reete
268 2631 389 2709 enlor;
421 2649 626 2714 nemusque
658 2649 708 2696 er·
727 2632 827 2707 colore
854 2631 997 2696 oonoludi
1024 2635 1136 2716 potest,

65 2738 170 2822 iguem
194 2754 271 2813 esse,
294 2755 394 2820 neque
416 2738 519 2802 notem
540 2736 579 2802 nd
602 2737 736 2803 colorem
754 2737 829 2820 apta
850 2738 933 2803 sunt.
978 2738 1038 2804 Sed
1053 2738 1138 2804 uliud

67 2846 218 2926 preterea
250 2841 398 2907 mendum
434 2843 552 2936 arguit¹
568 2846 600 2907 et
631 2842 784 2908 sententie
811 2843 844 2923 in
876 2844 977 2910 verbis
1011 2864 1054 2910 ex
1081 2865 1137 2924 eo,

68 2950 167 3034 quod
198 2947 386 3020 ostendit,
422 2947 557 3031 grauiter
585 2948 727 3014 laborans
757 2951 789 3014 et
814 2949 882 3031 ipse
910 2941 1139 3019 in‘ostendit

69 3056 225 3137 pellueens
246 3053 408 3135 euephorso
429 3046 531 3137 figure
549 3056 581 3120 ot
601 3071 647 3134 en,
674 3073 741 3137 qnae
763 3056 939 3137 sequuntur,
963 3074 1140 3121 seeommo·

69 3161 142 3228 deta
163 3159 205 3226 nd
227 3158 398 3224 effectus
422 3177 532 3224 nomeu
545 3160 677 3239 (subet),
700 3159 781 3242 qnod
804 3161 837 3223 et
857 3161 1029 3242 superiores
1052 3165 1164 3235 tenu-g

69 3269 158 3332 erant
180 3267 213 3330 et
234 3264 378 3330 Hansins.
431 3264 613 3330 Tollendum
648 3263 696 3327 est
728 3263 827 3345 quod
858 3262 1069 3348 interpolando
1102 3267 1140 3353 od

1 3457 2 3461 Ἰ
69 3391 109 3437 eo
132 3370 286 3435 additum.
340 3370 527 3439 Bentissims
566 3369 648 3433 enim
677 3366 741 3432 haeo
771 3370 859 3433 sunt:
890 3370 996 3451 >Esse
1030 3372 1141 3437 illum

1 3464 2 3547 Ῐ
71 3478 206 3560 ignem,
228 3475 336 3540 calor
357 3475 550 3552 ostendit,
584 3473 650 3556 qui
670 3464 844 3547 nonest,
872 3473 949 3538 nisi
971 3490 1011 3537 ex
1033 3491 1072 3538 eo
1096 3477 1144 3552 (ex

69 3583 167 3667 igni),
205 3580 383 3646 ostendit
423 3576 613 3654 effectum
646 3597 874 3664 magnorum
907 3578 1006 3643 onim
1046 3596 1144 3663 seepe

90 3823 112 3889 ¹)
141 3821 195 3885 35
221 3815 336 3886 indigne
364 3815 516 3887 negligitur
545 3814 654 3884 egregia
675 3812 800 3868 Pineieni
823 3811 988 3872 emendatio:
1017 3811 1144 3868 deiude

144 3911 204 3966 nbi
223 3910 321 3965 letus
340 3907 445 3964 nubis
462 3907 621 3978 proximo
638 3905 733 3964 ierit.
