2580 5054
375 656 582 712 Demosthenes.
930 659 970 721 47

65 854 146 920 :atur
178 852 310 936 quodum
339 854 431 922 modo
461 856 587 921 effeetus
614 855 675 921 rod
698 855 848 937 ιολμᾶνε
882 875 960 929 „uon
982 857 1014 922 in

65 980 79 1025 o
106 959 256 1026 inducunt
285 962 497 1027 testimonium
528 981 616 1027 suum
648 981 753 1044 reapse
782 961 961 1028 confirmare
983 964 1016 1028 et

65 1097 77 1141 ι,
100 1068 137 1130 ut
159 1069 256 1132 testes
281 1077 334 1141 (-
356 1069 556 1134 sustentem
578 1070 637 1152 ipsi
659 1072 712 1152 -)
727 1068 936 1134 *liberentur‘t

65 1171 123 1239 tid.
135 1171 192 1238 10:
227 1175 279 1239 uui
298 1167 428 1239 τούτων
445 1168 486 1241 ου’
500 1182 817 1260 προσποιουμένων,
830 1167 914 1240 α’λλδ
925 1170 1012 1262 λόγῳ

65 1273 299 1364 ιρτυροιλνσων
322 1275 363 1346 ποῖ
387 1284 510 1368 ψευδῆ,
535 1291 617 1370 ἔργῳ
641 1285 673 1349 δὲ
698 1276 740 1348 ου’
754 1279 1012 1366 παραδιδόντων

65 1396 233 1471 ιθρωπον.
278 1387 359 1467 Quid
380 1388 430 1453 hie
452 1388 607 1473 significet
625 1393 938 1477 προσποιουμένων,
960 1408 1012 1454 ex-

65 1516 80 1560 e
103 1511 240 1576 uequeo;
264 1511 363 1575 neque
385 1493 465 1560 enim
490 1497 652 1563 simulasse
674 1500 775 1563 orator
796 1498 890 1580 negat
903 1496 1012 1561 adver·

71 1601 127 1666 sed
150 1599 251 1684 potius
274 1599 484 1666 simulationis
505 1605 637 1668 accusat.
681 1603 754 1669 Siue
769 1603 861 1668 dubio
878 1603 1011 1668 seriben-

65 1711 87 1773 rt
109 1699 152 1772 ου’
174 1713 473 1790 προσιεμένων.
526 1708 595 1774 Νοο
630 1709 789 1774 admisisse
819 1707 1011 1774 aduersarios

65 1832 140 1880 ὀσον
161 1813 445 1896 postulationesque
467 1813 552 1879 dieir.

65 1954 267 2020 uidnserto:
282 1947 366 2021 διότι
376 1955 422 2030 δέ,
433 1950 495 2041 ἐγώ
503 1948 814 2043 δμῖνδιηγησομωι.
825 1961 941 2042 ἔτυχεν
957 1960 1012 2020 ἐκ-

65 2061 122 2126 ιολν
133 2054 278 2145 τριήρων
292 2064 345 2127 καλ
357 2057 507 2148 βοήθεια
521 2057 800 2150 ω’ποστελλομένη
813 2061 867 2129 διδ
878 2042 1009 2149 πολχους.

65 2170 100 2233 eir
133 2174 225 2254 ἔτυχε
247 2162 397 2253 βοήθεια
430 2163 718 2257 ἀποστελλομένη,
748 2190 854 2238 omues
883 2171 1010 2244 norunt;

65 2282 167 2362 repre
195 2277 410 2343 ἐκπλεουσολν
442 2272 596 2362 τριήρων,
630 2296 728 2352 nemu,
761 2269 876 2362 opinor.
927 2275 1009 2356 Quid

65 2388 137 2454 reat.
161 2384 237 2448 satis
258 2384 456 2450 manifestum
469 2390 525 2464 est,
549 2404 621 2451 casn
643 2383 799 2464 accidisse,
822 2385 857 2448 ni
879 2402 913 2449 ee
929 2384 1010 2448 tem·
1054 2387 1056 2390 ’

66 2488 179 2555 irenses
201 2491 400 2574 enavigarent
428 2496 461 2555 et
483 2491 636 2574 expeditio
657 2489 844 2556 mitteretur.
899 2489 1011 2554 Videat

65 2616 123 2662 une
144 2597 267 2686 aliquis.
296 2617 388 2680 quam
417 2598 479 2662 leni
510 2596 665 2663 medisina
692 2616 800 2663 verum
829 2597 1011 2662 restituatur

82 2721 193 2787 errore,
216 2722 274 2786 qno
308 2703 452 2768 librarius
482 2704 558 2771 duas
580 2722 670 2770 voees
691 2705 723 2767 in
745 2721 837 2766 unam
859 2702 1010 2778 conflavit,

88 2808 167 2874 hane
199 2828 261 2874 una
292 2808 398 2875 littera
430 2809 537 2875 addita
571 2809 720 2893 explerit3
754 2809 912 2890 seriptum
927 2809 1009 2873 enim
1049 2828 1051 2833 ·

105 2923 221 3003 ἔτυχεν
258 2919 445 2990 ἔκπλους
479 2912 551 2983 uiu-
581 2909 728 3001 τριήρων
764 2915 819 2979 καὶ
856 2908 1008 2998 βοήθεια

65 3025 219 3109 ῑλλομένη
247 3019 301 3090 διδ
325 3018 457 3110 τολχους.

65 3159 363 3251 λ’,111θυυμολζω
397 3158 426 3231 δ’
459 3171 564 3251 ἔγωγε
598 3163 631 3228 σι’
665 3154 706 3247 δή
735 3187 819 3228 ποτε
848 3165 917 3228 σοῖν
944 3168 1010 3248 μὲν

65 3297 75 3328 r
108 3265 189 3344 νοδς
224 3265 532 3357 α’πολειπομένους,
566 3258 614 3335 eiu
644 3263 826 3356 τριοῖκοντο
857 3268 1009 3357 δραχμάς

65 3387 156 3466 ςέχει
169 3373 293 3463 μόνοις,
316 3380 426 3446 δέουσι
450 3381 504 3445 καὶ
529 3371 728 3458 κολάζουσιν
750 3367 857 3444 οὗτοι·
885 3379 952 3445 τῶν
975 3379 1008 3445 δὲ

65 3507 149 3572 ρχων
176 3482 257 3560 κους
284 3482 336 3572 ,κη’
371 3488 620 3572 συμπλέοντος,
645 3474 692 3551 ολν
713 3478 895 3570 κριολκονπω
916 3487 1010 3568 μνᾶς

65 3596 179 3660 ’πλουν
201 3595 339 3679 εἴληφεν
360 3605 512 3672 ἕκαστος,
544 3586 585 3660 ου’
611 3586 721 3659 rouro?
745 3587 878 3659 ποιεῖθ’
907 3588 1009 3681 ὑμεῖς

65 3751 71 3766 .
115 3700 183 3767 Non
211 3700 250 3765 ad
276 3699 493 3769 incurrendum
523 3701 554 3765 in
579 3700 717 3765 hostiurn
738 3719 831 3765 naves
852 3705 907 3766 aut
928 3720 1008 3785 prae·

65 3807 141 3890 puod
172 3806 340 3882 ἐπίπλους
361 3808 523 3892 signifieat.
558 3807 613 3872 sed
645 3807 685 3873 ad
718 3807 942 3892 enavigandum
976 3812 1009 3873 et

65 3911 163 3980 ionem
198 3931 274 3978 nave
306 3916 384 3981 bene
415 3913 568 3980 instructa
598 3915 824 3996 suscipiendam
847 3913 1007 3979 trierarchi

65 4040 100 4084 ‚m
123 4020 322 4103 deripiebant.
374 4021 481 4104 ltaque
515 4020 710 4086 scribendum
743 4021 792 4085 est
824 4025 873 4095 εἰς
905 4012 1007 4087 α’πό-

65 4152 87 4188 ν.
135 4126 216 4193 Nam
245 4130 269 4193 si
298 4127 365 4212 quis
388 4129 491 4211 potius
514 4133 562 4202 εἰς
585 4130 711 4194 ἔπιπλα
736 4128 929 4194 scribendum
950 4147 1007 4211 pu·

89 4235 224 4316 primum
257 4236 360 4300 obstat
389 4233 521 4300 mutatio
542 4232 714 4315 violentior,
737 4234 848 4300 deinde
870 4235 952 4319 quod
974 4235 1007 4299 in

65 4343 94 4406 rli
118 4335 221 4425 σκεύη
243 4341 345 4422 potius
368 4360 461 4425 quum
484 4345 612 4407 ἔπιπλα
636 4341 838 4424 appellantur.

66 4483 120 4559 lll,
143 4483 200 4550 24:
257 4476 415 4571 ἡγούμην
436 4476 502 4570 γάρ
525 4477 566 4548 οιλ
597 4477 782 4570 προσήκειν
810 4482 886 4568 duel
916 4476 1006 4548 ἰδιιλ·
