2656 5056
255 277 316 342 532
613 273 760 331 Lib.VllL
772 272 876 344 Capv.

313 478 380 544 Ibd.
408 477 447 539 41
479 474 548 548 (10,
582 472 651 549 del:
680 473 1044 557 dignn8‚bercule.
1081 475 1148 558 qui
1179 491 1267 538 nune

213 585 528 668 quoqnetantnm
551 585 587 646 et
608 579 928 645 mansuetudinis
952 583 989 645 et
1011 581 1268 647 continentie

213 688 321 754 ferat
351 685 367 751 f
373 692 465 754 ruc
470 708 538 753 um
593 687 772 767 Quantum?
820 685 971 754 (Ridicule
1008 690 1135 752 enarrat
1166 687 1267 769 anp

195 796 298 867 tius.)
356 795 421 861 Nec
458 793 575 877 agitur,
616 796 748 875 quantus
784 791 901 858 fructus
967 793 1125 859 tlluit:
1169 803 1267 854 centn

213 902 350 981 (tonte)
385 901 425 965 et
446 899 759 964 mansuetndinis
790 904 828 964 et
849 812 954 964 cont.s
969 900 1076 964 feret
1098 899 1201 965 fruct
1187 903 1265 964 tum.

214 1006 274 1071 Sed
304 1006 432 1072 uideo
423 1023 484 1069 ram
510 1005 676 1088 Bongcrsio
709 1008 741 1070 et
773 1004 982 1070 Freinshemio
1013 1005 1142 1070 idem
1133 1027 1164 1071 rn
1190 1026 1266 1071 men·

213 1113 277 1177 tem
300 1113 428 1178 venisse.
438 1113 462 1187 ¹)

315 1216 1264 1301 Lib.V,4(l,29):qnippellnphratesaltumlimnm

214 1324 343 1400 vehit,
364 1341 433 1407 quo
453 1324 611 1405 penitus
642 1321 685 1387 ad
708 1322 962 1388 fundamenta
982 1323 1167 1391 iacienda
1187 1344 1265 1410 ege·

214 1432 276 1495 sto
310 1429 376 1494 vix
404 1428 649 1508 sufficiendo
690 1429 799 1513 operi
834 1429 943 1494 firmo
965 1433 1178 1513 reperiunt
1210 1450 1265 1496 so·

212 1536 303 1602 lum.
348 1535 398 1601 Sic
420 1536 555 1611 codices3
589 1535 642 1599 sed
676 1535 753 1599 nihil
774 1538 823 1600 est
848 1554 940 1618 opus
974 1534 1184 1611 sufficere,
1215 1538 1265 1602 etsi

213 1643 374 1725 Zumptius
397 1661 537 1707 enarrare
559 1643 695 1706 conatur.
744 1640 804 1720 Qui
825 1641 1096 1708 suffulciendo
1202 1644 1264 1708 fir·

212 1767 311 1813 mum
334 1748 479 1820 scribunt,
495 1808 497 1812 ,
511 1747 753 1830 improbabiliter
774 1747 833 1812 duo
856 1750 985 1823 mutant
1009 1767 1080 1813 cnm
1103 1751 1263 1833 prasertim

213 1854 313 1920 solum
335 1853 520 1919 iuaediticata
552 1854 712 1931 sustineat,
743 1873 802 1919 non
821 1853 996 1919 'suffulciat
1049 1854 1128 1921 (lum
1151 1857 1263 1922 Curtius

214 1959 405 2041 scripsisset:
439 1960 502 2024 vix
534 1958 745 2041 sufficiens
784 1959 888 2042 operi
919 1959 1037 2026 firmo
1064 1962 1263 2046 reperiunt

211 2063 357 2143 solum,
379 2085 439 2131 una
459 2065 563 2131 littera
584 2066 704 2131 mutata
724 2068 757 2131 et
778 2088 795 2129 o
816 2067 1003 2150 geminatum
1028 2067 1122 2146 est²l

314 2171 380 2236 lbd.
404 2171 423 2234 9
446 2170 488 2246 (2,
515 2170 584 2247 19):
608 2171 879 2256 admonerique
902 2173 1123 2258 (Sisygembin)
1144 2173 1263 2246 iussit,

211 2279 266 2352 ut,
288 2277 319 2342 si
342 2276 450 2342 cordi
473 2296 622 2361 quoque
653 2279 779 2343 uestis
802 2282 923 2353 esset,
965 2280 1170 2347 conficere
1191 2297 1261 2345 eam

210 2386 348 2467 neptes
370 2401 461 2449 suas
483 2384 771 2449 assuefaceret.
815 2385 946 2450 Pravnm
969 2389 1017 2452 est
1038 2386 1150 2452 cordi
1177 2406 1261 2472 qno·

210 2509 293 2573 qne
338 2489 453 2556 Scriba
476 2508 508 2553 sr
531 2489 638 2554 cordr
669 2509 703 2551 ec
731 2509 881 2573 quoqne
912 2492 1039 2557 vestre
1068 2498 1186 2561 esse
1159 2493 1262 2558 thoe

210 2596 267 2668 est,
290 2596 477 2679 placeretet
497 2595 683 2678 probaretur,
705 2596 959 2680 quemadmodum
981 2598 1048 2666 sibi
1243 2693 1246 2700 Ι

310 2702 377 2767 Lib.
410 2701 479 2779 Vll
516 2701 553 2762 12
587 2699 652 2779 (3,1
671 2701 718 2778 8l:
769 2703 942 2789 Tuguria
983 2705 1043 2771 lat
1028 2709 1113 2771 tere
1146 2707 1261 2791 primo

79 2890 85 2900 a
200 2809 376 2873 ,struunt
408 2811 463 2882 et,
497 2808 589 2891 qnia
617 2808 777 2903 sterilis
806 2812 868 2875 est
896 2814 1006 2877 terra
1027 2813 1209 2883 materia,
1230 2811 1260 2874 in

209 2912 309 2979 nudo
349 2915 472 2980 etiam,
512 2915 656 2980 montis
686 2915 815 2992 dorso,
849 2936 969 3001 nsque
1000 2917 1044 2983 ad
1079 2933 1259 2983 summum

207 3018 477 3085 aedificiorum
514 3019 719 3104 fastigium
753 3022 885 3087 eodem
922 3022 1122 3088 laterculo
1151 3027 1259 3089 utun·

207 3128 280 3189 tur.
347 3127 416 3192 Non
440 3126 528 3191 'sine
571 3145 663 3191 cause
699 3128 761 3192 iam
799 3128 1026 3194 Freinshemius
1071 3134 1102 3195 et
1141 3131 1193 3196 alii
1233 3129 1260 3192 in

206 3355 405 3364 *-

235 3505 256 3574 ¹)
274 3504 303 3562 C.
323 3509 358 3563 52
377 3508 430 3574 (14,
451 3509 477 3572 l)
494 3505 641 3561 rectissime
653 3507 759 3563 Medius
777 3495 1088 3578 pretereuntibns,
1106 3512 1151 3566 cni
1169 3511 1259 3566 frustm

276 3599 417 3669 Zumptius
426 3598 589 3669 obloquitur.
608 3600 664 3669 lpsi
675 3598 710 3664 ὡς
729 3601 758 3657 ἐν
776 3600 893 3672 παρόδῳ
911 3602 973 3657 illas
982 3603 1104 3674 regiones
1114 3605 1257 3675 rapuerant

160 3688 168 3718 ι
231 3725 254 3794 ¹)
272 3725 331 3781 Ibd.
357 3730 373 3783 l
397 3729 443 3794 (2,
466 3730 510 3792 6),
531 3706 584 3782 ¹nbi
607 3726 635 3780 iu
659 3726 792 3784 codicibus
817 3728 896 3784 bonis
920 3730 1043 3800 omnibns
1069 3733 1107 3786 sie
1126 3733 1258 3788 scribitur:

273 3818 310 3873 In
328 3817 514 3887 disciplina
531 3835 667 3888 qnoque
694 3821 864 3877 militaris
888 3823 936 3877 rei
953 3839 970 3878 a
986 3823 1175 3879 maioribus
1193 3823 1258 3894 ple·

234 3934 241 3954 ·-
273 3927 375 3980 rnqne
401 3927 524 3965 summa
554 3911 714 3968 utilitate
738 3915 899 3980 mutavit,
930 3916 987 3972 sine
1012 3934 1092 3971 cansa
1115 3933 1205 3973 omnes
1230 3931 1257 3970 en

276 4001 446 4072 interpolatis
464 4006 526 4058 ante
543 4004 703 4076 plcrsque
722 4006 824 4062 addunt
841 4007 982 4064 tradite.
1014 4008 1084 4066 Nam
1102 4032 1118 4063 c
1138 4013 1257 4063 maionem

272 4106 362 4145 murare
380 4098 422 4149 est
441 4096 479 4150 sic
498 4102 611 4165 mutare,
629 4102 661 4152 ut
679 4115 696 4154 a
713 4099 858 4156 maioribus
877 4101 1007 4159 discedas.
