2656 5056
466 719 652 775 Miscellaneu.
1011 724 1049 786 81

7 909 88 999 γοῖρ
112 910 179 1000 τῆν
201 916 385 1002 &poncinum
407 908 521 983 αὐτῶν
542 909 675 1002 ταύτην
698 962 706 979 .
731 963 738 980 .
762 965 771 983 .
796 967 804 984 .
829 913 1040 985 ἐντονώτατσὶ
1064 924 1096 986 oi

7 1024 271 1129 προσέβαλλον.
326 1022 421 1087 Nulla
454 1024 504 1088 hic
537 1026 718 1109 tpnoiporc
751 1024 904 1109 (adoptio)
934 1028 1008 1100 erat,
1042 1026 1097 1105 sed

7 1154 40 1196 n
51 1154 74 1194 τ
85 1154 102 1195 o
113 1127 125 1193 i
133 1153 155 1213 η
164 1153 200 1193 σι
211 1153 242 1205 ς,
255 1128 338 1193 furor
349 1132 381 1194 et
392 1130 557 1195 instinctus
569 1130 800 1215 superstitiosus
816 1127 896 1217 (τήν
907 1132 1095 1217 πτοίησιν).

127 1270 205 1334 lbid.
228 1268 285 1333 53:
308 1269 352 1359 γῆ
375 1263 438 1357 yoip
461 1294 528 1335 τινι
549 1264 637 1357 πρός
650 1272 694 1361 τῆ
711 1267 801 1359 νήσῳ
818 1269 904 1360 οὔσῃ
920 1268 1098 1360 προσσχών

7 1372 36 1446 ὁ
63 1370 136 1460 τῆν
158 1369 351 1461 ἡγεμονίαν
375 1377 468 1461 σφῶν
490 1384 574 1463 ἔχων
596 1403 623 1443 κ.
639 1403 669 1443 τ.
683 1380 712 1444 λ.
756 1378 842 1444 Nihil
864 1381 992 1462 periculi
1014 1381 1097 1446 mili·

7 1485 116 1549 tibus
140 1483 260 1555 suisset,
284 1484 309 1547 si
331 1485 363 1548 in
385 1486 498 1548 terrum
522 1486 630 1550 insulae
650 1485 841 1551 adiacentem
869 1487 1000 1570 expositi
1022 1487 1099 1552 iuis·

7 1592 106 1664 sent,
132 1607 319 1671 quarrrqusnr
343 1591 443 1655 totum
467 1590 525 1656 hoc
547 1592 584 1657 de
608 1593 690 1656 terra
716 1592 827 1657 insulae
848 1593 1002 1657 ediscenti
1023 1593 1099 1658 ridi·

7 1697 133 1761 culum
158 1696 222 1770 est;
252 1697 342 1760 terris
372 1697 453 1761 enim
476 1695 583 1761 insuiae
605 1696 755 1763 adiacent.
810 1698 1011 1763 Scribcndum
1034 1702 1099 1763 sine

7 1803 119 1868 iubio
146 1807 278 1887 πέτρᾳ
299 1795 365 1891 yc'p
383 1829 412 1867 τ.
430 1829 459 1869 τ.
477 1804 505 1867 λ.
545 1802 692 1867 Mundum
717 1807 819 1867 ortum
841 1804 965 1868 videtur
986 1805 1099 1869 haustu

7 1910 152 1994 propter
172 1906 404 1974 similitudinem
429 1908 587 1991 particnlae
608 1903 671 1994 γάρ
695 1909 797 1974 altera
817 1910 899 1975 vocis
921 1910 1051 1994 syllaba.

129 2049 195 2128 XL,
218 2051 258 2112 59
281 2049 335 2133 (ds
357 2049 491 2132 Sulpicio
520 2049 644 2115 consule
674 2068 702 2114 u.
725 2052 760 2111 51
789 2050 950 2114 resistente
972 2050 1019 2123 iis,
1045 2050 1098 2133 qui

7 2157 141 2224 Uaesari
162 2174 367 2221 successorem
389 2157 421 2219 in
443 2156 577 2221 Galliam
600 2156 684 2221 mitti
718 2156 896 2240 volebant):
927 2159 981 2223 καὶ
1005 2152 1100 2242 αὐτῷ

7 2263 30 2334 ὅ
61 2290 105 2332 τε
133 2262 339 2336 Σουλπίκιος
369 2264 422 2328 καλ
451 2263 521 2328 τῶν
550 2257 730 2349 δημάρχων
758 2267 848 2336 τινὲς
870 2256 1099 2349 α’ντέττραξαν,

7 2362 122 2442 οὗτοι
146 2373 211 2455 ,ιιλν
232 2370 274 2458 τῆ
298 2363 384 2457 πρδς
399 2364 461 2435 τδν
476 2370 636 2454 Καίσαρα
651 2363 770 2457 χάριτι·
794 2376 923 2444 ἐκεῖνος
938 2365 967 2438 δ
983 2364 1101 2446 αὐτοῖς

7 2471 231 2548 ἐκοινώσατο
263 2477 317 2542 καὶ
347 2472 399 2542 ὅτι
429 2489 501 2550 τοῖς
528 2477 668 2549 πολλοῖς
701 2470 762 2544 οὐκ
795 2474 919 2563 ῆρσσκε
951 2473 990 2546 τό
1022 2503 1099 2545 τινα

7 2577 157 2660 nennio*
180 2581 324 2671 ἄρχοντα
354 2583 464 2667 μηδὲν
492 2577 674 2668 ἠδικηκότα
709 2586 902 2670 παυθῆναι.
961 2585 1103 2651 Debebot

7 2695 144 2762 saltem
173 2691 234 2756 dici
264 2687 315 2756 ὅτι
345 2690 494 2763 καὶτοῖς
524 2692 680 2768 πολλοῖςς
714 2709 820 2755 verum
851 2690 1008 2774 Sulpicius
1041 2710 1101 2771 non

7 2798 212 2867 movebatur
245 2797 351 2880 populi
385 2799 553 2880 voluntate,
586 2797 640 2861 sed
672 2816 727 2862 suo
750 2797 788 2861 ele
809 2798 875 2862 iure
897 2797 1010 2863 iudicio
1032 2817 1101 2880 per·
1193 2812 1194 2815 ’

7 2905 209 2976 ducebatur,
241 2907 275 2967 ut
304 2904 436 2970 tribunis
466 2904 499 2967 et
528 2901 723 2967 multitudini
750 2920 783 2966 se
805 2901 837 2966 in
861 2903 916 2966 hac
938 2923 971 2967 re
993 2903 1102 2968 adiun-

7 3014 127 3101 geret.
181 3009 380 3075 scribendum
415 3009 528 3093 igitur:
562 3002 680 3083 αὐτοῖς
708 3001 909 3074 ἐκοινώσατο
934 3009 1103 3081 καὶτοῖς

11 3120 228 3192 πολλοῖς,
250 3112 314 3182 ὅτι
338 3110 400 3183 οὐκ
424 3112 546 3202 ῆρεοκε
570 3141 597 3182 κ.
619 3141 648 3184 τ.
672 3117 700 3181 λ.

134 3259 211 3323 ibid.
235 3259 275 3320 62
304 3259 356 3337 (de
378 3259 410 3324 C.
434 3256 573 3336 Curione,
608 3256 660 3338 qui
693 3258 784 3321 anien
818 3254 970 3320 Caesurem
1002 3255 1103 3337 specie

11 3362 232 3451 oppugnandi
266 3382 373 3446 reapse
406 3363 586 3441 adiuvisset,
619 3363 723 3445 aperte
752 3363 817 3427 ium
844 3362 973 3427 Caesaris
1002 3367 1104 3444 partes

17 3473 199 3554 amplexoiz
231 3476 266 3536 ἐκ
296 3473 359 3538 τοῦ
382 3471 531 3557 φανεροῦ
561 3467 627 3556 ἤδη
650 3464 691 3536 τα’
714 3470 777 3535 του
797 3469 973 3552 Καίσαρος
995 3467 1104 3535 διαδι-

23 3578 151 3652 καιών,
172 3573 292 3666 ἐπειδή
307 3579 416 3665 μηδὲν
432 3573 505 3644 κατ’
520 3571 627 3645 ου’τοῦ
644 3578 756 3663 δῆθεν
771 3569 934 3661 η’δυνῆθη
950 3577 1104 3661 ποιῆσαι,

26 3687 106 3753 τιᾶν
127 3680 147 3748 ὅ
168 3709 201 3749 τι
231 3688 314 3751 ποτὲ
348 3683 516 3772 ἐντδὲχετο
548 3681 591 3752 ου’
624 3684 788 3771 δεχθῆναι
823 3688 1016 3771 προΐσχετο,
1051 3685 1104 3749 καὶ

30 3783 180 3879 μάλισθ’
212 3787 265 3856 ὅτι
300 3784 435 3866 πάντας
465 3787 547 3867 τοδς
579 3786 622 3858 τοτ’
656 3788 745 3860 ὅπλα
780 3799 917 3879 ἔχοντας
937 3786 1045 3858 ταῦτα’
1068 3816 1105 3856 τε

33 3903 253 3966 καταθέσθαι
284 3899 338 3965 καὶ
368 3893 409 3966 coi
439 3891 654 3985 στρατόπεδα
686 3899 842 3966 διαλῦσαι
872 3893 933 3985 χρῆ
965 3923 993 3963 κ.
1011 3924 1052 3963 τ.
1075 3899 1104 3963 λ.

35 4008 80 4072 Ex
102 4006 268 4092 δεχθῆναι
291 4006 368 4072 nihil
390 4007 471 4072 effici
500 4008 613 4089 potest,
642 4007 723 4089 qnod
747 4006 908 4071 sententis
937 4002 1106 4084 conveniat,

36 4107 78 4180 ου’
100 4118 205 4178 antem
228 4131 352 4195 prorsus
381 4113 544 4179 burburum
568 4115 616 4179 ost
637 4113 667 4176 in
690 4111 748 4177 huc
769 4130 837 4176 cum
861 4109 1013 4174 infinitivo
1035 4126 1105 4174 oon·

36 4221 200 4286 iunctione.
252 4219 351 4293 Curio¹
377 4220 520 4303 quoniam
555 4218 631 4285 nihil
663 4218 782 4284 scilicet
815 4218 920 4282 contro
954 4215 1104 4279 Oaessrem

36 4326 156 4392 efficere
178 4331 321 4408 potuerat
344 4332 393 4407 (—
420 4327 477 4391 huc
498 4325 580 4391 enim
603 4324 877 4407 concurrebatur,
908 4322 1020 4407 δῆθεν
1043 4328 1105 4402 -),

37 4453 73 4499 eo
96 4435 227 4505 transiit,
250 4434 286 4497 nt
308 4433 419 4511 omnia,
450 4450 518 4515 quae
546 4431 610 4496 ullo
640 4430 730 4497 modo
754 4430 866 4494 Oaesori
888 4429 1013 4496 concedi
1035 4448 1106 4513 pos·

35 4542 118 4617 sents
137 4542 320 4624 proponeret
342 4543 373 4604 et
395 4557 457 4621 prce
473 4559 505 4604 se
522 4539 631 4604 seruet:
654 4540 727 4604 πᾶν
741 4532 762 4603 ὅ
776 4564 809 4605 τι
826 4541 908 4604 ποτὲ
924 4537 1106 4623 ἐνεδέχετο,

888 4656 906 4710 6
