2580 5054
415 669 624 725 Demosthenes.
971 670 1010 731 41

34 876 59 937 ’ς
92 856 188 940 οὖσι,
220 861 368 951 μοίλιστα
404 868 438 934 δὲ
470 864 590 956 τούτῳ.
645 867 716 933 Non
749 867 838 932 huie
869 867 948 951 legi,
985 886 1053 950 quae

34 971 120 1037 'xime
142 976 381 1039 commemorata
411 976 467 1049 est,
497 974 648 1041 contraria
670 973 803 1038 maxime
827 976 895 1038 eret
917 993 962 1047 ea,
986 993 1053 1056 quae

34 1076 153 1154 matur,
187 1076 245 1143 hoc
277 1081 334 1162 est,
366 1079 434 1160 ipsa
466 1081 526 1146 sibi
547 1080 602 1161 (-
623 1097 694 1144 nam
728 1077 796 1160 ipsa
827 1078 884 1145 illa
917 1099 1052 1146 comme·

37 1183 106 1246 rata
140 1184 206 1248 erat
228 1190 290 1260 -)‚
321 1183 375 1248 sed
415 1204 484 1251 cum
517 1187 660 1251 universa
688 1185 839 1262 omnibus,
863 1205 930 1268 quae
952 1188 1052 1252 exsta·

34 1288 70 1364 tt,
103 1289 224 1372 legibus
257 1292 410 1356 contraria
443 1293 519 1364 erat,
552 1292 619 1355 tum
653 1291 784 1355 maxime
817 1292 885 1365 hoc,
926 1291 963 1357 de
993 1311 1052 1375 quo

34 1393 103 1458 tum
130 1398 206 1472 erat,
229 1395 296 1461 eius
318 1399 419 1479 caput.
464 1397 620 1478 Scriptum
640 1395 736 1480 igitur
757 1397 871 1463 suerat:
904 1393 1051 1482 μάλιστα
1129 1386 1130 1389 “

44 1500 186 1580 τοῦτο,
209 1503 303 1584 atque
325 1501 406 1567 inter
427 1522 460 1568 se
483 1502 657 1568 referuntur
679 1504 747 1568 tota
768 1503 818 1569 lex
840 1506 872 1569 et
885 1523 956 1586 pars
973 1505 1049 1572 eius.
1129 1543 1136 1555 ·

88 1640 256 1707 Ibid.115:
280 1638 437 1730 ᾤετομοίρ
449 1644 520 1709 δεῖν
542 1638 604 1709 τόν
618 1667 657 1728 με
670 1637 712 1707 τιν’
730 1640 848 1728 ἀἰσχροί
865 1653 944 1733 ἔργα
955 1652 1054 1734 ἔργα·

34 1773 132 1813 ιιενσν
163 1746 213 1832 μή
249 1744 271 1813 t?
303 1744 459 1833 ὗωείλετο
492 1744 603 1836 μόναν
632 1743 806 1816 α’τιοδόντα
830 1744 1050 1840 ἅπηλλοίχθαι

34 1857 119 1921 ολλσί
148 1853 214 1942 γοίρ
237 1851 282 1921 α’ίν
304 1851 395 1944 αὐτῷ
419 1851 558 1922 ἐδόκουν·
581 1852 669 1923 οὕτω
691 1850 722 1941 γ’
745 1861 776 1921 οἱ
804 1860 943 1924 κλίετται
980 1868 1052 1927 ἔσε-

34 1987 88 2038 αι,
110 1967 142 2027 εἰ
173 1966 332 2048 μέλλοιεν
354 1958 524 2038 λαθόντες
553 1969 618 2048 μίν
640 1968 738 2039 ἕξειν,
760 1961 810 2048 μή
834 1962 1003 2039 λαθόντες
1025 1960 1054 2033 δ’

34 2065 74 2134 ια’
96 2064 208 2155 μόνον
230 2067 444 2154 καταθήσειν
458 2065 481 2136 ὀί
496 2065 689 2155 ὑφείλοντο)
713 2096 742 2135 κ.
757 2096 786 2136 τ.
803 2073 831 2137 λ.
866 2071 1050 2139 Tollendum

34 2176 156 2244 {essarto
190 2173 243 2256 ἄν,
277 2178 359 2261 quod
392 2196 490 2260 neque
523 2196 592 2243 cum
623 2169 763 2245 ἐδόκουν
785 2176 928 2263 coniungi
951 2180 1054 2261 potest

34 2303 160 2367 -ueque
193 2283 274 2349 enim
307 2284 364 2350 hoe
396 2283 476 2368 legis
509 2284 627 2350 auctori
654 2284 753 2349 visum
777 2285 868 2355 esset,
890 2285 945 2350 sed
968 2285 1052 2350 vide·

34 2409 76 2455 mr
97 2399 160 2468 -),
183 2408 281 2473 neque
303 2409 373 2455 cum
397 2397 546 2457 ἔσεσθαι.
592 2389 657 2472 [Sic
679 2390 837 2468 cotetae]

92 2547 171 2614 lbid.
195 2546 271 2609 201:
301 2548 409 2613 καίτοι
432 2545 525 2623 ὅστις
546 2552 678 2635 μέλλων
701 2542 971 2634 κληρονομήσειν
992 2551 1054 2633 τῆς

34 2655 138 2738 ιμίας,
169 2648 214 2720 οἷν
245 2650 372 2730 ἐκεῖνός
401 2683 434 2722 τι
464 2652 578 2746 πείθῃ,
608 2650 659 2740 μή
683 2657 789 2720 σίεται
819 2654 891 2720 δεῖν
914 2662 1053 2729 ἐκτῖσαι,

34 2756 71 2826 λδ
95 2763 296 2846 κερδαίνειν,
319 2758 360 2828 ὃν
383 2769 509 2837 ἐκεῖνος
537 2764 576 2851 ζῇ
604 2755 741 2848 χρόνον,
771 2754 860 2837 α’ξιοῑ
888 2763 990 2827 τοῦτο
1013 2760 1052 2828 τό

34 2869 114 2944 ιδος,
137 2869 230 2943 τίνος
252 2865 297 2935 δν
319 2864 406 2954 ιίμῑν
428 2863 639 2955 οίποσχὲσθαι
660 2868 752 2934 δοκεῖ
759 2894 771 2946 ‚-
806 2869 947 2941 Lucrum,
971 2868 1052 2950 quod

34 2977 178 3041 nocrates
210 2977 341 3060 turpiter
373 2994 432 3040 non
467 2977 593 3058 spernit,
627 2975 762 3058 positum
790 2976 838 3039 est
866 2973 896 3037 in
920 2975 1053 3056 teipso,

34 3081 75 3159 td,
99 3082 246 3164 quamdiu
269 3085 354 3165 pater
366 3084 460 3158 vivat,
483 3101 541 3148 non
563 3083 709 3156 exsolvat,
725 3081 806 3165 quod
821 3081 848 3145 is
863 3078 908 3145 rei
920 3079 1053 3164 publicae

34 3189 112 3266 teat3
142 3187 248 3272 itaque
274 3189 332 3254 hoc
360 3189 482 3271 tempus
510 3187 588 3254 lucri
614 3188 699 3267 feeit,
728 3188 897 3273 κερδαίνει
927 3188 1052 3253 τοῦτον

34 3319 48 3356 ν
69 3286 200 3380 χρόνον,
224 3313 282 3360 non
307 3314 360 3377 per
381 3295 439 3361 hoc
465 3298 587 3378 tempus
610 3295 696 3361 aliud
725 3295 846 3362 lucrum
868 3295 978 3377 quaerit
999 3297 1053 3361 aut

34 3403 88 3466 >et
146 3399 244 3467 Valde
276 3420 390 3478 vereor,
424 3421 463 3467 ne
495 3403 587 3468 verba
615 3404 716 3469 τοῦτο
747 3400 785 3469 τό
810 3401 925 3486 κέρδος
946 3401 1052 3467 addita

34 3496 64 3571 λ’
80 3507 118 3571 ab
151 3507 266 3591 aliquo,
298 3509 351 3591 qui
379 3510 565 3574 sententiam
593 3511 755 3576 verborum
781 3509 982 3594 κερδαίνειν,
1012 3503 1060 3584 ὃν

34 3626 113 3686 τινος
134 3615 174 3702 ζῇ
194 3609 317 3701 χρόνον
338 3635 396 3680 non
421 3615 614 3681 intellexerit.

91 3737 168 3803 lbid.
182 3739 260 3802 209:
285 3738 501 3818 (Timocrates)
510 3733 760 3823 νόμονιὲθιικε
770 3740 935 3824 φανερῶς,
946 3736 983 3812 ὃς
994 3733 1055 3804 ου’ν.

34 3845 164 3931 σίγνοσι
191 3841 230 3911 τό
260 3840 505 3930 δεσμωτήριον,
529 3839 615 3912 α’λλοί
639 3851 812 3930 καθαιρεῖ,
835 3845 1053 3931 προσπεριεί-

34 3979 71 4039 με
95 3953 129 4018 δὲ
152 3955 207 4020 καί
230 3949 273 4018 τοί
298 3948 506 4039 δικαστήρια.
530 3953 582 4026 τίς
603 3950 668 4040 γιίρ
691 3946 898 4040 ἢτοδτωνή
915 3952 1053 4019 ἐκείνων

34 4062 91 4136 ιία,
114 4057 200 4125 ὅταν
216 4057 265 4133 οἷς
280 4061 458 4147 τετίμηται
475 4061 604 4146 δεσμοῦ
620 4052 778 4137 λύωνται,
794 4055 859 4126 mlv
873 4056 912 4127 τό
930 4055 1053 4127 λοιτιδν

34 4162 150 4253 ιήσητέ
178 4193 237 4255 τω,
264 4168 374 4253 μηδὲν
396 4160 483 4251 δμῑν
505 4159 528 4256 ᾔ
550 4171 673 4247 πλέον,
715 4166 895 4234 Necessario
917 4168 1050 4233 scriben-

34 4294 76 4340 ωε
109 4276 160 4347 τίς
181 4270 246 4360 γιίρ
270 4271 292 4360 ή
315 4269 446 4341 τούτων
469 4276 550 4354 (τῶν
572 4275 808 4361 δικαστηρίων)
831 4269 855 4360 ή
877 4275 1052 4342 ἐκείνου

34 4381 60 4447 e
84 4382 329 4471 δεσμωτηρίου)
351 4382 467 4468 χρείας
513 4382 707 4449 Pronominis
737 4401 885 4461 numerus,
908 4385 948 4450 ab
970 4384 1050 4449 osci·

34 4491 71 4554 tte
94 4487 219 4555 librario
241 4487 490 4555 accommodatus
513 4492 561 4554 est
583 4489 622 4554 ed
644 4482 785 4557 τούτων.
