2662 5062
695 277 757 335 uro.
770 275 981 346 mun-pum.
1012 231 1014 235 ⁵

743 474 827 559 Cap.
848 472 917 539 ΙΙΙ.

369 645 478 702 Senecae
496 644 561 699 libri
592 642 625 699 da
648 641 784 697 muedciis
807 642 836 695 et
858 639 892 695 de
913 639 1056 695 clementia
1079 643 1109 695 et
1133 643 1241 711 questio

760 743 904 800 mtumles.

397 900 560 972 Librorum
586 898 625 964 de
651 897 808 963 beneficiis
837 893 927 961 etde
951 895 1116 962 clementia
1139 917 1241 963 emcm

297 1003 532 1080 fundamentum
564 1023 659 1070 unum
692 1003 823 1070 solidum
845 1002 894 1066 est
914 1001 1008 1067 codex
1032 1001 1241 1070 Palatinusil'

295 1129 365 1186 uus,
386 1110 425 1175 de
447 1109 534 1174 cuius
556 1109 707 1192 scriptura
730 1109 850 1173 tantum
873 1108 999 1186 scimus,
1033 1110 1184 1192 quantum
1206 1129 1241 1176 nc

295 1218 381 1282 torus
403 1214 482 1281 scire
505 1213 609 1293 voluit,
639 1214 697 1280 hoc
719 1218 803 1291 est„
819 1213 916 1277 multo
948 1213 1050 1278 minus
1072 1233 1166 1297 quem
1187 1217 1241 1298 ips:

295 1321 407 1397 mus.¹)
460 1320 599 1385 Eundem
633 1319 716 1384 euim
747 1316 953 1402 principatum
988 1318 1087 1384 ishic
1108 1320 1237 1400 obtinet,

295 1424 329 1490 iu
357 1424 486 1509 dialogis
519 1424 561 1499 (si
596 1424 655 1489 hoc
687 1423 808 1489 nomine
845 1421 993 1488 utendum
1028 1425 1087 1502 est)
1128 1426 1241 1492 Amor<

298 1530 479 1596 Ceterorum
513 1530 552 1595 ab
584 1529 650 1595 eins
682 1527 803 1596 mendis
842 1528 962 1612 longius
993 1548 1153 1613 progressa
1187 1529 1241 1614 dep

294 1634 508 1719 horribilisque
540 1632 735 1716 interpolatio
764 1652 834 1698 cum
863 1633 993 1700 infinitis
1020 1635 1089 1700 aliis
1118 1636 1195 1701 locis
1229 1656 1241 1719 1

295 1741 400 1823 potest
421 1741 521 1818 (velut
549 1740 656 1805 statim
678 1739 717 1804 de
738 1737 838 1805 boner.
860 1737 913 1803 lib.
936 1740 966 1815 I,
991 1742 1023 1816 l,
1046 1739 1066 1804 3
1089 1759 1126 1806 ex
1146 1741 1185 1806 iis
1207 1761 1241 1806 m

294 1863 362 1926 quae
373 1844 510 1929 plerique
521 1862 557 1910 ex
572 1844 785 1928 decoquere
801 1862 892 1909 vero
908 1844 1101 1924 effecerunt),
1122 1847 1190 1911 tum
1202 1846 1241 1912 lu

294 1947 434 2030 exemplo
458 1948 490 2013 iu
514 1949 568 2026 vl.
590 1948 641 2026 42,
666 1951 693 2024 1,
716 1950 769 2014 ubi
789 1950 821 2013 iu
842 1949 1015 2016 Nazariano
1038 1953 1160 2016 tantum
1182 1971 1241 2035 qm

294 2070 405 2136 qnam
442 2053 590 2138 scriptum
623 2056 671 2121 est
700 2054 803 2131 (Pam
833 2055 1053 2121 convicium
1087 2060 1149 2120 est
1183 2056 1241 2122 RE

293 2157 391 2241 quod
412 2157 566 2225 DEBES
588 2178 658 2243 pro:
697 2177 805 2244 quam
838 2159 1056 2245 DEBES)²);
1094 2162 1241 2246 quici1

293 2264 367 2329 aunt
405 2264 538 2331 tamen
570 2285 625 2348 pro
668 2266 747 2330 tam
789 2265 991 2347 scripserunt;
1034 2265 1145 2332 deinde
1180 2286 1241 2333 re(

295 2368 412 2434 factum
435 2373 499 2446 eet;
531 2373 599 2436 tum
622 2373 793 2436 monstrum
816 2374 939 2436 natum:
963 2373 1036 2436 tam
1063 2373 1242 2438 convicia

294 2466 471 2558 recipere
504 2473 600 2559 quod
633 2493 704 2540 nou
731 2474 869 2550 debes,
902 2496 1010 2560 quam
1038 2495 1110 2542 uon
1139 2476 1230 2543 dare

292 2577 405 2644 debes
428 2579 506 2657 (Pal.
540 2579 559 2640 2
581 2597 690 2663 marp,
712 2580 756 2655 V,
778 2579 828 2658 Τ).
876 2583 911 2646 In
933 2583 1021 2647 libris
1051 2581 1089 2647 de
1118 2582 1241 2649 benefici

293 2681 456 2750 Nazariani
488 2685 666 2750 testimonio
697 2687 821 2768 propter
848 2686 972 2752 Gruteri
1001 2688 1159 2753 silentium
1191 2689 1241 2755 det

292 2789 426 2856 vicarius
477 2791 509 2854 iu
558 2789 623 2855 cius
670 2792 772 2855 locum
820 2793 956 2857 succedit
1003 2794 1241 2860 Rottendorfian

290 2893 371 2978 apud
396 2894 602 2974 Fickertum);
639 2914 730 2979 quom
754 2897 857 2962 tamen
888 2897 1011 2971 infidus,
1042 2899 1093 2963 vel
1121 2917 1156 2963 er
1188 2900 1241 2966 adc'

291 2998 342 3079 27,
379 3002 393 3063 l
425 3001 464 3067 ad
498 3000 645 3066 mendum
684 3001 899 3066 occultandum
932 3004 1079 3069 vocabulo
1117 3006 1195 3071 oris
1227 3007 1241 3070 i

291 3107 403 3189 potest.
447 3105 527 3171 Nam
551 3105 698 3172 Gronovii
730 3106 849 3172 codices
871 3126 979 3190 parum
1002 3110 1158 3185 novimum
1202 3111 1241 3176 Pa

290 3209 383 3285 sium,
405 3229 481 3294 quos
503 3210 662 3276 Fickertus
692 3231 725 3277 se
750 3213 902 3295 „partim‘
927 3215 1093 3281 contulisse
1115 3215 1206 3293 uicit.
1239 3240 1241 3298 j

288 3331 384 3396 guum
411 3313 498 3380 dedit
517 3315 680 3399 specimen.
713 3316 820 3383 Libros
843 3319 881 3383 de
905 3319 1071 3386 clementie
1087 3320 1241 3387 Rotteudo

289 3540 490 3554 -ι-ι-η-

229 3712 231 3718 v
316 3688 338 3758 ¹)
357 3690 397 3746 Ex
416 3690 521 3748 Herma
548 3693 599 3749 vol.
618 3693 661 3748 111
680 3709 707 3763 p.
727 3696 777 3750 151
807 3693 884 3749 viden
904 3695 1053 3765 Hauptium
1077 3697 1135 3752 eius
1159 3697 1241 3753 codici

358 3783 461 3838 tionem
490 3783 598 3840 habere.
638 3785 706 3839 Eam
736 3786 842 3840 aduam
873 3786 935 3841 edet
964 3789 1022 3843 suis
1048 3789 1160 3845 adiectis
1190 3807 1241 3847 emo

379 3893 389 3929 1
428 3893 449 3930 s.

314 3963 339 4033 ¹)
356 3875 542 4021 gobiibentius
556 3967 605 4023 hoc
618 3966 739 4040 exemplo
752 3971 821 4034 utor,
840 3969 911 4039 quod
928 3971 1014 4042 ipsam
1033 3972 1241 4030 emendationem

360 4056 427 4111 olim
444 4061 641 4126 annotatorum,
660 4063 801 4133 occupavit
820 4062 956 4133 Hauptius
975 4065 999 4130 (I
1017 4079 1043 4133 p.
1063 4067 1099 4132 9).
