2654 5010
250 266 312 329 228
623 263 682 317 bib.
701 262 737 316 11
756 263 823 331 Cap.
843 264 879 315 δ’.

209 461 466 538 similitudinem
494 463 539 526 sic
569 460 651 525 enim
674 460 823 541 scriptum
848 460 975 525 luerat:
1010 478 1143 542 oeque
1161 457 1277 538 ali<ter

210 567 344 650 salv>a
364 587 406 632 re
428 566 618 644 Romana,
640 584 754 649 qnam
776 567 811 631 si
833 585 939 630 unus
963 564 1192 648 imperitet.
1228 563 1278 627 lan

212 676 296 739 recta
320 672 515 756 significatur
536 671 686 738 condicio.
740 669 859 736 Oculus
888 670 1017 736 librarii
1045 672 1089 736 ab
1116 670 1171 736 ali
1195 672 1279 734 trans·

212 780 362 847 siluitsd
383 779 457 845 alu.
1322 769 1323 784 ²

313 886 393 952 lbid.
417 885 470 960 Vl,
492 886 528 946 2:
550 882 638 949 llaec
657 883 856 949 adversus
878 884 1118 968 Togonium
1132 882 1279 960 (liberius)

213 992 350 1058 verbis
388 991 599 1057 moderans
627 1007 752 1073 nequa
772 990 886 1055 ultra
907 990 1192 1055 abolitionem
1213 1007 1281 1053 sen·

214 1098 355 1163 tentiae
387 1097 589 1162 suaderet
643 1096 733 1160 Varie
761 1095 938 1179 corrigunt3
975 1096 1280 1175 ucillinnmesap

214 1205 369 1270 tissimum
392 1209 458 1267 cst:
485 1202 622 1267 verbis
643 1201 871 1276 moderans,
903 1219 947 1267 ue
971 1201 1054 1287 quil
1078 1202 1190 1267 ultra
1209 1202 1279 1265 abo

214 1312 405 1379 libionem
426 1308 648 1374 sententiae
668 1307 869 1372 suaderet

315 1416 395 1482 lbid.
408 1416 463 1478 14:
486 1415 535 1480 Et
555 1413 689 1479 Iulius
705 1412 848 1478 Celsus
866 1415 1072 1479 tribunus
1095 1415 1134 1480 in
1157 1413 1279 1479 vinclis

215 1527 392 1590 laxatum
420 1523 604 1587 catenam
632 1523 672 1584 et
699 1520 995 1586 circumdatam
1026 1522 1067 1586 in
1093 1520 1278 1585 diversum

216 1630 387 1696 tendens
429 1645 539 1693 suam
581 1629 667 1708 ipse
702 1627 899 1692 cervicem
939 1627 1164 1711 periregit
1222 1625 1276 1689 Nou

214 1740 356 1804 catenam
379 1735 488 1802 Celsus
518 1733 552 1798 in
581 1731 766 1798 contrarium
800 1732 944 1809 tetendit,
980 1735 1040 1799 sed
1070 1739 1182 1799 utana
1212 1731 1275 1797 eollo

216 1842 407 1908 circumdata
429 1840 547 1922 ipsein
569 1839 754 1904 contrariam
777 1841 895 1921 partem
921 1839 1063 1904 tetendit
1085 1849 1120 1904 et
1135 1840 1272 1906 nisusest

215 1950 252 2013 ul
272 1954 389 2013 catenae
411 1949 441 2010 vi
462 1945 565 2011 cervix
585 1945 785 2030 frangeretur.
829 1944 1038 2010 scribendum
1056 1947 1159 2031 igitur
1171 1945 1272 2010 sublata

216 2055 333 2126 littera,
363 2072 431 2138 qnae
461 2069 553 2133 prave
582 2051 753 2132 sepissime
780 2050 931 2117 adbreret:
960 2052 1080 2120 laxata
1109 2056 1272 2119 satanael

215 2159 428 2226 circumlata.

317 2264 396 2330 lbid.
412 2266 470 2330 29:
493 2267 543 2329 Al
567 2264 693 2329 Romae
714 2265 816 2330 cado
838 2267 1038 2331 continua
1058 2263 1271 2350 Pomponius

217 2372 345 2437 Labeo
368 2418 376 2432 .
399 2417 407 2432 .
430 2416 438 2432 .
462 2417 470 2433 .
493 2388 562 2452 per
590 2370 784 2453 abruptas
812 2390 933 2436 renas
963 2376 1208 2456 sangninem
1225 2370 1270 2433 el·

215 2479 341 2554 fucit,
378 2478 644 2561 aemulataque
684 2481 748 2544 ost
785 2479 927 2543 coniux
975 2477 1128 2544 Paxaea
1193 2479 1270 2542 Pure

214 2586 309 2654 mdis
330 2583 485 2650 coutinuae
508 2583 623 2648 mentio
647 2583 826 2669 adiungitur
847 2585 984 2650 ablativo
1009 2603 1087 2650 casu
1110 2584 1151 2650 ad
1166 2584 1272 2649 verbm

216 2691 371 2758 effudit
402 2689 440 2754 ds
470 2690 560 2754 nnius
582 2688 715 2755 hominis
737 2694 836 2756 morte
856 2689 1005 2772 positum,
1045 2692 1173 2758 etiamsi
1193 2687 1272 2756 moris

215 2798 448 2866 aemulationem
487 2797 655 2860 enarrando
690 2794 852 2879 complecti
879 2814 998 2862 coneto.
1046 2798 1189 2881 Apparet
1208 2796 1271 2861 enin

216 2906 361 2971 Tacitum
396 2902 483 2987 gravi
521 2920 687 2984 paucorum
723 2903 884 2967 verborum
916 2901 1043 2968 exordio
1077 2905 1192 2970 seriem
1220 2920 1272 2966 ean

215 3012 362 3078 mortium
396 3012 428 3075 et
460 3008 591 3074 caedinm
623 3008 708 3074 brevi
738 3009 884 3091 temporis
911 3008 1014 3090 spatio
1043 3012 1271 3093 perpetratarum

215 3117 397 3202 significare,
420 3134 496 3198 quas
519 3113 626 3179 deinde
648 3114 832 3200 singillatim
854 3113 985 3188 indicat;
1019 3117 1119 3199 elque
1147 3116 1187 3181 ad
1212 3116 1272 3179 banc

214 3221 391 3307 generalem
403 3221 598 3297 sententiam,
612 3239 673 3286 non
690 3220 730 3288 ad
746 3220 836 3286 unlus
851 3220 944 3285 caedis
960 3223 1168 3297 mentionem.
1184 3228 1272 3305 aptum

213 3333 265 3396 cst
285 3330 413 3394 Rcmae
436 3347 548 3392 nomen
571 3327 660 3392 initio
683 3329 827 3411 positum.
880 3328 991 3410 ltaque
1013 3328 1127 3410 opinor
1149 3328 1272 3394 Taciturn

214 3436 389 3519 scripsisse:
429 3436 481 3499 At
513 3435 639 3500 Romae
674 3434 778 3499 cules
810 3432 982 3500 continuae.
1046 3435 1273 3517 Pomponius

216 3544 345 3609 Labeo
366 3545 424 3606 cel.
467 3539 597 3616 (Incidit
624 3540 656 3605 in
686 3557 791 3605 verum
822 3539 990 3618 Ernestins,
1013 3541 1071 3606 sod
1094 3543 1158 3607 alia
1180 3539 1273 3624 effugis

213 3651 370 3725 tentant.)

316 3765 394 3832 lbid.
417 3763 474 3826 36:
508 3768 630 3848 atque
662 3763 829 3829 interim
862 3781 980 3845 posse
1010 3764 1188 3832 Parthos
1216 3766 1272 3829 ab·

211 3875 392 3939 sentium
413 3888 560 3954 aequos,
591 3871 863 3956 praesentibus
892 3869 1067 3936 mobiles
1096 3874 1144 3938 ad
1166 3869 1273 3956 paeni·

210 3980 385 4044 tentiam
408 3976 565 4041 mutari.
615 3977 724 4059 Neque
746 3976 944 4055 assertivum,
966 3978 1053 4060 quod
1077 3981 1126 4046 est
1148 3995 1270 4063 aquus,

209 4083 280 4150 ulls
306 4084 425 4149 ratione
457 4101 528 4148 cum
559 4085 701 4167 genetivo
731 4084 875 4169 coniungi
902 4085 1008 4166 potest
1034 4105 1138 4171 neque
1167 4088 1196 4152 in
1217 4099 1271 4149 eam
