2662 5046
430 674 566 732 ciceronis
583 674 733 732 Orationes.
1013 675 1074 739 207

146 874 215 940 Ibd.
238 874 305 939 99:
337 875 379 940 nt
407 874 506 941 ninil
527 892 617 960 auro
642 877 680 941 et
699 883 860 961 argento
879 876 1034 951 violari,
1060 874 1117 941 ni-

53 979 106 1046 hil
124 998 296 1063 ‚numero
330 982 372 1046 et
399 980 611 1065 suffragiis
647 981 859 1064 declarari,
891 983 992 1049 ninil
1019 981 1057 1047 ri
1078 981 1118 1047 et

53 1103 167 1153 manu
187 1086 390 1170 perfringi
410 1085 559 1169 posset,
589 1086 694 1168 qnod,
712 1105 781 1153 non
801 1087 1117 1172 vos'oppressnm

55 1195 170 1275 atque
207 1194 383 1274 ereptum
417 1191 618 1257 teneretis.
652 1191 757 1257 Recte
788 1195 887 1260 sensit
917 1193 1062 1272 Oreliins,
1098 1209 1118 1256 a

55 1296 178 1364 Baitero
208 1299 242 1362 et
259 1297 371 1363 deinde
406 1314 426 1362 a
456 1296 596 1380 Kaysero
621 1296 680 1363 hoc
710 1298 777 1363 loco
806 1299 917 1364 iniuria
947 1298 1117 1382 neglectus,
1256 1246 1276 1314 'a

56 1421 111 1468 non
132 1403 212 1469 ferri
231 1420 323 1486 posse
350 1400 560 1477 declarari,
594 1401 675 1484 quod
707 1401 748 1468 ad
767 1403 941 1488 legitimam
963 1404 1118 1470 actionem

57 1508 203 1589 mrunet,
253 1507 332 1573 inter
373 1505 518 1573 violari
548 1508 583 1572 et
621 1507 833 1592 perfringi,
870 1529 937 1593 qna
972 1509 1013 1574 ed
1043 1507 1118 1574 iuris

58 1613 257 1690 werdonem,
280 1612 509 1695 interpositum,
530 1630 602 1677 enm
622 1612 795 1695 prasertim
816 1613 989 1680 communis
1008 1613 1118 1679 harum

61 1737 162 1785 rernm
184 1718 316 1786 effectus
347 1717 516 1800 participiis
547 1735 775 1800 oppressum
797 1720 920 1802 atque
941 1719 1119 1803 ereptum

56 1823 259 1907 significetur.
312 1822 514 1889 Scribendnm
550 1825 616 1889 estt
649 1825 882 1890 nnmeroet
911 1823 1119 1909 suffragiis

61 1927 269 2014 depravari
286 1928 400 2011 (telem
420 1927 614 2004 admuntis,
627 1929 772 2011 vempfis).

153 2035 223 2102 Ibd.
256 2033 317 2097 101
347 2033 452 2100 dubito
485 2029 635 2101 dixeritne
656 2032 761 2127 Cicero
792 2035 900 2108 consul
930 2051 964 2100 se
991 2034 1119 2115 civibus,

61 2140 107 2220 qui
143 2141 176 2205 in
204 2140 343 2206 contione
369 2140 503 2214 student,
539 2140 761 2208 auctoribus
793 2142 829 2209 P.
851 2139 936 2206 Rulli
971 2139 1120 2225 improbi·

63 2243 114 2311 tesi
156 2245 319 2322 resistere,
370 2246 567 2330 suspicorque
612 2264 683 2311 eum
725 2245 887 2330 scripsisse
933 2248 1119 2332 rotisque

63 2349 343 2431 adiutoribus.¹)

10 2488 11 2492 ¹
150 2457 295 2534 111,12:
332 2455 495 2522 Causam
516 2474 659 2540 quero,
681 2474 749 2520 cur
771 2475 829 2531 ea,
851 2477 935 2539 quer
955 2458 1119 2525 maiores

62 2561 162 2628 robis
265 2562 543 2646 quasiverunt,
564 2560 696 2627 venire
719 2561 937 2643 patiamini,
959 2581 1040 2628 cnm
1063 2582 1120 2643 en,

13 2694 14 2698 ¹
62 2683 130 2757 quse
152 2671 294 2733 vestre
314 2669 422 2746 snnt,
443 2667 653 2733 condonari
673 2667 962 2749 possessoribus
989 2667 1119 2734 eadem

62 2769 139 2857 lege
179 2772 362 2840 videatis.
415 2773 520 2857 Neget
551 2772 658 2839 Cicero
694 2772 776 2838 eires
811 2772 868 2837 hoc
902 2773 969 2856 pati
1000 2773 1120 2839 debere.

62 2876 150 2962 dtqui
183 2901 313 2943 comm
344 2900 476 2964 quoercre
497 2888 567 2956 (cur
596 2877 718 2962 aliquid
738 2878 812 2964 fiat)
836 2878 923 2944 solet
954 2878 1121 2961 pretorem

63 2984 214 3065 querendi
243 2984 496 3069 significationem
518 2983 641 3061 habere,
671 3002 733 3048 non
765 2982 949 3062 admirandi.
995 2982 1122 3064 Vereor,

20 3134 23 3143 ·
65 3090 227 3156 ncieero
259 3091 432 3173 scripserit:
475 3089 959 3172 Aciumqnaero,curcet.

153 3195 310 3261 Ibd.15:
352 3195 399 3262 Et
420 3195 615 3279 quoniam,
652 3212 723 3277 que
749 3195 934 3260 decanea
966 3195 1004 3262 et
1024 3213 1124 3281 quo·

20 3327 21 3386 j
65 3315 137 3364 rum
159 3318 282 3366 causa
303 3301 376 3366 ille
396 3301 467 3368 hoc
487 3301 816 3385 promulgaverit,
843 3296 1012 3378 ostendi,
1047 3301 1124 3369 do·

67 3407 146 3470 reat
167 3406 256 3489 ipse
278 3426 365 3472 num
386 3425 456 3498 ego
481 3425 590 3490 quem
610 3424 877 3489 possessorem
898 3407 1123 3486 defendam,

68 3524 141 3576 cnm
178 3513 346 3596 agrariae
380 3513 463 3598 legi
496 3514 653 3579 resisto.
712 3513 775 3579 Res
806 3532 867 3579 non
898 3512 1001 3579 minns
1032 3529 1124 3595 qnam

72 3616 210 3683 orationis
242 3618 341 3684 forme
362 3616 491 3710 clamat,
523 3637 583 3684 non
604 3638 624 3684 a
644 3619 736 3685 Rullo
757 3619 916 3702 postulari,
936 3620 988 3685 nt
1008 3617 1125 3693 domat,

72 3750 259 3767 *nn-*-

94 3818 115 3885 ¹)
132 3805 187 3877 Cur
204 3836 334 3890 magnam
351 3822 455 3891 partem
482 3825 498 3886 5
517 3822 570 3877 103
586 3819 721 3890 Kayserns
748 3819 823 3874 uncis
841 3819 957 3884 notaret,
975 3817 1052 3881 nulle
1069 3833 1125 3878 em·

131 3915 195 3968 nino
213 3916 274 3968 erat
291 3929 385 3979 causum
403 3929 465 3967 nam
479 3914 508 3967 et
526 3911 578 3966 otii
596 3913 698 3966 virtute
716 3911 788 3983 parti
805 3911 864 3965 leus
882 3911 948 3980 apta
965 3910 1008 3964 est
1025 3912 1054 3964 et
1063 3925 1125 3964 con·

136 4004 230 4059 cordia
248 4021 309 4058 curn
328 4004 430 4083 collega
447 4004 548 4059 mentio
560 4020 643 4075 prope
653 4004 808 4069 necessaria,
827 4020 880 4070 nec¹
893 4019 951 4059 eam
963 4002 1127 4067 mentionem

0 4112 4 4117 “
137 4096 231 4151 rddere
259 4096 382 4165 cuiquem
408 4097 438 4151 in
463 4100 580 4152 mentem
599 4096 689 4151 venire
707 4098 824 4167 potem,
868 4093 958 4150 Verba
981 4093 1025 4148 hic
1048 4094 1127 4148 utin

138 4189 151 4252 t
169 4191 221 4245 102
240 4171 373 4244 dissoluta
391 4192 419 4244 et
437 4189 568 4244 distracta
586 4187 640 4243 fere
659 4173 749 4241 omnia
766 4187 921 4242 certissimis
939 4185 1081 4240 sententie
1099 4186 1128 4239 et

140 4279 227 4350 figura
257 4281 397 4337 rhedonica
416 4280 530 4337 indiciis
555 4281 738 4335 monstrantur
761 4281 791 4333 et
813 4294 889 4346 ame
913 4279 979 4335 olim
999 4278 1129 4334 restituta

2 4411 8 4431 r
143 4377 209 4428 sunt
246 4374 391 4443 (Quibus
418 4373 496 4430 odio
522 4375 577 4429 est
606 4372 722 4426 otinm
752 4371 887 4436 in5102
908 4369 1127 4426 umeemends·

145 4464 197 4518 turn
214 4481 280 4532 esse,
298 4467 361 4537 ipse
377 4466 520 4537 Ussingins
538 4465 625 4533 dixit)
