2626 5070
239 283 300 346 342
585 282 731 336 Liblllll.
752 280 816 350 Cap.
836 281 873 336 11.

196 479 328 544 editione
350 481 388 545 ad
410 481 455 544 rei
477 482 655 545 memoriam
679 485 711 545 et
730 479 975 564 interpolationis
998 476 1180 553 sconem,
1206 490 1235 536 ne

196 584 264 665 quis
287 584 463 668 decipiatur,
487 586 719 651 monstrandam
755 583 968 669 relinquendas
991 602 1060 648 esse
1089 584 1159 666 (etsi
1180 580 1236 647 ona

197 691 273 756 erat.
306 689 337 753 in
371 710 430 755 uno
459 691 565 756 libello
597 695 650 755 aut
684 692 800 757 duobus
828 710 880 757 aas
914 692 1080 755 annotatas
1112 708 1188 761 esse,
1214 686 1236 748 in
1302 692 1303 698 ’

194 796 304 859 ceteris
338 797 446 861 melius
483 800 671 867 coacervatae
707 816 767 861 non
806 801 937 870 essent),
975 796 1014 860 ad
1050 796 1238 861 testimoninm

196 920 267 964 vero
282 900 319 965 de
334 903 493 984 scripturae
509 904 680 984 antiquitus
692 904 813 967 traditae
828 901 888 966 fide
900 902 956 965 hos
968 901 1238 984 codicesnunqnan

196 1006 362 1078 vocandos,
396 1009 454 1073 nisi
476 1008 605 1073 sorteB
633 1010 665 1071 ct
686 1010 857 1089 proximos,
894 1006 1064 1088 siquando
1090 1006 1128 1072 de
1152 1010 1177 1069 A
1197 1021 1241 1068 non

196 1111 376 1186 constiterit,
407 1115 563 1177 ettamen
588 1133 623 1177 ea
646 1115 692 1178 his
705 1114 860 1180 codicibus
883 1130 920 1177 ac
942 1111 1005 1176 fere
1027 1130 1062 1175 ex
1085 1109 1243 1176 recentissi-

196 1218 255 1281 mis
278 1218 426 1289 omnium,
449 1219 530 1282 circa
544 1217 747 1283 'renascentes
770 1220 890 1284 litteras
912 1218 1045 1300 scriptis,
1068 1218 1134 1282 iure
1156 1235 1245 1297 reoop·

188 1326 244 1388 tas
278 1341 345 1387 esse
377 1325 578 1389 correctiones
614 1325 767 1389 minorum
800 1342 935 1388 errorum
967 1341 1025 1386 non
1057 1325 1103 1387 ita
1139 1339 1248 1407 pancas,

196 1447 264 1509 quae
285 1428 443 1492 bominum
466 1448 523 1493 non
546 1429 733 1494 indoctorum
747 1417 938 1495 coniectura
952 1428 1132 1494 debeantur.
1169 1428 1250 1492 Velut

197 1531 226 1595 irr
250 1533 303 1596 illo
319 1533 394 1614 ipso,
417 1535 495 1617 quod
508 1536 678 1620 attigimus,
702 1536 917 1602 consolationis
939 1535 1039 1617 capite
1057 1536 1092 1596 ll
1107 1533 1157 1618 §3
1179 1538 1209 1599 et
1225 1532 1249 1602 4.

196 1638 247 1702 ubi
262 1640 395 1712 inrlest
415 1658 455 1703 err
476 1640 604 1705 firmis
619 1640 851 1723 fluidisqne,
874 1643 997 1706 rectein
1025 1640 1252 1717 ceterislomni·

197 1743 287 1819 busl)
317 1746 460 1810 scribitur
496 1745 687 1819 infirmis,
724 1752 790 1812 tum
824 1748 991 1830 precarii
1022 1747 1187 1830 spiritns
1218 1745 1253 1826 (A

196 1867 366 1928 praecare
385 1858 457 1933 ep),
480 1856 554 1917 tam
579 1856 839 1935 contemptum
855 1852 1053 1931 animal(lt
1077 1852 1255 1921 animali),

197 1953 250 2016 sed
282 1956 373 2019 simul
407 1956 469 2022 alia
501 1959 738 2041 perversissima.
783 1960 853 2041 lpse
877 1962 980 2024 autem
1002 1959 1055 2023 ille
1078 1958 1191 2033 codex,
1223 1956 1256 2020 ad

197 2078 287 2141 quem
310 2079 404 2126 unum
429 2065 532 2128 omnia
555 2064 652 2128 redire
676 2065 746 2141 diri,
768 2084 860 2148 quam
883 2064 925 2128 eit
941 2062 1093 2127 scribendi
1109 2063 1258 2127 erroribus

196 2165 324 2239 obsitus,
349 2186 384 2232 ex
406 2169 592 2233 obscuritate
615 2169 721 2252 aliqua
740 2171 886 2234 ductuum
909 2168 1092 2252 exemplaris
1116 2167 1259 2251 propositi

198 2276 228 2335 et
250 2271 373 2337 inscitia
394 2275 510 2340 librarii
532 2274 607 2339 ortis
630 2278 724 2340 edam
746 2276 777 2340 in
801 2275 956 2341 facillimis
978 2275 1070 2339 rebus
1086 2275 1258 2358 verbisque,

197 2379 244 2442 vel
269 2398 304 2443 ex
329 2380 388 2455 lris,
409 2400 476 2463 qnae
501 2382 597 2464 posui,
621 2382 767 2464 exemplis
789 2387 925 2465 apparet.
937 2383 963 2464 ¹)
1008 2382 1117 2463 Itaque
1139 2382 1174 2443 et
1194 2379 1262 2444 dili·

197 2488 304 2568 genter
327 2488 429 2550 omnia
448 2487 589 2552 rimanda
610 2491 683 2552 sunt
704 2492 736 2551 et
759 2492 864 2552 tanrcn
888 2488 1068 2559 carendum,
1091 2504 1130 2549 ne
1153 2503 1261 2551 recon-

198 2588 262 2654 dita
298 2593 329 2655 et
361 2591 500 2655 difficilia
532 2593 628 2657 latere
662 2597 822 2674 putemus,
858 2595 908 2659 rrbi
941 2593 1077 2676 proxima
1110 2593 1142 2655 et
1176 2591 1263 2655 obvia

197 2699 338 2768 subsunt,
362 2715 547 2780 quamquam
570 2698 730 2763 librarium
752 2701 782 2764 in
806 2701 862 2771 iis,
895 2718 961 2782 quae
984 2699 1022 2763 ab
1045 2698 1110 2762 eius
1132 2697 1262 2762 scientia

196 2802 361 2866 remotiora
383 2807 494 2877 essent,
518 2807 611 2870 etiam
622 2805 742 2870 facilius
754 2825 872 2871 errasse
886 2809 1125 2871 consentaneum
1152 2807 1210 2877 est,
1232 2806 1263 2866 et

195 2904 290 2971 libere
313 2908 536 2993 audacterque,
571 2911 661 2976 modo
689 2931 727 2977 ne
752 2910 842 2995 louge
872 2931 890 2977 a
916 2910 1055 2994 uestigiis
1078 2908 1262 2983 discedatur,

197 3013 357 3078 sententis
390 3016 423 3078 et
447 3017 593 3081 orationis
626 3017 803 3081 necessitati
832 3017 1022 3099 parendum,
1052 3034 1160 3098 neque,
1193 3033 1261 3078 cnm

196 3118 336 3199 plurimis
350 3122 425 3185 locis
447 3122 485 3185 iis
504 3141 621 3203 pareas,
644 3122 769 3187 hicillic
791 3125 930 3187 contorta
951 3122 1082 3188 artficia
1102 3120 1260 3185 tentanda.

196 3221 380 3290 intercurrit
413 3227 506 3292 etiam
530 3228 693 3292 omittendi
724 3229 817 3292 verba
844 3228 1032 3312 negligentia
1054 3231 1086 3292 et
1107 3227 1262 3309 adscripto

196 3336 252 3394 aut
274 3331 482 3415 superscripta
503 3336 534 3398 in
557 3335 665 3399 seriem
688 3333 856 3415 recipiendi
879 3352 977 3406 error3
999 3332 1084 3397 relnt
1105 3333 1137 3395 in
1160 3332 1223 3400 illo,
1245 3349 1261 3394 e

197 3455 256 3518 qno
273 3438 333 3500 iarn
347 3437 464 3520 aliquot
485 3439 626 3521 exempla
646 3440 773 3521 sumpsi,
797 3457 861 3521 cap.
888 3440 923 3500 11
948 3437 988 3502 ad
1010 3439 1104 3502 llarc.
1130 3438 1261 3519 §icum

196 3657 394 3666 ——-.<....-.-

217 3807 237 3872 ¹)
266 3805 396 3861 Adliarc.
410 3813 452 3867 21,
470 3811 548 3871 7120,
568 3809 651 3874 1¹2F.)
663 3813 785 3880 (agunt
803 3823 887 3877 opus
905 3822 1001 3859 suum
1020 3806 1106 3870 fata)
1125 3807 1263 3868 librarius,

266 3913 320 3952 non
338 3904 408 3952 recte
426 3900 504 3953 lectis
522 3900 623 3954 litteris
642 3908 692 3967 nt,
712 3903 821 3971 scripsit
840 3898 952 3971 agurii
972 3914 1055 3967 opus
1074 3915 1095 3952 s.
1115 3898 1144 3965 t,
1164 3917 1195 3954 ex
1212 3915 1264 3969 qno

266 3992 293 4044 in
312 3990 414 4053 ceteris,
445 3995 476 4045 ut
503 3991 607 4046 Latina
626 3997 696 4049 vocis
715 3995 815 4064 species
835 3995 912 4053 esset,
942 3991 1082 4058 augurii
1102 3997 1198 4047 natum
1223 3995 1265 4045 est

266 4089 294 4135 et
312 4081 372 4136 alia.
