2678 5016
251 281 312 344 112
606 280 668 339 Lib.
680 282 733 346 ,v1.
753 280 818 354 cap.
832 282 885 341 111.

208 474 318 560 Neque
339 494 394 561 per
408 495 442 544 ee
464 480 584 544 rectum
606 481 654 545 est
674 481 739 543 iras
759 501 858 565 apere,
883 497 980 562 neque
1002 497 1072 545 eum
1095 481 1273 549 vivacitatis

208 583 329 646 nomine
350 581 407 648 hnc
428 584 556 649 uerbum
579 587 739 668 convenit3
761 585 923 654 conueniet
944 584 1003 648 alet
1023 590 1131 671 (neque
1145 587 1273 654 interire

205 687 360 770 patietur).
1255 690 1256 694 ’

211 874 217 883 ·
305 791 372 859 Ibd.
394 792 472 857 350:

658 899 728 966 Une
749 901 804 967 sed
825 902 946 966 nostras
967 902 1070 983 potest

405 1003 535 1069 fundare
558 1005 638 1070 vires
659 1005 764 1071 iuncta
785 1006 883 1091 regali
905 1005 972 1071 iace

403 1109 609 1193 thalamisque
630 1110 766 1196 Megara,
780 1113 880 1180 clucet
901 1113 934 1177 et
955 1129 1066 1197 genere
1090 1113 1207 1198 inclyte

404 1215 527 1280 nouitas
549 1215 682 1281 colerem
704 1219 817 1282 nostru.

204 1317 275 1385 Nun
296 1321 400 1402 potest
423 1320 541 1404 Lycus,
564 1322 615 1404 qui
636 1320 675 1386 ‹ie
696 1340 753 1387 sue
771 1323 908 1402 novitate
928 1324 1080 1408 queritur,
1108 1342 1179 1389 cum
1201 1324 1272 1390 Me·

206 1442 313 1510 garam
334 1425 462 1509 antiqua
483 1444 591 1510 regum
616 1426 711 1509 stirpe
738 1427 836 1492 ortam
868 1447 994 1495 uxerem
1028 1430 1139 1495 ducere
1173 1431 1269 1514 eupit,

203 1550 272 1599 eam
292 1532 391 1616 repeti
409 1533 476 1598 fece
497 1533 636 1597 iunctum
656 1531 695 1596 iri
715 1532 826 1609 dicere,
848 1535 935 1618 quasi
957 1535 1025 1619 ipsa
1039 1535 1181 1601 inferiore
1202 1537 1270 1602 leco

202 1639 277 1704 nata
297 1638 329 1703 in
352 1639 468 1724 regiam
492 1639 616 1704 demum
638 1638 775 1703 innubat.
819 1639 976 1706 Sententia
998 1642 1081 1706 recta
1103 1642 1177 1721 erit,
1217 1642 1271 1708 ubi

202 1744 427 1810 restituerimus
448 1743 582 1828 repetis,
618 1746 654 1808 ut
675 1744 759 1828 regia
781 1746 866 1829 virge
893 1744 984 1810 dueta
1016 1745 1120 1828 ipsum
1152 1747 1270 1832 Lycum

202 1846 400 1913 nobffitetura
432 1864 499 1913 esse
531 1849 728 1933 significetur.
794 1849 990 1915 Adiectivum
1019 1871 1038 1917 a
1068 1851 1196 1917 librario
1231 1852 1270 1917 ad

202 1952 372 2037 proximum
394 1952 621 2018 substantivum
643 1956 907 2021 accommodatum
930 1958 987 2021 eet.

302 2057 379 2125 ibn..
396 2057 475 2121 663:
561 2059 565 2066 ’

600 2165 702 2247 teque,
724 2184 816 2249 qnam
837 2168 906 2233 tnta
926 2167 1014 2232 irrite

402 2270 543 2352 quaesiuit
563 2269 656 2335 AEtna
677 2273 787 2335 mater.

201 2373 272 2439 Non
293 2376 359 2441 tcta
379 2375 473 2441 AEtua
495 2376 586 2441 Ceres
610 2376 822 2460 Proserpinam
847 2376 988 2459 quesivit
1010 2380 1059 2457 (ac
1082 2376 1185 2459 petius
1201 2396 1268 2442 nm·

138 2504 139 2507 ¹
201 2481 273 2545 niue
293 2498 355 2546 non
376 2482 408 2546 in
429 2482 546 2563 Aitna),
569 2482 623 2545 sed
644 2482 712 2546 tnta
732 2483 824 2560 terra,
846 2481 963 2548 facibus
986 2502 1023 2548 er
1043 2479 1138 2546 AEtua
1160 2499 1270 2547 acceu-

201 2586 253 2651 sis.
300 2586 501 2653 Scribendum
525 2587 633 2670 igitur:

598 2694 700 2774 teque,
723 2708 815 2774 quam
837 2702 921 2754 mota
941 2692 1032 2758 irrita

400 2798 542 2882 quaesiuit
562 2796 665 2862 AEtna.

199 2900 327 2966 AEtnam
349 2905 449 2969 movit
470 2902 549 2968 etin
572 2903 720 2968 auxilinm
743 2900 904 2966 advocavit
925 2900 1026 2966 Ceres.
1065 2899 1152 2981 (Qua
1174 2912 1268 2978 meta,

197 3005 270 3072 inde
293 3029 385 3092 queam
409 3019 470 3084 ota,
494 3030 587 3093 quum
607 3014 690 3087 teta.)
937 3006 939 3009 ’

298 3113 365 3179 Ibd.
388 3111 468 3177 ¹697:

334 3219 438 3284 Metus
460 3216 633 3305 Pauorque,
655 3220 759 3285 Funus
781 3220 814 3291 et
833 3218 978 3284 frendens
1000 3218 1095 3285 Deler

333 3327 471 3409 Aterqus
494 3327 609 3392 Luctus
631 3325 770 3408 seqnitur
792 3328 823 3391 et
846 3325 971 3390 Morbus
986 3327 1131 3389 tremens.

198 3428 283 3495 Inter
309 3431 403 3496 animi
434 3432 506 3497 illes
541 3433 669 3497 affectus
700 3433 843 3516 malaque
874 3432 946 3497 sitae
973 3429 1051 3497 nihil
1072 3429 1186 3495 habere
1207 3428 1269 3495 leci

190 3534 290 3618 sacza
311 3540 447 3620 apparet,
472 3541 514 3616 et,
536 3539 563 3603 si
584 3555 643 3601 non
663 3539 833 3619 appareret,
856 3537 1043 3602 monstraret
1058 3535 1268 3600 membrorum

197 3643 350 3726 copulatio
373 3662 432 3707 uno
453 3643 600 3728 asyndete
622 3642 745 3707 turbata
767 3642 882 3725 (metus
913 3659 1081 3726 pauorque,
1112 3639 1204 3703 funus
1234 3641 1267 3704 et

196 3748 233 3814 fr.
256 3749 362 3826 dolor).
416 3750 454 3814 In
477 3767 521 3822 eu,
545 3748 623 3831 quod
645 3747 788 3813 scribitur
802 3748 911 3833 sanae,
934 3749 1040 3814 subest
1060 3744 1266 3820 adiectiuum3

196 3855 251 3920 sed
275 3873 311 3920 ex
331 3853 386 3930 iis,
410 3872 477 3936 quae
500 3854 574 3935 apta
596 3856 668 3918 sunt
690 3854 812 3935 pauori,
840 3874 902 3920 non
923 3853 1057 3936 reperio,
1087 3850 1166 3935 quod
1189 3849 1267 3915 satis

198 3976 294 4042 prope
315 3956 355 4021 ad
376 3957 496 4024 litteras
521 3958 648 4024 accedat
677 3960 804 4044 (faedus,
820 3954 971 4044 feteant).
1001 3956 1050 4037 (V.
1075 3956 1135 4019 797
1160 3973 1269 4021 emen·

195 4063 265 4128 davi
288 4062 346 4128 vel.
369 4064 384 4127 Ι
406 4082 436 4145 p.
461 4064 554 4141 nn).
