2656 5056
241 285 303 349 508
600 280 878 351 tremonem.

198 482 400 548 finalibus
419 480 542 545 libris
558 479 739 561 etaliqui
755 480 985 562 quiputant
1007 482 1259 548 etFenestel·

200 591 287 654 lam.
331 586 461 651 Videtur
482 584 664 667 significari:
697 584 736 649 id
769 585 828 649 ita
856 585 894 648 in
918 590 1022 666 pout.
1046 587 1116 651 lib.
1140 589 1259 653 etalii

201 695 316 777 aryai
337 694 482 775 putant
514 695 552 755 θῖ
584 690 828 754 Fenestella.
874 690 970 755 Paulo
994 696 1066 773 post
1088 693 1108 775 ξ
1131 693 1172 756 33
1193 694 1259 778 quod

200 804 270 882 post
302 797 391 861 Ennii
424 815 547 860 versus:
581 794 643 858 cui
677 812 789 857 nemo
826 795 934 860 civis
970 814 1103 879 neque
1141 798 1259 863 hostia
1309 805 1312 847 ῖ

201 905 341 983 Quivit
372 921 440 985 pro
484 901 606 965 factis
639 900 800 964 reddero
833 917 956 982 operae
989 891 1162 982 pretium
1191 900 1258 966 inB

202 1014 234 1074 et
268 1009 337 1076 aliis
372 1006 531 1071 scribiturz
575 1025 617 1070 ex
660 1022 702 1069 ec
736 1022 777 1069 se
809 1004 864 1068 ait
895 1004 1141 1088 intelligere,
1174 1006 1259 1090 apud

201 1115 388 1196 antiquos
440 1131 508 1176 non
560 1112 706 1175 tantum
760 1109 948 1173 auxilium
997 1110 1258 1194 significasse.

203 1220 267 1286 sed
300 1235 470 1300 operam,
504 1215 701 1280 manifestum
734 1221 798 1283 θεῖ,
832 1215 938 1278 deesse
974 1215 1152 1281 subiectum
1187 1217 1259 1281 verti

201 1325 474 1408 significasse,
518 1323 627 1387 deiude
670 1321 841 1385 necessario
885 1319 923 1384 de
955 1334 1085 1403 operm
1128 1323 1259 1394 nominis,

201 1430 280 1514 quod
301 1430 332 1492 in
354 1447 443 1493 uersu
465 1428 552 1492 Ennii
575 1430 633 1501 ost,
654 1426 948 1509 significationeagi.
992 1426 1150 1504 Quoniam
1167 1432 1259 1493 autem

202 1535 404 1600 exorationis
434 1535 532 1597 torma
567 1542 650 1605 (uon
681 1535 830 1595 tantum
853 1530 1060 1603 auxilium,
1084 1535 1154 1599 sed
1176 1552 1259 1616 ope·

200 1647 296 1720 ram)
318 1642 454 1722 apparet
487 1657 546 1703 uon
581 1637 656 1700 duas
678 1657 776 1718 opere
798 1636 1036 1719 significationes
1069 1640 1155 1720 poni,
1177 1639 1260 1704 reliu-

201 1747 313 1828 quitur,
335 1748 371 1808 ut
391 1743 575 1827 operaidem
600 1742 717 1806 dicatur
734 1742 934 1826 significasse,
956 1741 1037 1824 qnod
1061 1745 1149 1809 alind
1172 1745 1258 1828 qnod·

203 1853 274 1916 dam
310 1850 487 1915 vocabulum
521 1848 601 1930 apud
638 1865 708 1911 non
746 1850 899 1911 tantum
931 1847 1091 1912 omissum.
1162 1850 1259 1932 ltaque

201 1976 310 2038 opem
341 1956 391 2020 hic
423 1955 613 2019 nominatam
651 1951 746 2017 fuisse
778 1953 978 2018 manifestum
1016 1958 1065 2018 est
1100 1954 1259 2038 fuisseque,

201 2062 281 2146 qrrod
304 2063 335 2126 in
348 2060 556 2126 Grammatico
571 2058 682 2122 Latino
704 2059 831 2122 minime
853 2059 964 2123 mirum
988 2062 1046 2134 est,
1071 2061 1125 2140 qui
1149 2079 1261 2143 opere

201 2170 366 2252 pretinm
388 2167 643 2246 interpretaretur
666 2163 750 2244 opis
781 2164 852 2227 latae
886 2165 1035 2246 pretium;
1070 2167 1260 2249 cogimurque

202 2277 245 2340 ita
271 2274 334 2339 tere
358 2273 504 2339 seribere:
537 2287 608 2333 non
631 2269 778 2333 tantum
803 2290 906 2352 opem
926 2270 1116 2334 auxilium
1142 2271 1260 2356 signi·

203 2381 362 2455 ficassc,
392 2361 460 2442 sed
493 2393 654 2458 operam.
714 2374 858 2439 Extrema
887 2374 1026 2456 epistola,
1062 2375 1084 2462 ξ
1118 2376 1161 2441 38
1183 2378 1260 2457 (36),

202 2487 253 2550 nti
286 2491 351 2550 est:
407 2482 516 2546 Dixit
547 2480 621 2544 illa
655 2479 816 2555 Platon,
851 2480 951 2544 dixit
982 2481 1136 2559 Zenon,
1170 2483 1261 2548 dixit

202 2588 532 2675 Chrysippum
551 2586 691 2669 iugens
713 2604 848 2669 agmon
873 2605 947 2651 non
967 2590 1027 2652 tot
1049 2606 1093 2651 ae
1111 2589 1259 2661 talium,

201 2714 312 2778 quaero,
336 2693 408 2777 quid
430 2694 471 2757 sit
491 2692 628 2775 ingens
661 2710 800 2774 agmen
822 2694 881 2757 tot
903 2694 967 2757 sire
990 2712 1062 2757 non
1087 2699 1169 2771 tot,
1194 2696 1259 2778 quot

201 2804 346 2883 quattuor
368 2799 440 2863 siut.
484 2797 685 2861 Scribendum
718 2798 783 2861 sine
816 2796 923 2861 dnbio:
961 2803 1000 2862 θῖ
1027 2799 1169 2882 ingens
1199 2820 1261 2882 ag·

200 2926 286 2971 meu
312 2923 384 2968 non
408 2914 528 2966 totum
550 2903 694 2968 talium
718 2902 785 2977 (sed
810 2903 905 2966 etiam
928 2903 1055 2968 minoris
1077 2908 1260 2986 praestautiae

200 3015 232 3076 et
253 3010 442 3076 auctoritatis
464 3010 659 3088 hominumt
677 3006 748 3072 God.
778 3007 876 3073 Gueli.
900 3011 1025 3073 toturn
1048 3028 1091 3074 ac
1115 3012 1260 3076 talium.

299 3116 354 3197 Ep.
380 3115 447 3187 109,
472 3116 510 3178 4:
555 3116 683 3179 Malus
720 3113 822 3178 mato
861 3116 994 3186 constr
1032 3115 1137 3181 facit
1172 3136 1264 3200 quo·

199 3221 469 3305 quepeiorem
503 3222 779 3294 iram,¹metus
810 3219 1014 3284 incitando
1050 3223 1109 3285 oet.
1169 3223 1264 3287 Pravo

198 3327 321 3409 ponitur
344 3330 546 3411 quoquest
570 3326 636 3390 loco
658 3325 782 3408 etquod
806 3325 882 3389 nihil
905 3326 977 3389 novi
997 3326 1137 3400 additum
1159 3329 1263 3411 itaque

197 3433 268 3497 inde
291 3451 309 3497 a
331 3432 454 3498 Murato
485 3435 556 3497 ante
579 3431 890 3515 Schweighaeusemm
919 3431 1130 3496 omittebatur.
1191 3432 1267 3497 Cor·

196 3540 292 3605 rectio
314 3538 417 3604 mendi
449 3538 606 3621 pervagati
636 3537 800 3601 manifeste
831 3543 896 3601 est:
936 3539 1053 3602 uocet
1084 3536 1268 3622 facitque

196 3645 381 3726 peiorem.
429 3642 465 3706 In
489 3643 594 3708 eadem
619 3643 749 3724 epistola
770 3641 791 3728 ξ
812 3641 832 3715 8
854 3643 901 3716 (7)
926 3642 1071 3707 scribitur
1094 3644 1125 3706 in
1150 3644 1262 3708 codici·

196 3751 267 3814 bus:
312 3745 505 3833 Numquid
529 3751 699 3812 armatus
721 3747 848 3811 miles.
871 3748 1054 3829 quantum
1077 3748 1117 3812 in
1142 3750 1266 3814 aciem

196 3855 345 3920 exituro
368 3855 469 3920 satis
492 3858 569 3925 est,
600 3853 658 3916 uti
691 3853 862 3935 amplius
896 3871 1004 3918 arma
1037 3853 1269 3920 desiderati

196 3958 280 4036 Quod
316 3960 479 4025 manifesto
511 3960 655 4024 vitiosum
685 3960 742 4033 est,
764 3957 838 4030 uti,
870 3959 993 4032 tollunt,
1022 3960 1116 4024 nimis
1139 3960 1265 4043 simpli·
