2626 5070
386 807 397 825 v
427 784 432 794 .
465 739 584 796 Velleius
602 741 705 797 Petere.
971 676 985 706 Ι.
1020 691 1091 803 305.

51 944 121 1007 unte
143 959 214 1006 eam
237 932 412 1033 quietem
434 939 536 1005 dicere
557 916 690 1005 ue⁸non
713 923 1017 1022 precipitatum,
1052 956 1122 1008 oum

52 1047 225 1130 presertim
262 1047 394 1131 quiete
427 1064 525 1112 mors
562 1046 612 1111 uix
647 1045 758 1111 Latine
790 1046 969 1129 appelletur.
1013 1049 1121 1132 ltaque

54 1156 131 1219 reete
151 1153 302 1227 iudicent,
336 1151 389 1235 qui
406 1151 479 1217 'haee
496 1151 652 1217 ediectiva
686 1151 748 1218 olio
769 1150 904 1219 trahunt.
959 1154 1018 1218 Sed
1042 1155 1121 1238 quod
1221 1134 1227 1147 ’

56 1279 87 1325 ee
99 1259 241 1325 Krimins
250 1256 359 1324 referri
373 1259 444 1334 vult
454 1257 494 1323 ed
507 1243 682 1341 preeoedens
704 1275 789 1340 rep„
810 1256 843 1321 id
857 1258 1045 1342 interpositis
1060 1261 1121 1326 illis

56 1366 394 1448 eminuissentque
420 1365 504 1429 sine
526 1362 704 1447 periculo
726 1363 792 1427 fieri
815 1364 935 1447 nequit,
958 1385 993 1430 ae
1016 1387 1052 1431 ne
1080 1386 1121 1431 ea

57 1472 173 1556 quidem
197 1471 271 1553 post
302 1468 437 1552 quiete
469 1488 538 1534 oum
561 1469 665 1552 lipsio
696 1468 772 1533 sutis
805 1469 966 1536 commode
988 1473 1118 1538 additur.

58 1578 167 1643 lerum
190 1578 293 1661 ipsum
325 1573 569 1658 praeoipitatn
602 1593 662 1639 non
684 1572 767 1640 ¹reete
789 1576 975 1641 eontrarium
997 1579 1121 1661 ponitur

59 1685 198 1767 quietae
220 1683 316 1764 reip„
340 1680 541 1747 Scribendum
563 1684 650 1764 puto:
674 1680 807 1764 quieto
828 1681 892 1746 eut
923 1685 1026 1746 oerte
1051 1702 1119 1746 non

57 1788 253 1875 precipiti
286 1787 450 1853 ciuitate.
492 1773 640 1869 (Propter
676 1785 911 1853 similitudinem
947 1787 1119 1853 litterarum

1 1926 2 1968 f
61 1896 189 1985 cipiet
219 1893 301 1958 eivi—
328 1892 394 1958 duee
418 1911 508 1959 voees
540 1895 688 1958 trunootae
722 1893 910 1958 coaluerunt.
952 1894 1120 1959 Ciuitate

61 1999 256 2067 Ruhnkeniue
280 1997 420 2067 addebat.
444 2054 454 2062 ,.
965 2038 968 2043 -

150 2105 221 2171 Ibd.
245 2104 301 2183 68,
326 2105 357 2166 l:
392 2105 448 2182 (M.
472 2103 597 2185 Coelius]
620 2124 701 2171 oum
726 2104 764 2170 in
795 2103 948 2170 modica
969 2105 1118 2189 quidem

5 2269 6 2272 ,
63 2212 202 2278 servari
236 2215 368 2292 posset
404 2209 554 2294 (quippe
580 2211 689 2295 peior
709 2210 774 2276 illi
810 2228 869 2274 res
904 2210 1119 2279 familiaris

65 2335 158 2400 quem
184 2329 291 2382 meus
313 2317 421 2395 eret),
450 2316 674 2410 innpraeture
694 2334 875 2381 nouorum
897 2302 1118 2386 tabularum

65 2421 371 2510 suetor·extitit.
423 2420 579 2487 Orationis
614 2421 715 2487 formo
746 2424 831 2487 certa
863 2425 925 2487 eet:
960 2444 1041 2489 eum
1075 2447 1118 2491 ne

64 2526 91 2593 in
113 2528 261 2597 modies
283 2526 436 2610 quidem
463 2527 482 2566 *
503 2528 654 2608 servari
674 2530 815 2610 posset.
865 2527 952 2607 Quod
974 2531 1119 2597 substen-

64 2633 149 2700 timm
173 2632 331 2706 exciderit,
368 2635 399 2723 et
432 2632 601 2699 similitudo
634 2634 806 2698 litterarum
830 2636 862 2697 et
883 2637 1118 2721 resbmenifesto

63 2740 202 2806 ostendit:
236 2758 279 2804 ne
301 2739 339 2803 in
360 2738 508 2804 modica
530 2738 683 2824 quidem
698 2738 784 2823 fide
807 2742 955 2805 servari
977 2749 1116 2823 posset.

62 2843 183 2914 dtiamsi
204 2866 268 2912 non
289 2846 381 2928 pleno
403 2848 435 2910 et
467 2845 588 2929 integre
622 2847 797 2910 seruaretur
828 2829 1024 2928 pecuniarum
1052 2868 1118 2914 ore-

10 2966 11 3028 ]
61 2941 185 3018 diturum
219 2951 307 3030 fides,
343 2950 398 3017 sed
434 2950 555 3039 tantum
578 2949 699 3016 modion
722 2953 768 3031 (ot
801 2951 925 3024 solutio,
945 2953 1118 3018 differretur

10 3067 11 3115 ξ
62 3057 206 3123 similione
228 3058 444 3135 tentarentur),
478 3057 591 3121 serrari
614 3055 726 3120 dolius
757 3076 816 3122 non
847 3059 981 3141 poterut;
1013 3058 1117 3142 itaque

61 3160 143 3229 fidem
166 3165 206 3229 de
227 3163 294 3229 foro
317 3162 424 3228 tollere
446 3181 569 3227 omnem
592 3163 719 3227 conatus
742 3165 798 3228 est.
859 3163 977 3227 Deinde
998 3184 1064 3249 quae
1086 3166 1116 3229 in

60 3267 153 3335 o‘odioe
180 3270 226 3334 sio
255 3268 442 3334 scribuntur:
481 3268 606 3360 eeeito
643 3268 762 3334 etiam
800 3266 945 3333 Milone
968 3271 1116 3349 Annio,

59 3378 127 3457 qui,
150 3395 226 3441 non
249 3375 458 3457 impetrato
480 3371 626 3448 reditu,
662 3373 828 3438 Iulianis
855 3374 1033 3456 pertibus
1055 3376 1116 3458 in-

58 3481 175 3548 festus
199 3483 298 3559 eret,
320 3480 357 3544 in
379 3479 471 3554 urbe
505 3479 739 3545 seditionem
772 3477 873 3543 hau'd
898 3481 1022 3564 magis
1054 3500 1118 3547 oo-

59 3588 153 3655 eulte
189 3587 374 3654 bellinum
414 3586 620 3667 tumultum
653 3596 820 3663 movens,
864 3586 984 3669 primo
1016 3606 1116 3652 snm·

57 3697 181 3758 motus
212 3711 232 3756 a
267 3710 357 3777 rep„
405 3693 449 3758 sio
487 3693 562 3776 puto
591 3692 705 3765 multo,
738 3710 830 3774 qnam
852 3690 980 3775 *foetum
1017 3696 1064 3758 est
1099 3713 1117 3758 a

59 3798 215 3881 plerisque,
237 3796 336 3863 lenius
359 3787 552 3882 corrigenda:
585 3799 713 3864 eooito
734 3796 849 3861 etiarn
872 3796 1015 3863 Milone
1037 3802 1116 3863 Au·

59 3904 128 3978 oio,
151 3904 217 3989 qui
324 3903 497 3970 infe-stus
520 3906 625 3982 erut,
649 3902 855 3976 inertem,
879 3900 1115 3969 seditionem

60 4030 92 4072 uo
111 4011 239 4095 magis
262 4003 414 4076 occulte
435 4010 618 4076 bellicum
640 4007 847 4074 tumultum
868 4026 1032 4084 movens,
1055 4013 1116 4079 oet

60 4111 207 4182 Postremo
239 4115 260 4203 ξ
290 4115 497 4200 ugeminatis
531 4115 647 4180 duobus
678 4112 791 4179 litteris
822 4113 1016 4179 scribendum
1051 4120 1137 4182 estz.

62 4217 97 4280 lu
131 4223 286 4308 inoepto
326 4222 410 4304 peri
453 4223 593 4288 similis
634 4221 788 4285 fortuna
822 4220 982 4286 Milonis
1023 4222 1114 4297 fuit,

10 4356 11 4361 ¹
63 4330 188 4405 quamuis
210 4329 350 4394 Kritzius
372 4329 505 4413 ignorari
526 4327 588 4392 nim
612 4327 816 4391 ablotiuornm
841 4325 932 4390 dieat.

148 4434 214 4499 Ibd.
239 4435 291 4513 75,
315 4435 348 4499 1:
365 4435 424 4507 Ti.
447 4432 635 4498 Claudius
656 4431 765 4510 Nero,
875 4433 927 4497 Ti.
951 4432 1113 4504 Caeseris

65 4540 173 4617 pater,
209 4541 335 4625 magni
373 4539 430 4604 uir
464 4540 579 4604 enimi
616 4534 917 4622 doetis'simiq'ue
954 4542 1112 4627 ingenii.

105 4642 207 4680 unomen
219 4649 298 4683 nm...
310 4647 360 4680 cm.
382 4647 405 4680 u.
879 4655 912 4698 20
