2656 5056
390 725 395 733 ,
453 678 592 735 Ciceronis
611 677 745 747 epistole.
1031 677 1088 743 171

55 876 126 939 est
157 872 335 954 firmius,
368 874 401 940 id
433 876 491 955 est,
523 894 585 941 una
617 875 755 941 detracto
786 873 891 940 littera
927 875 1133 958 restitutoque

56 978 218 1046 scribendi
241 980 438 1065 compendior
460 980 515 1046 SC
537 983 675 1058 (senatus
694 981 843 1060 consulto,
866 998 925 1065 quo
946 981 988 1059 id,
1012 980 1093 1064 quod
1115 1000 1133 1046 a

56 1083 172 1152 cludo
194 1085 293 1152 letum
316 1087 407 1166 esset,
430 1085 626 1173 privilegium
647 1086 835 1154 indicaretur
855 1087 1038 1170 irritumque
1064 1105 1131 1154 esse

56 1190 233 1269 iuberetur)
263 1191 325 1258 est
353 1191 514 1259 firmius
542 1193 656 1278 (legem
679 1192 844 1277 abrogari).
890 1193 1001 1259 Pusilli
1022 1193 1132 1260 erroris

55 1298 209 1364 correctio
237 1297 332 1364 simul
356 1297 597 1366 admonitionem
620 1299 721 1380 habet,
745 1319 837 1384 quem
860 1299 1065 1366 insistendum
1091 1298 1133 1363 sit

54 1404 176 1470 codicis
196 1404 330 1471 Medicei
351 1405 499 1489 vestigiis.

62 1561 66 1571 ι
164 1521 242 1588 ibid.
275 1524 334 1602 lv,
372 1524 407 1602 1,
442 1524 477 1588 1:
532 1542 749 1609 cognoram
791 1525 911 1601 enim,
955 1527 997 1589 ut
1039 1541 1131 1589 uere

59 1627 254 1705 scribam,
288 1629 327 1694 te
360 1629 398 1693 in
434 1629 625 1696 consiliis
653 1629 752 1695 mihi
781 1629 925 1696 dandis
950 1647 1021 1695 nee
1048 1629 1131 1695 for·

57 1734 211 1800 tierem
240 1753 311 1800 nec
336 1734 643 1817 prudentiorem
673 1754 787 1819 qnam
816 1753 873 1800 me
901 1734 1033 1820 ipsum
1060 1755 1132 1801 nec

55 1839 184 1906 etiam
206 1841 373 1923 propter
394 1859 517 1906 meam
539 1828 631 1906 inte
648 1841 1131 1907 observantiemnimium

56 1947 98 2040 in
122 1945 311 2012 custodia
333 1947 485 2014 salutis
507 1965 600 2013 meae
619 1945 1130 2030 diligentem‚enndemque

59 2053 117 2130 te,
151 2052 217 2136 qui
252 2051 394 2135 primia
425 2054 678 2137 temporibus
712 2053 863 2119 erroris
897 2051 1029 2117 nostri
1061 2052 1132 2117 aut

56 2159 199 2241 potius
220 2159 372 2224 turoris
394 2159 604 2244 particeps
631 2163 670 2225 et
692 2160 789 2225 falsi
811 2158 974 2225 timoris
996 2155 1130 2222 socius

57 2263 234 2343 fuisses,
253 2265 519 2331 acerbissime
541 2264 761 2330 discidium
782 2252 964 2331 nostrum
987 2262 1130 2329 tulisse

55 2371 121 2435 cet.
164 2370 283 2436 Omitto
304 2371 458 2438 infelicem
473 2371 641 2436 Hotmanni
657 2373 874 2450 coniecturam,
897 2390 989 2455 quam
1007 2371 1130 2435 secutus

61 2477 205 2542 Baiterus
236 2495 294 2542 me
325 2497 381 2562 pro
414 2496 488 2542 nee
521 2477 655 2560 scripsit.
711 2479 842 2545 Prorsus
869 2477 937 2543 fieri
958 2478 1073 2560 nequit,
1096 2478 1131 2540 ut
1250 2518 1259 2527 -

55 2583 222 2648 interduo
245 2584 407 2662 contrarie,
430 2603 497 2667 quae
521 2583 551 2648 in
576 2583 673 2649 Attici
694 2603 826 2668 persona
847 2585 993 2650 notantur
1015 2587 1069 2660 (te
1090 2582 1130 2646 in

56 2689 257 2756 consiliis
289 2691 347 2756 cet.
381 2694 413 2755 et
445 2689 693 2772 eundemque
726 2694 765 2755 te
797 2693 882 2768 cet),
917 2689 1130 2774 interponatur

58 2794 190 2879 aliquid,
221 2796 302 2880 qnod
331 2795 372 2862 ad
393 2796 573 2863 ciceronem
593 2793 697 2877 ipsum
719 2795 889 2876 pertineat;
919 2795 995 2879 quid
1017 2793 1128 2861 deinde

57 2902 217 2969 coniuncti
250 2902 366 2968 habent
398 2902 552 2968 Ciceronis
585 2901 617 2965 in
649 2898 795 2966 Atticum.
823 2900 1017 2968 observantia
1046 2903 1078 2966 et
1099 2901 1130 2964 in

58 3027 126 3074 suae
148 3009 258 3075 salutis
280 3009 421 3075 custodia
442 3007 630 3092 diligentia?
659 3004 772 3072 Verum
796 3026 855 3073 non
878 3009 980 3072 minns
1002 3025 1130 3089 pravum

58 3116 117 3195 est,
141 3116 282 3181 Atticum
304 3116 429 3199 propter
458 3113 612 3179 Ciceronis
643 3113 676 3177 in
708 3132 741 3178 se
773 3112 998 3180 observantiam
1028 3113 1130 3177 minus

57 3222 244 3306 diligentem
265 3222 360 3287 fuisse
382 3220 414 3285 in
437 3220 503 3285 eius
525 3219 634 3285 salutis
657 3219 805 3286 custodia.
841 3221 971 3286 Etiamsi
994 3218 1131 3284 violenta

58 3328 232 3394 mutatione
254 3328 371 3394 scribes
392 3346 461 3409 pro
483 3326 695 3410 preterita
717 3345 799 3391 mea
821 3326 860 3390 in
882 3328 922 3392 te
944 3323 1130 3404 obs.‚nihil

55 3433 212 3501 efficiatur
233 3433 293 3500 nisi
314 3434 491 3516 importuna
512 3433 545 3497 et
566 3431 673 3497 odiosa
699 3433 795 3498 Attici
818 3431 1022 3516 reprehensio,
1046 3432 1130 3515 quod

57 3560 120 3607 non
143 3540 221 3607 satis
243 3539 446 3606 observantie
469 3537 624 3604 Ciceronis
652 3538 855 3620 responderit.
910 3537 992 3619 Quid
1015 3538 1131 3613 Cicero,

54 3666 121 3732 qno
153 3648 219 3713 erat
251 3647 319 3711 tum
351 3644 446 3711 animi
479 3645 602 3723 affectu,
635 3643 816 3710 timiditatis
849 3664 913 3710 sure
943 3646 1065 3730 culpem
1095 3665 1131 3709 er

58 3754 165 3837 aliqua
197 3752 286 3835 parte
318 3752 351 3816 in
385 3750 502 3815 amieos
533 3751 728 3828 transferens,
752 3749 881 3815 senserit
903 3751 1131 3834 scripseritque,

57 3861 188 3943 apparet
211 3878 247 3925 ex
268 3857 341 3925 libri
363 3856 447 3923 tertii
469 3846 521 3939 ep.¹
542 3856 590 3936 15,
618 3858 648 3936 4,
678 3856 732 3922 ubi
753 3855 869 3937 Cicero,
900 3861 936 3922 ut
962 3856 993 3920 in
1025 3858 1131 3922 Attico

57 3985 169 4052 parum
200 3963 260 4031 sibi
292 3963 415 4031 consilii
448 3965 494 4029 et
514 3962 618 4029 auxilii
651 3963 747 4041 fuisse
778 3964 865 4047 queri
891 3962 1001 4047 possit,
1034 3963 1131 4046 culpae

56 4076 178 4157 partem
202 4071 235 4136 in
257 4090 290 4136 se
312 4070 470 4148 transfert,
488 4069 568 4153 quod
587 4071 680 4136 antea
700 4088 761 4136 non
782 4070 860 4136 satis
882 4070 1023 4137 Atticum
1045 4069 1131 4134 colu-

55 4177 130 4244 erit.
169 4179 287 4262 ¹Itaque
317 4175 376 4243 hoc
403 4194 523 4260 queque
545 4177 610 4242 loco
632 4177 678 4242 sic
698 4177 879 4258 scripserat:
913 4194 1130 4258 cognoram

56 4284 180 4361 enirn,
217 4284 260 4347 nt
294 4301 386 4348 vere
422 4281 613 4363 scribam,
650 4284 687 4348 te
729 4282 769 4347 in
805 4281 999 4349 consiliis
1035 4282 1130 4347 mihi

59 4389 207 4455 dandis
239 4407 310 4455 nec
342 4389 556 4455 fortiorem
584 4408 655 4455 nec
681 4389 990 4471 prudentiorem
1018 4409 1129 4472 quam

56 4514 116 4562 me
149 4494 279 4580 ipsum
308 4513 394 4575 nec,
426 4495 549 4561 etiam
576 4498 744 4579 propter
773 4515 895 4562 meam
917 4495 957 4560 iu
981 4497 1019 4562 te
1042 4494 1131 4562 inob-
