2648 5084
537 692 649 748 Nonius
1026 691 1087 754 655

60 895 270 960 Scribeudum
303 874 423 974 opinor:
488 902 525 954 ar
556 891 616 956 hic
652 891 841 975 inquietat
876 912 1031 979 gregem
1066 913 1129 958 ra·

60 1002 261 1069 bularum.

168 1107 203 1172 P.
226 1105 267 1169 36
288 1105 424 1182 (collare)
444 1103 578 1169 Lucilius
600 1104 652 1169 lib.
674 1102 797 1168 XXIX:

106 1215 187 1279 Cum
210 1212 348 1288 manicis,
369 1212 470 1277 catulo
490 1210 653 1293 collariquo
674 1215 709 1274 ut
732 1210 895 1294 fugitivum

104 1320 278 1401 deportem.
443 1334 444 1337 ’
822 1315 886 1380 Scr.

106 1425 187 1490 Cum
211 1422 340 1489 manicis
365 1419 686 1507 carulnmcollarique
709 1426 743 1488 ut
763 1422 928 1507 fugitivum

104 1533 275 1615 deportem.
679 1563 680 1568 =
782 1520 786 1531 '

139 1624 142 1628 ’
268 1637 339 1717 (hoc
361 1640 418 1708 est,
439 1636 475 1700 ut
497 1636 632 1700 catulum
656 1634 857 1720 fugitivum)

166 1745 201 1808 P.
224 1742 414 1823 bitinicus)
436 1742 561 1807 Varro
583 1738 662 1814 ὄνος
684 1735 804 1825 le'pac:
828 1744 948 1808 Voces
969 1741 1129 1824 Amphi·

59 1871 173 1919 onem
196 1848 419 1934 tragedum3
442 1847 576 1913 iubeas
598 1847 825 1931 Amphionis
847 1867 960 1932 agere
983 1850 1128 1932 partem

48 1957 321 2031 ‚intentiorem
353 1973 460 2038 quam
493 1972 599 2018 meus
631 1959 690 2019 cst
721 1941 849 2020 mulio.
893 1954 985 2020 Scrib.
1009 1953 1128 2018 Voces

60 2062 303 2141 Ambivium
368 2045 501 2126 iubeas
545 2060 777 2144 Amphionis
822 2079 938 2145 ngare
981 2063 1127 2143 partes;

57 2170 255 2233 infantior
287 2167 373 2240 erit,
417 2186 524 2262 quam
558 2186 659 2232 meus
693 2170 752 2232 est
785 2167 911 2233 mulio.
966 2165 1127 2230 Ambivius

60 2273 178 2356 Turpio
205 2271 368 2339 comoedus'
389 2273 428 2338 ad
460 2273 642 2358 tragoediam
675 2274 825 2358 agendam
847 2274 1005 2345 traductus
1027 2271 1128 2337 insane

35 2380 244 2462 reperietur.
288 2378 508 2464 Tragoedum
535 2383 589 2445 aut
617 2401 636 2445 s
663 2399 755 2463 prave
784 2380 946 2463 explicanti
972 2379 1126 2468 adiectum

61 2490 113 2551 est
145 2488 201 2549 aut
231 2503 285 2567 pro
318 2485 524 2550 comoedum
558 2485 653 2550 simili
687 2506 787 2552 errore
808 2486 1020 2559 substitutum,
1057 2505 1127 2550 cum

59 2593 225 2676 appareret
246 2588 283 2655 de
304 2590 453 2676 tragedia
474 2591 534 2675 agi.
571 2590 643 2667 (Cir.
667 2612 695 2674 p.
718 2592 757 2654 87
781 2592 1043 2677 cognominis.)
1076 2664 1077 2667 Ἴ

166 2697 200 2762 Ρ.
223 2697 261 2759 61
285 2703 409 2780 (porcae)
432 2698 568 2763 Attius
590 2698 841 2783 Parcrgorum
864 2700 930 2764 lib.
957 2701 990 2762 l:
1023 2696 1127 2763 Beue

60 2804 278 2887 proscissus
323 2800 563 2887 cossigersre
605 2802 741 2868 ordine
783 2824 930 2888 porcas,
979 2804 1127 2870 bidenti

59 2911 163 2974 ferro
188 2913 314 2974 rectas
337 2907 511 2974 diribere.
548 2908 634 2974 Nihil
656 2910 780 2975 subesse
804 2915 876 2992 puto
897 2911 956 2975 nisi
979 2912 1127 2994 coneip-

58 3036 159 3077 nare
181 3017 226 3092 (ot
247 3018 375 3093 notare).

163 3121 197 3185 P.
222 3120 260 3182 67
284 3121 467 3204 (proletarii)
490 3120 644 3187 Cassius
666 3122 828 3207 Hemina
848 3124 978 3203 anuali
1002 3124 1066 3189 lib.
1090 3124 1123 3188 ll
1204 3186 1205 3189 ,

57 3226 167 3309 (scrib.
198 3228 333 3292 annali
366 3227 442 3310 Ill:
486 3227 588 3292 Tunc
632 3228 783 3294 Marcus
825 3249 945 3311 praeco
981 3231 1125 3315 primus

56 3334 299 3420 proletarios
321 3335 499 3398 armavit.
530 3334 625 3398 scrib.
641 3334 734 3399 Tum
753 3335 786 3400 (l.
802 3335 978 3402 Marcius
996 3338 1125 3422 pretio

56 3441 230 3523 (praetio)
253 3442 401 3523 primus
429 3441 664 3523 proletarios
691 3442 868 3508 armarit.
912 3443 979 3510 Nisi
1002 3447 1124 3527 tempus

56 3547 158 3613 Cassii
182 3547 320 3613 Heminae
345 3548 495 3622 obstaret,
517 3547 708 3614 scribendum
734 3553 799 3615 erat
820 3568 889 3614 cum
912 3549 1124 3616 Freinshemio

55 3655 90 3720 C.
116 3653 279 3730 Marius;
303 3652 477 3729 videndum,
499 3672 537 3719 na
552 3653 721 3720 exciderint
741 3657 887 3721 nonnulla
901 3660 934 3722 et
947 3657 1013 3721 haec
1033 3658 1125 3722 rerba
1240 3708 1242 3712 .

56 3762 149 3837 alius,
172 3779 229 3825 uon
252 3760 351 3826 Cassii
373 3760 513 3824 Heminae
535 3760 606 3825 siut.

48 3951 55 3964 .
160 3868 194 3932 P.
218 3867 258 3929 70
280 3854 460 3948 (aurigatur)
506 3866 624 3930 Varro
658 3865 803 3932 Medio:
847 3830 1124 3951 Asssprinum,

55 3993 145 4040 asse
174 3973 490 4055 pulmentarium,
526 3972 716 4038 secundas
746 3985 816 4056 quo
849 3977 989 4040 natura
1020 3978 1122 4042 auri·

54 4085 186 4164 gutur,
220 4096 291 4143 uon
322 4079 581 4145 necessitudo.
646 4077 709 4144 Sor.
733 4081 899 4145 secunda
922 4100 1034 4163 quum
1068 4085 1124 4160 (sic

87 4429 107 4493 ¹>
127 4429 159 4483 Pl
177 4430 212 4482 46
231 4432 328 4498 (syrus)
349 4430 452 4484 Nouius
469 4430 588 4499 scripsit:
627 4431 693 4486 Has
718 4450 776 4486 uos
802 4433 939 4489 scrobes
967 4437 1122 4500 (nosscu-

125 4529 214 4592 pas)‚
243 4523 370 4577 rustici
390 4523 500 4577 Graeco
518 4528 581 4588 (nou
601 4537 649 4591 eo)
669 4527 804 4580 nornine
823 4527 1122 4610 sirusgppelluut.
