2648 5084
534 734 647 791 Nonius.
1020 733 1078 797 661

144 932 348 999 Consternare
370 932 480 997 animae
503 953 538 998 es
560 934 683 1016 pectore
704 931 761 997 hac
785 936 816 998 et
837 933 958 1000 volvero

145 1038 314 1104 Consilium
337 1038 420 1103 subit
441 1057 546 1103 omnes
570 1037 649 1120 quod
672 1036 784 1103 daneta
805 1035 975 1118 est'modo

145 1143 205 1225 Qui
227 1146 315 1227 pacto
337 1144 470 1209 inimicis
492 1148 622 1210 mortem
646 1148 678 1209 et
698 1144 770 1209 huic
790 1145 885 1210 vitam
910 1146 1029 1213 efferas.

263 1239 480 1316 Scribendum:

144 1354 343 1434 Confirmata,
365 1357 477 1430 anime,
500 1374 535 1422 ex
557 1359 679 1438 pectore
700 1353 778 1420 aude
801 1356 938 1421 evolvere

145 1463 307 1528 consilinm
330 1462 471 1540 cubitum,
493 1482 541 1524 reo
564 1461 646 1546 qaod
666 1465 757 1526 enata
779 1466 828 1527 est
848 1463 951 1539 modo,

147 1570 197 1651 qni
219 1574 307 1652 pacto
329 1569 460 1635 inimicis
484 1572 616 1636 mortem
639 1572 671 1633 ot
693 1569 763 1634 huic
785 1569 880 1663 uitam
902 1569 1020 1635 afferas.

162 1676 196 1742 P.
211 1674 273 1739 270
286 1675 475 1752 (concedere)
498 1675 683 1740 Lucilius
706 1674 769 1739 lib.
792 1673 950 1740 XXVII:
973 1675 1013 1738 In
1036 1693 1125 1739 con-

52 1780 196 1847 cedere
218 1801 328 1849 unum
350 1787 463 1865 atque
484 1782 522 1846 in
546 1799 586 1845 eo
610 1780 699 1845 dare
721 1799 793 1863 qno
815 1785 1024 1864 superatus
1047 1800 1126 1846 ma·

51 1907 141 1954 nus.
187 1887 280 1954 Sorib.

706 1993 742 2056 Id
765 1992 926 2059 concedere

44 2120 47 2124 ·
147 2097 249 2164 Unum
271 2103 363 2183 atque
385 2100 416 2164 in
440 2119 476 2165 eo
497 2100 570 2164 dare
593 2119 668 2183 queo
689 2100 850 2180 superatus
871 2118 990 2164 manns.

162 2205 197 2270 P.
220 2204 279 2268 276
303 2206 474 2282 (damnare)
496 2206 672 2272 Lucilius
694 2205 800 2272 satir.
823 2205 977 2275 lihXI:
1086 2246 1090 2252 Δ

140 2311 263 2376 Cassiu'
285 2310 381 2378 Gaius
402 2312 453 2377 hic
474 2312 632 2395 opererio,
655 2330 745 2394 quern
767 2310 976 2395 Cephalonem

146 2416 270 2481 dicimn'
293 2421 452 2491 sectorem,
474 2417 660 2501 Furinmque
682 2418 763 2484 hunc
784 2417 903 2484 Tullius
924 2437 1015 2502 quem

147 2521 240 2586 Index
262 2521 501 2588 heredem'facit
524 2526 555 2588 et
577 2521 713 2589 damnati
735 2525 788 2589 alii
809 2543 926 2591 omnes.

53 2628 219 2695 Adhibitis
242 2628 370 2694 ahorum
393 2629 574 2694 coniecturis
597 2628 678 2693 effici
700 2627 804 2695 debet:

148 2733 265 2800 Cossiu’
288 2734 384 2801 Gaius
405 2733 455 2799 hic
475 2735 634 2816 operantu,
657 2753 746 2818 quem
775 2733 977 2819 Cephalensis

113 2837 117 2844 ’
147 2840 272 2905 dicimn'
295 2843 445 2905 sectorem
468 2838 640 2924 furemquo;
654 2840 743 2921 ,hunc
767 2840 898 2917 Tullius,
919 2840 1053 2924 inquam,

148 2945 240 3011 Index
262 2944 405 3010 heredem
427 2945 512 3021 facit,
535 2946 736 3011 at'dcmnant
757 2948 810 3012 alii
833 2964 949 3013 omnes.

59 3055 259 3136 Quemquam
280 3053 410 3118 fortasse
432 3051 544 3117 rectius
566 3053 640 3116 erit:

465 3158 634 3241 furemque,
658 3158 716 3234 hic,
739 3158 868 3236 Tullius,
890 3159 1026 3241 inquam,

148 3265 246 3344 Quem
268 3263 362 3329 Index
386 3264 528 3328 heredem
552 3264 635 3339 tacit,
660 3266 694 3329 at
715 3263 862 3330 damnent
883 3265 937 3331 alii
959 3282 1073 3330 omnes.

60 3371 255 3454 Cephaleniae
293 3370 522 3455 (Cephallenia)
558 3369 675 3438 incolas
711 3376 874 3438 vexaverat
906 3371 1029 3438 Cassius
1062 3372 1126 3437 sive

59 3476 244 3563 publicanus
267 3476 331 3541 sire
352 3477 505 3542 fenerator
526 3476 590 3542 sive
611 3475 771 3559 praefcctus
793 3474 962 3560 legatusue.

152 3581 200 3660 ,R
223 3581 284 3644 294
318 3581 471 3656 (eradere)
515 3581 677 3648 Sisenna
698 3581 949 3648 historiarum
973 3584 1036 3649 lib.
1059 3571 1129 3649 lVi

60 3687 209 3753 Cohors
246 3706 319 3752 una
357 3689 500 3772 passim
534 3689 741 3763 concitata,
784 3706 854 3770 qna
876 3707 1003 3755 murus
1045 3690 1128 3754 erat

59 3795 319 3876 interruptus,
342 3794 480 3860 eradit
506 3794 660 3877 Scriptum
671 3793 772 3858 fuerat
787 3812 907 3877 porro
930 3795 1125 3874 concitato,

62 3899 125 3966 etsi
158 3918 295 3981 passus
326 3919 381 3984 pro
413 3901 534 3985 gradu
567 3899 666 3986 mame
694 3897 775 3983 apud
801 3903 907 3984 poetas
930 3901 960 3965 in
983 3920 1040 3966 usu
1063 3903 1125 3980 est;

61 4006 180 4073 Ennius
203 4006 322 4072 celeri
343 4026 458 4090 passu
480 4007 563 4072 dixit.
807 4061 809 4065 ,

165 4112 199 4176 Ρ.
223 4110 284 4174 304
312 4113 425 4190 (factio)
469 4111 648 4177 (iaecilius
670 4110 798 4177 filium
830 4113 866 4177 in
888 4114 970 4178 alta
995 4129 1126 4178 eorum

62 4221 202 4285 famam
237 4219 463 4284 occultabat
494 4217 622 4282 factio.
678 4217 723 4281 Er
745 4217 858 4284 litteris
890 4218 1017 4283 filium
1049 4219 1126 4283 inc

63 4328 162 4399 eruto,
195 4324 276 4408 quod
308 4323 426 4407 pridem
458 4324 623 4390 Mercarius
657 4324 826 4400 invenerat,
860 4324 970 4390 tabulae
1005 4325 1125 4390 nomine

62 4431 306 4509 Philumena,
350 4449 385 4495 er
407 4428 462 4494 lta
484 4448 611 4494 eorum
638 4429 824 4522 rehquisque
846 4429 1039 4497 efficiendum
1062 4435 1125 4497 est:

266 4534 454 4598 Facinorum
475 4537 589 4601 samam
611 4535 785 4602 occultabat
805 4535 906 4604 factio·
