2662 5046
78 330 82 338 Α
214 297 277 360 220
572 292 633 349 nn.
651 291 714 347 vu.
734 291 801 360 cup.
815 288 853 346 u

173 493 268 558 Iactet
289 490 384 575 igitur
414 489 448 554 in
478 488 541 554 illie
570 489 615 555 rei
643 488 773 554 alicuine
805 488 846 553 ud
866 479 1144 568 trunepertutienie
1165 476 1250 542 illiue

174 596 343 681 irucgiuem
365 595 546 678 pertinentis
556 588 1156 680 significeticiiererbieecmprehenen,
1183 601 1251 666 qne

177 702 302 768 librario
333 719 466 767 errorem
498 701 672 766 obiecerint.
733 698 868 782 opinor,
906 698 943 762 nt
973 695 1007 759 in
1042 711 1079 757 re
1117 688 1251 760 incerte»

175 806 289 873 uiue:
310 828 470 869 curruca
490 805 747 870 convolabant.

276 910 344 980 ibd.
369 910 425 978 64:
468 911 575 991 Quod
608 909 642 975 ei
675 928 746 975 nnn
775 908 935 987 liceret,
972 902 1183 969 audieram
1213 899 1254 963 et

176 1014 366 1099 legerem,
403 1015 653 1081 elurieeimoe
684 1017 829 1081 nnetree
860 999 1050 1079 civitatis
1076 1008 1187 1073 virne
1209 1021 1254 1068 ee

177 1119 216 1183 in
247 1118 395 1184 medion
433 1122 567 1186 hortus
603 1121 650 1186 ed
681 1121 936 1204 perspicuam
972 1115 1140 1181 mertem
1188 1125 1255 1192 pro

178 1224 310 1289 relute
332 1226 764 1293 exercitneiniecieee:
801 1243 871 1308 ege
896 1241 964 1306 pro
997 1221 1133 1287 eelnte
1165 1214 1256 1281 uni.-

178 1346 304 1394 vereae
324 1330 549 1414 reipublice
571 1331 790 1397 dubitarem
811 1330 886 1395 hnc
919 1327 1089 1392 meliore
1111 1319 1256 1388 condi-

179 1432 288 1499 cione
321 1453 406 1501 esee
439 1456 545 1519 quum
567 1438 694 1512 Decii,
731 1434 835 1520 qued
868 1435 928 1499 cet.
974 1431 1026 1498 Sic
1049 1428 1201 1494 Baiterue
1225 1426 1259 1489 et

180 1537 346 1622 Kayserne.
384 1540 566 1606 Pervereum
589 1538 810 1608 dubitarem
832 1539 995 1605 meliore
1018 1533 1258 1602 condicione

181 1661 279 1722 eree,
317 1646 406 1728 qnuei
436 1647 476 1719 ed
496 1647 555 1712 hoe
584 1646 656 1712 forti
677 1647 780 1711 animo
802 1663 879 1726 epus
902 1644 955 1720 sit,
977 1659 1165 1725 perversum
1189 1654 1258 1719 pro

180 1749 387 1830 republica
420 1770 503 1817 esee
538 1752 700 1817 meliore
736 1749 984 1816 condicione.
1028 1747 1130 1811 Recte
1160 1743 1259 1808 inter·

181 1857 352 1935 punxerunt
390 1855 576 1938 superiores,
611 1855 668 1922 sed
701 1856 814 1921 iniurie
838 1874 923 1921 esee
947 1852 1128 1919 emiserunt
1149 1849 1263 1913 contre

183 1956 314 2023 cedices.
358 1959 574 2026 scribendumt
608 1980 678 2043 ege
705 1979 774 2043 pre
797 1961 933 2026 salute
955 1959 1152 2023 nnivereae
1176 1953 1262 2018 rei-

182 2061 351 2142 publicu
392 2063 608 2131 dubitarem
642 2065 780 2144 (iniicere
817 2083 870 2130 me
901 2065 935 2129 in
957 2063 1080 2129 medice
1115 2059 1265 2134 hostem?

182 2165 464 2235 Huc-meliore
517 2167 741 2237 condicione
801 2190 920 2233 ccccm
966 2188 1080 2252 quam
1126 2163 1266 2238 Decii,

184 2270 282 2353 qnod
301 2272 365 2338 illi
386 2276 445 2339 cet.

281 2377 350 2446 ibd.
367 2378 425 2444 65:
448 2380 540 2448 (inte
562 2383 694 2447 fueret
716 2381 980 2464 proximustin
995 2397 1089 2464 quem
1101 2377 1267 2454 irrueree).

183 2478 284 2559 Quid
316 2501 453 2567 agerer
484 2504 558 2551 uon
594 2489 695 2560 crat,
733 2489 776 2551 ut
808 2488 874 2570 qui
910 2486 1050 2551 medus
1087 2482 1266 2548 moribus

182 2582 329 2660 iuerat,
364 2588 464 2654 idem
498 2593 609 2656 esset
639 2592 809 2657 iniuriae.
853 2592 983 2672 Quid?
1018 2607 1161 2674 posses
1206 2606 1268 2651 ex-

187 2688 342 2756 trudere
360 2692 404 2757 ed
417 2692 590 2777 Cypriam
605 2699 823 2779 pecuniam:
846 2697 974 2782 praede
987 2694 1169 2779 perierit;
1188 2692 1268 2757 elie

185 2808 255 2856 non
277 2792 417 2861 deerit:
442 2799 537 2863 hunc
563 2799 670 2867 modo
692 2802 878 2869 emender
899 2820 995 2868 esse
1054 2798 1267 2866 Scribendum

187 2893 232 2959 eie
253 2896 388 2964 ridetnrr
437 2899 545 2980 Quod
565 2924 715 2988 agerer,
735 2926 807 2973 non
831 2909 925 2986 erut,
956 2909 1013 2984 nt,
1047 2906 1113 2990 qui
1135 2903 1268 2967 laudis

184 2997 308 3062 recten
329 3002 473 3084 iuerat,
504 3008 602 3075 idem
626 3016 732 3078 esset
751 3013 916 3078 iniuriae.
972 3010 1074 3091 Quid
1107 3010 1269 3093 poenes?

185 3104 384 3172 extrudere
406 3110 450 3174 ed
473 3109 649 3196 Cyprium
670 3119 893 3200 pecuniam?
929 3115 1064 3181 Praede
1086 3114 1267 3200 perierit

186 3207 272 3273 Alie
303 3228 374 3276 nou
407 3213 544 3293 deerit3
577 3216 675 3283 tuuc
701 3199 808 3288 morit.)
830 3223 1090 3286 emundemur.
1135 3218 1202 3286 sic
1223 3219 1268 3286 M.

188 3309 362 3380 Deteret
419 3318 558 3388 Primum
579 3325 658 3391 nihil
688 3327 783 3392 tuisse
804 3326 918 3392 Cicerd
936 3326 1023 3400 dicit,
1061 3326 1148 3410 qnod
1169 3326 1270 3392 eusci·

185 3417 271 3491 neret
307 3420 340 3483 et
360 3427 522 3490 coneretur
544 3427 686 3503 Clodius,
721 3449 782 3514 que
807 3432 960 3508 ediceret,
993 3434 1049 3509 nt,
1087 3433 1143 3516 qui
1161 3431 1270 3521 lendin

187 3514 338 3586 Oicemnie
351 3529 451 3593 eucine
472 3531 590 3606 inisset.
611 3534 696 3599 idem
718 3537 805 3600 esset
824 3537 957 3602 iniuriae.
991 3537 1119 3602 Deinde
1153 3556 1192 3603 ex
1213 3554 1273 3601 eun

187 3630 447 3709 nouumquaeric
468 3635 621 3717 qnidtum
631 3639 910 3722 potneritciediue
924 3642 1029 3708 fecere
1052 3643 1159 3727 (quid
1182 3661 1273 3727 pes·

186 3722 270 3784 ⁸0⁸?
290 3734 437 3813 -qnid
458 3741 623 3820 poesim),
645 3746 679 3807 et
698 3746 866 3827 respondet
887 3747 1058 3813 tentando:
1104 3750 1211 3814 Exin.
1244 3766 1273 3812 n.

187 3817 221 3883 0·
242 3827 296 3905 Di
344 3832 424 3901 'ium
460 3840 600 3911 Clodium
636 3866 742 3913 recum
779 3853 1049 3919 sermocinantem
1088 3854 1216 3921 inducit
1242 3856 1278 3921 et

184 3926 348 3997 concilium
369 3943 552 4022 cupientem.
