2654 5010
395 649 534 704 Ciceronis
552 649 682 718 epistola.
971 649 1030 712 181

104 847 185 913 lbid.
210 847 260 926 16,
283 849 320 911 2:
342 847 450 926 Etsi,
472 865 547 930 quo
568 865 636 929 spe
657 845 922 930 proficiscar,
944 846 1073 925 rideo,

52 953 285 1037 niungoque
306 973 362 1019 me
385 972 467 1018 cum
491 953 649 1018 homine
678 953 806 1037 magis
836 951 882 1018 ad
903 953 1074 1018 vastan-

43 1060 401 1143 rmltaliamquam
418 1057 885 1142 advincondumparato.
909 1058 1072 1123 Domum

43 1185 117 1231 rem
149 1167 352 1248 exspecto.
400 1166 464 1231 Sub
492 1166 638 1231 extremis
665 1165 715 1231 his
742 1165 840 1231 latero
868 1165 988 1247 potest:
1010 1163 1072 1230 lio·

44 1290 123 1340 num
146 1271 274 1357 quidam
306 1276 506 1354 exspecto.
561 1272 760 1338 Snbeundnm
783 1271 843 1338 sibi
865 1270 996 1338 cacans
1018 1269 1072 1336 do·

43 1381 157 1444 natum
180 1378 285 1445 dicero
307 1378 463 1462 praeridet.

104 1567 183 1634 Ibid.
207 1568 263 1647 IX,
279 1570 308 1648 5,
324 1569 362 1634 3:
385 1587 455 1653 ego
477 1586 568 1634 voro
591 1568 669 1633 haeo
691 1567 837 1634 cilicia
858 1566 1074 1633 mercanda

47 1678 89 1740 ta
110 1679 216 1757 puto.
267 1674 440 1740 Mercari
462 1675 609 1741 oliioia
631 1693 729 1757 nequo
749 1676 825 1758 quid
847 1676 898 1751 sit,
920 1673 1071 1758 intelligo,

43 1780 97 1850 ,si
124 1779 157 1845 id
184 1780 348 1864 significat,
383 1781 463 1864 quod
496 1801 590 1846 unum
614 1779 788 1864 significare
810 1799 908 1863 ,posse
939 1779 1071 1856 ridetur,

43 1887 105 1954 ioia
119 1889 278 1970 tamquam
294 1906 427 1953 mercem
442 1887 578 1972 aliquam
591 1905 776 1968 comparare,
786 1886 1010 1953 alienissimum
1024 1887 1071 1949 ost

57 1994 204 2059 hocloco.
237 1994 273 2058 ln
288 1992 322 2057 M
337 1995 482 2060 scribitur
504 1993 678 2059 officiam
701 1992 735 2058 ei
757 1992 944 2072 candida,
960 2010 996 2056 ex
1011 2009 1070 2075 qno

43 2098 83 2165 ini
98 2099 222 2165 videtur
234 2100 290 2165 aut
304 2099 472 2185 pensanda
491 2102 545 2166 aut
567 2101 668 2182 potins
689 2098 908 2187 rependenda.
940 2099 1004 2182 (51
1023 2099 1072 2163 in·

44 2193 135 2272 iciter
156 2205 256 2271 Curtii
280 2225 390 2272 nornen
413 2206 535 2272 illatum
557 2207 620 2282 est3
642 2225 713 2272 nam
737 2225 835 2291 neque
850 2204 950 2272 Curtii
966 2204 1071 2270 nescio

43 2312 93 2377 ins
124 2314 283 2396 praeoipuae
316 2313 347 2377 in
377 2312 462 2379 curia
494 2315 596 2395 partes
619 2314 716 2391 erant,
746 2312 779 2377 et
804 2311 1003 2378 manifestum
1025 2313 1073 2376 ost

43 2438 169 2501 rumque
191 2419 317 2484 verbum
341 2419 446 2484 reterri
475 2418 515 2483 ad
543 2437 709 2501 pronomen
739 2420 818 2485 haec
845 2438 915 2485 oum
936 2416 1072 2501 pondere

43 2526 93 2592 itio
116 2525 262 2609 positum.
318 2525 400 2605 Quid
431 2524 529 2590 lateat
560 2525 592 2589 in
621 2526 735 2592 codicis
762 2525 797 2589 M
824 2527 976 2607 scriptura
1004 2542 1072 2589 cur

43 2652 103 2707 m,
126 2631 252 2698 difficile
274 2636 322 2698 est
344 2632 440 2712 dictu,
470 2632 553 2715 quod
579 2632 656 2697 nihil
679 2630 802 2697 omnino
824 2632 990 2715 requiritur
1011 2629 1071 2695 nisi

43 2758 76 2805 c:
99 2738 187 2804 Haec
219 2739 286 2821 qui
318 2739 356 2803 in
390 2756 473 2802 mea
505 2737 606 2802 villa
636 2758 709 2803 non
733 2739 875 2815 feram,
898 2739 935 2803 in
959 2736 1073 2801 curia

43 2845 145 2910 »tero
168 2845 354 2922 forr·o?)*)
778 2831 781 2837 ’

43 3054 236 3062 —-——

105 3184 295 3240 accessisse
313 3182 353 3238 ad
371 3183 498 3251 urbem,
517 3182 604 3251 quod
621 3182 699 3237 item
712 3187 764 3237 oet.
783 3181 894 3236 Baitero
909 3177 1071 3251 „illepidas“

105 3279 277 3333 coniecturas
306 3283 440 3332 annotare
469 3290 703 3345 supervacaneum
730 3275 818 3330 visum
844 3281 894 3330 est
941 3271 1071 3327 Profecto

103 3387 158 3425 non
173 3370 264 3440 lepide
282 3370 332 3438 vir,
350 3369 414 3424 dum
431 3369 510 3437 vixit,
527 3368 592 3423 mibi
610 3368 765 3438 peramioua
783 3366 922 3423 iudicarit.

55 3465 83 3532 *)
102 3463 154 3533 Ep.
174 3463 190 3518 'l
209 3465 242 3531 A,
262 3465 286 3532 l,
305 3463 351 3518 ubi
370 3462 468 3529 editur,
487 3459 713 3530 quemadmodum
740 3463 769 3516 iu
794 3460 852 3516 cod.
874 3460 905 3515 M
926 3459 961 3515 ab
984 3458 1073 3514 ultera

104 3573 188 3612 manu
206 3557 338 3626 scripturn
358 3562 413 3611 est:
431 3554 555 3610 Nedum
573 3555 738 3609 hominum
755 3554 940 3623 humilium,
958 3559 994 3609 ut
1012 3567 1072 3608 noa

104 3665 227 3718 sumus,
254 3649 313 3706 aed
336 3651 435 3706 etiam
458 3648 738 3719 amplissimorum
761 3647 907 3703 virorum
927 3646 1073 3703 consilia

103 3760 142 3799 ex
177 3749 299 3800 eventu
416 3759 433 3799 a
467 3742 638 3812 plerisque
673 3741 812 3811 probari
843 3741 967 3808 solent,
1004 3739 1071 3794 ferri

102 3836 213 3892 omnino
236 3850 295 3891 non
312 3843 406 3905 potest
427 3834 545 3890 nedum
562 3851 613 3905 pro
632 3851 697 3891 non
713 3833 808 3890 modo
828 3841 856 3890 et
875 3840 972 3889 contra
992 3847 1072 3886 usum

102 3937 131 3986 et
157 3936 254 3985 contra
280 3929 410 3999 originem
437 3927 561 3984 adverbii
587 3929 714 3998 positum,
741 3927 815 3997 quod
842 3926 876 3996 X,
904 3928 946 3994 16,
974 3925 992 3978 6
1014 3940 1072 3979 non

102 4023 192 4079 minua
218 4038 302 4092 praue
332 4028 361 4077 et
387 4028 485 4077 contra
514 4022 635 4077 codicem
664 4021 738 4076 Med,
768 4020 901 4091 scriptum
932 4019 1072 4074 Manutius

103 4121 132 4171 et
150 4115 299 4171 Lambinus
317 4120 509 4184 correxerunt3
528 4113 575 4170 sed
595 4114 619 4168 si
637 4113 785 4170 attenderis
803 4114 850 4169 hic
861 4113 977 4181 antiqua
988 4127 1072 4166 manu

102 4226 158 4265 non
176 4208 257 4264 modo
280 4208 368 4279 prima
394 4207 478 4264 rerba
505 4209 545 4263 sic
570 4206 666 4263 scribi:
696 4207 812 4262 Cicero
840 4222 943 4261 meum
969 4219 1072 4259 meum

101 4302 281 4371 hominum,
300 4301 349 4357 aed
367 4301 456 4356 omitti
474 4301 557 4356 etiam
575 4299 701 4369 solent,
719 4299 800 4355 facile
818 4298 963 4370 apparebit
983 4302 1072 4353 toturn

103 4396 228 4466 epistolae
246 4395 352 4450 initium
371 4400 530 4465 corruptum
548 4408 609 4448 esse
628 4408 680 4448 nec
703 4393 785 4449 unius
808 4394 882 4449 uocis
901 4392 1073 4448 correctione

102 4488 213 4544 restitui
232 4505 322 4559 posse.
352 4489 453 4545 Forma
470 4487 524 4542 loci
541 4485 697 4541 huiusmodi
708 4485 794 4542 fuisse
807 4485 927 4542 videtur:
947 4473 1077 4541 Balbus
