2678 5016
394 705 396 708 .
527 651 647 708 Ovidius.
1041 658 1085 722 9⁴1⁴

198 848 255 914 Itst
273 847 353 912 mihi
374 849 485 931 sitque,
508 866 623 931 precor,
644 849 732 916 flavae
752 852 850 918 tutele
865 852 1023 940 Minorvm
1125 863 1127 865 ’

195 970 198 973 ·
240 953 328 1020 naris
352 955 384 1018 et
404 971 423 1017 a
440 955 525 1036 picta
547 954 666 1021 casside
688 972 797 1022 nomen
817 957 919 1026 habet.

157 1059 222 1124 ibo.
244 1060 286 1136 ΙΙ,
309 1058 360 1137 79,
384 1058 433 1125 80.
477 1059 575 1125 Raeto
602 1060 769 1126 Mertelius
799 1063 832 1128 in
863 1065 962 1147 priore
983 1067 1121 1136 tristium

69 1163 189 1231 editione
211 1163 407 1231 scribendum
429 1165 620 1230 eonieeernt:
788 1154 794 1164 ’
998 1148 1004 1155 m

175 1270 236 1348 An,
257 1270 340 1335 ierus
362 1272 394 1336 et
415 1270 501 1336 nobis
522 1270 653 1335 nimium
677 1270 840 1339 crudeliter
859 1273 967 1355 hostia,

219 1375 344 1441 delinias
365 1375 443 1460 legit
464 1376 516 1460 qni
537 1375 596 1440 tibi
618 1394 747 1459 cumque
769 1395 866 1459 meas,

175 1481 313 1547 earmina
326 1481 363 1543 de
384 1487 450 1564 (pro
472 1484 523 1561 ne)
538 1482 650 1547 nostris
666 1500 761 1565 quum
782 1484 814 1548 te
835 1486 1013 1552 venerantia
1032 1483 1119 1556 libris

218 1584 338 1652 Indicio
358 1587 485 1670 possent
507 1586 683 1653 candidiore
703 1589 776 1673 legi,

68 1691 117 1757 nisi
137 1693 216 1777 qnod
238 1692 350 1754 indicio
377 1691 498 1776 possint
519 1693 655 1761 retinuit.
699 1692 819 1759 Candor
840 1694 945 1761 iudicii
966 1700 1031 1772 ost,
1057 1716 1119 1764 non

67 1796 166 1863 intieii.

151 1902 218 1968 Ibd.
241 1902 282 1976 Π,
304 1902 366 1965 275
390 1921 456 1986 sqq.

195 2006 246 2073 Sie
270 2008 366 2091 igitar
388 2025 521 2086 carmen,
543 2011 629 2075 reeta
649 2010 675 2075 si
698 2013 803 2075 mente
825 2009 956 2094 legatur,

257 2114 413 2179 constabit
433 2112 511 2177 nulii
531 2133 622 2197 pesse
643 2132 749 2180 nooere
770 2133 889 2190 menm;

194 2221 227 2283 at
248 2218 401 2302 quoddam
425 2219 534 2284 vitiam
559 2220 743 2304 qoioumqne
765 2221 837 2286 hine
859 2212 1000 2306 eoneipit
1033 2227 1116 2292 errat

256 2326 290 2388 et
310 2323 441 2388 nimium
463 2323 587 2406 seriptis
608 2327 731 2411 arrogat
750 2323 804 2392 ilie
825 2326 912 2393 mais.
940 2346 945 2351 ’

63 2426 103 2494 tio
131 2430 278 2495 meliores
311 2429 433 2495 cooioee
465 2435 534 2508 (non
571 2430 666 2510 vitio),
703 2429 764 2495 nist
796 2430 876 2513 qnod
900 2420 955 2515 pr⁴o
992 2443 1117 2518 orroqat

61 2535 190 2613 (oemio,
228 2535 356 2600 nimiam
390 2535 446 2600 illa
480 2536 666 2618 potestatem
703 2534 816 2601 habero
857 2538 958 2619 putat)
998 2538 1118 2623 vulgari

60 2659 152 2707 errore
183 2640 315 2724 atroque
336 2641 462 2706 habent.
517 2641 586 2706 Non
617 2641 720 2726 agitor
741 2641 780 2706 de
810 2642 884 2708 vitio
910 2635 1116 2728 'concipiendo

58 2747 110 2824 aad
127 2746 166 2811 de
190 2744 304 2810 indicio
331 2747 418 2818 aius,
451 2746 635 2829 quiritium
663 2765 700 2812 ex
731 2745 833 2812 Ovidii
860 2748 949 2815 libris
970 2750 1117 2834 originem

56 2851 164 2916 habere
185 2853 286 2935 putat,
308 2850 563 2935 seribendumque
584 2854 633 2918 est
653 2851 693 2918 nd
714 2852 793 2918 hano
815 2853 964 2920 fonnem:
1011 2842 1019 2865 ‘

112 2960 207 3040 atque
228 2966 329 3019 ertum
350 2954 460 3020 vitium
482 2958 654 3041 quionnque
676 2958 747 3023 hine
769 2957 914 3041 concipit,
937 2962 1028 3026 errat.

146 3062 246 3128 Paulo
266 3064 338 3145 post
357 3080 386 3128 v.
411 3061 471 3125 285
497 3062 671 3128 neeessario
698 3061 910 3141 scribendum,
946 3066 982 3130 nt
1016 3066 1116 3133 estin

48 3186 107 3235 uno
128 3171 163 3235 et
182 3168 281 3233 altaro
304 3160 423 3232 oodioe:
969 3237 970 3240 Ἴ

147 3273 227 3339 Cum
250 3273 391 3357 quadam
415 3272 588 3355 spatientur
608 3273 641 3338 in
662 3272 719 3336 too
740 3277 808 3357 (pro
830 3271 916 3352 hoe),
941 3275 977 3340 nt
998 3275 1117 3340 amator

907 3375 1017 3442 eodem

190 3483 362 3559 conveniat,
387 3500 481 3567 qnare
503 3483 639 3567 porticus
660 3483 727 3548 nlla
746 3482 856 3565 potato

46 3590 103 3656 hoo
123 3594 182 3668 est,
206 3609 242 3656 eo
264 3588 400 3654 oonsilio.
445 3587 571 3669 (Hanoii
593 3588 725 3655 'larseli
749 3587 807 3664 111,
830 3586 917 3664 321.)

144 3694 213 3760 Ibd.
236 3695 280 3771 II,
303 3693 380 3757 542:

180 3800 386 3883 Carminnqne
408 3798 576 3876 edideram,
598 3816 669 3865 oum
689 3801 721 3864 te
743 3798 856 3864 delicta
878 3797 1036 3862 notantem

0 3984 1 3995 χ
240 3906 376 3990 preaterii
395 3905 507 3971 totiens
528 3904 713 3988 irrequietus
736 3921 839 3988 equos.

50 4010 81 4075 In
106 4012 308 4097 apertissima
340 4011 514 4085 sententia,
551 4008 654 4075 Ovidii
678 4010 824 4076 ¹earmina
855 4007 938 4074 edita
961 4006 1025 4071 iam
1047 4006 1115 4071 tum

49 4116 148 4200 inissa
171 4137 244 4184 oum
267 4119 334 4184 sine
357 4117 420 4183 ulla
443 4119 516 4182 nota
537 4116 569 4179 in
584 4115 791 4198 recognitione
813 4113 953 4198 equitnm
975 4111 1115 4177 dimitta-

52 4226 127 4289 rotnr
148 4226 188 4290 ab
209 4225 374 4308 Angusto,
408 4222 483 4287 nihil
517 4221 584 4286 dieo
612 4222 650 4287 de
670 4219 836 4306 premit,
870 4219 951 4304 qnod
982 4218 1113 4283 fortasse

20 4330 21 4336 ’
54 4344 146 4394 errore
177 4330 209 4394 in
252 4328 394 4395 Merkelii
422 4328 619 4411 posteriorem
655 4325 820 4392 editionem
855 4324 988 4408 irrepsit.
1053 4321 1115 4386 Sed
1172 4354 1175 4359 ·

54 4431 220 4519 beoniam
244 4435 351 4503 mendi
382 4432 581 4499 manifestum
606 4434 664 4507 est,
685 4451 740 4497 nee
761 4432 860 4496 multo
881 4430 1013 4503 melius,
1037 4425 1117 4510 qnod

92 4539 197 4576 moron
208 4543 288 4576 nmn
300 4541 350 4575 cm.
372 4540 395 4574 11-
901 4542 914 4588 t
