2656 5056
206 338 213 347 ,
255 298 317 360 522
612 295 873 366 diadumenus

214 499 288 564 vett.
312 443 379 562 edd.
402 497 482 560 rente
505 464 763 575 expleverunt.
812 489 882 557 Alia
916 512 976 558 non
1011 513 1112 577 panea
1146 497 1273 579 reperiet,

214 604 265 686 qui
288 603 408 671 eeteros
430 600 523 665 libros
548 597 778 682 pervestigabit.

316 724 380 789 lbd.
395 722 490 799 12,4;
510 721 645 786 Lentis
660 719 948 802 sesquimodius
965 721 1135 788 totidem
1151 725 1273 806 operis,

214 833 371 896 occatur
394 845 480 903 uua,
511 827 676 891 sarritur
698 823 863 901 duabus,
885 829 1075 892 runcatur
1099 847 1188 906 una,
1208 830 1273 893 uel·

198 938 309 1002 ‘litur
327 953 406 999 una.
430 929 678 1013 Sieeodd.Sang.
691 930 892 1006 etPolitiani3
906 931 1059 998 editiones
1076 935 1274 1000 vett.lrabent

214 1058 365 1124 operas;
383 1036 695 1103 adduntreoentioros
716 1036 1273 1121 desideratpostoperasmeoea·

213 1148 292 1212 sario
307 1146 454 1228 praterea
465 1142 536 1208 addi
546 1142 678 1208 debebat
695 1142 959 1220 bubulcorum,
982 1146 1017 1208 ut
1029 1144 1077 1210 hae
1096 1163 1197 1228 opera
1208 1145 1274 1210 uerti

143 1269 145 1276 ·
212 1252 335 1337 generis
367 1269 384 1313 a
412 1248 523 1313 ceteris
554 1250 774 1331 separarentur.
832 1249 893 1312 Sed
923 1249 1027 1331 potius
1060 1251 1100 1315 ad
1132 1270 1200 1317 eam
1220 1251 1273 1315 ior·

197 1376 315 1433 mam,
360 1372 419 1436 qua
453 1356 485 1417 et
516 1371 608 1435 supra
641 1357 672 1418 et
707 1355 787 1420 infra
822 1357 933 1438 sapius
965 1355 1146 1421 Columella
1178 1357 1274 1427 unm,

213 1459 403 1527 scribendum
438 1462 499 1522 est:
539 1459 703 1524 totidem
736 1462 865 1543 operis
898 1460 1090 1539 obruitur,
1126 1465 1274 1528 oooatur

213 1585 285 1631 una
308 1566 434 1639 eat.‚-ut
455 1564 587 1628 alterum
612 1566 737 1630 verbum
760 1566 848 1631 alteri
872 1566 1014 1632 nnouisse
1037 1570 1175 1650 putetur.

313 1687 377 1751 lbd.
403 1687 452 1762 16,
474 1686 508 1749 3:
621 1689 652 1751 si
675 1688 816 1752 maeies
838 1691 951 1752 terrea
973 1691 1173 1771 postulat3
1195 1708 1270 1754 narn

212 1800 248 1858 et
269 1794 306 1856 in
330 1793 446 1858 densa
469 1796 505 1858 et
526 1794 698 1858 resoluta
725 1793 832 1858 humo
856 1794 1028 1876 quamvis
1064 1795 1161 1860 exili
1191 1812 1271 1877 pra·

149 1944 161 1963 .
212 1904 292 1962 tum
315 1899 410 1964 fieri
443 1902 587 1981 potest.
618 1918 697 1963 oum
728 1900 897 1963 facultas
927 1899 1124 1983 irrigandi
1153 1902 1268 1989 datur.

212 2004 312 2088 Longe
336 2005 407 2078 hino
427 2008 545 2070 remota
577 2005 697 2070 densa
722 2006 867 2078 humus,
890 2023 947 2069 neo
969 2006 1002 2066 io
1024 2008 1162 2072 resoluta
1186 2009 1268 2073 humo

211 2110 248 2173 fit
271 2113 403 2191 pratum.
459 2111 531 2176 Cod.
554 2110 662 2196 Sauga
704 2110 794 2176 Nam
828 2114 865 2176 et
899 2110 989 2175 inde
1023 2116 1061 2176 at
1094 2115 1270 2179 resoluta

211 2208 308 2281 Soribi
331 2217 437 2282 debet:
481 2216 572 2281 Nam
605 2219 640 2281 et
675 2216 764 2281 inde
796 2226 824 2296 (e
846 2235 950 2282 maora
971 2220 1079 2294 terra),
1102 2219 1269 2284 resoluta

211 2322 322 2388 humo
346 2323 518 2406 quamvis
543 2322 650 2399 erili,
674 2327 825 2404 pratum
846 2324 939 2388 fieri
964 2325 1111 2406 potest,
1136 2327 1194 2390 eet

312 2452 376 2516 Lib.
400 2452 457 2523 111,
493 2453 519 2523 1,
556 2450 592 2516 4;
639 2450 766 2534 Neque
800 2456 858 2517 est
893 2471 1004 2516 unum
1032 2453 1175 2535 stirpis
1196 2453 1268 2518 eins

210 2574 345 2638 genus,
369 2557 543 2641 quodque
566 2556 794 2640 praeeipuum
818 2561 876 2623 est
906 2576 948 2622 er
972 2557 1170 2635 omnibus,
1204 2576 1268 2624 non

210 2664 327 2729 facile
349 2664 454 2727 diotu
479 2665 549 2727 est.
596 2661 693 2726 Sorib.
716 2663 946 2744 praecipuum
969 2663 1032 2724 sit..

310 2791 374 2855 lbd.
404 2792 438 2866 6,
471 2790 505 2855 2:
540 2791 573 2857 si
605 2791 723 2854 etiam
746 2796 924 2873 nepotum
953 2793 1085 2857 fructu
1113 2794 1268 2878 gravida

209 2900 270 2963 est
299 2897 404 2973 (vitis).
457 2896 529 2962 (lod.
555 2897 648 2979 Sang.
682 2897 713 2961 si
742 2898 856 2963 otiam
889 2917 983 2964 nuno
1012 2901 1140 2966 totum
1169 2902 1268 2966 irue-

193 3006 317 3094 tuum
349 3003 513 3087 gravida
541 3004 611 3066 est.
660 3001 791 3085 Opinor:
828 3006 860 3071 si
887 3007 1006 3071 etiam
1035 3006 1267 3071 novellorum

208 3110 402 3174 fructuum
425 3109 586 3193 gravida
609 3113 679 3174 est.
906 3122 907 3125 ’

309 3236 374 3300 lbd.
404 3235 433 3312 9,
462 3237 480 3297 9
511 3239 543 3301 et
567 3236 613 3309 10,
646 3237 676 3300 l:
721 3236 829 3302 Nune
861 3239 961 3304 illud
997 3242 1153 3324 proprie
1185 3259 1268 3322 spe·

207 3343 369 3407 sialiter
394 3354 464 3419 (sar.
498 3342 655 3424 proprie
692 3353 723 3403 el
755 3354 874 3426 spen),
903 3347 944 3408 ut
974 3364 1044 3410 non
1073 3347 1200 3411 solnm
1231 3363 1268 3409 er

207 3447 488 3513 fecundissima
537 3448 632 3524 vite,
680 3448 745 3512 sed
795 3451 910 3515 etiam
958 3469 974 3515 e
1017 3453 1116 3518 vitis
1166 3453 1268 3536 parte

206 3554 452 3618 feracissima
513 3553 663 3618 semina
727 3556 931 3639 eligantur.
1010 3556 1269 3625 Feracissima

206 3663 332 3724 autem
366 3660 511 3724 semina
543 3661 650 3735 sunt,
694 3680 781 3736 non,
827 3663 867 3726 ut
898 3663 1052 3752 vete-ras
1089 3667 1269 3730 auctores

205 3765 467 3844 tradiderunt,
520 3767 689 3830 extrema
732 3786 820 3849 pars
868 3769 980 3842 eius,¹
1020 3771 1116 3852 quod
1160 3773 1271 3855 eaput

205 3871 300 3934 vitis
323 3870 605 3953 appellanteet.
649 3870 721 3937 Cod.
745 3873 836 3958 Sang.
871 3893 960 3955 pars
983 3878 1060 3948 est,
1095 3894 1155 3940 non
1179 3895 1272 3959 pars

204 3976 296 4040 eius.
342 3977 563 4043 Additamento
596 3977 717 4044 sublato
750 3979 948 4045 scribendum
978 3982 1043 4045 est:
1089 3981 1273 4048 Feracis-
