2626 5070
409 692 526 755 Velleius
544 701 649 757 Patere.
958 703 1020 766 313

24 891 126 981 inteligi
145 898 250 981 potest
270 897 394 974 (saltem
415 897 461 963 ita
481 899 647 965 ut'Lstine
670 903 813 984 expressa
833 902 984 981 videatur)
1006 923 1061 970 ne·

22 1018 62 1082 qne
84 1021 152 1068 eum
173 1003 277 1087 priore
298 1002 474 1069 ullomodo
507 1004 639 1070 cohaeret
671 1007 726 1070 aut
756 1006 795 1071 sd
823 1026 906 1082 rem,
941 1007 979 1074 ds
1001 1029 1060 1093 qua

21 1108 110 1189 epm,
151 1110 296 1192 pertinet.
350 1109 521 1193 Aptissima
556 1109 659 1174 omnis
703 1112 792 1176 erunt
837 1113 881 1177 sic
924 1115 1057 1197 scripta:

20 1223 105 1298 oeque
124 1219 253 1299 impar
275 1215 471 1299 capacitas
492 1215 713 1282 ministeris
747 1216 895 1282 deficit.
941 1220 1059 1300 Aperta

18 1320 98 1385 nendi
120 1339 216 1386 musa
237 1321 286 1385 est
318 1321 370 1395 (in
402 1338 468 1403 par
499 1321 663 1403 pacitas)
696 1324 728 1386 ct
750 1325 931 1404 progressior
973 1325 1059 1391 Nihil

18 1425 183 1510 frequentius
216 1442 285 1490 esse
317 1425 449 1508 perlecto
471 1445 525 1509 pro
550 1427 693 1509 praesenti
714 1427 881 1492 substituto
902 1429 933 1518 in
957 1430 1059 1496 verbis

18 1532 160 1614 scapio,
181 1531 296 1617 socio,
326 1531 427 1596 iucio
450 1531 648 1614 compositis,
670 1533 733 1597 diri
754 1533 785 1596 in
809 1533 950 1598 emendd.
974 1535 1059 1600 Irivv.

20 1654 38 1715 p.
53 1635 124 1713 3543
147 1636 230 1702 idem
253 1636 285 1701 in
308 1636 431 1702 Seneca
452 1635 604 1703 codicibus
626 1637 692 1701 fieri
711 1637 792 1702 inim
814 1638 974 1704 annotabo.

94 1743 163 1809 lbd.
188 1742 259 1820 129,
282 1744 316 1806 2:
351 1742 440 1807 Cum
462 1739 604 1826 qusn'ta
625 1743 820 1827 gravitate
842 1745 884 1808 ut
905 1746 1060 1810 senator

21 1849 177 1924 etiuder,
200 1867 271 1912 nou
286 1849 525 1931 utprinceps‚
543 1851 580 1913 et
596 1866 730 1914 causas
745 1849 917 1932 pressius
931 1850 1062 1916 audit?

21 1970 102 2032 qnam
134 1955 320 2020 celeriter
352 1955 544 2045 ingratum
578 1956 616 2018 et
636 1973 731 2020 noos
752 1956 971 2021 molientem
996 1977 1061 2040 op·

22 2061 166 2134 pressit?
222 2052 309 2123 Nihil
339 2063 398 2137 est,
421 2079 554 2144 presse
590 2078 698 2126 causus
733 2060 857 2139 audire,
891 2065 1061 2146 perversior

23 2163 91 2229 etum
114 2165 341 2247 comparativus
363 2166 553 2249 pressius;
575 2170 607 2232 et
627 2165 772 2231 audiendi
793 2165 890 2231 forms
917 2167 1060 2234 laudetur
1185 2218 1187 2222 v

23 2270 98 2335 urbis
120 2274 264 2354 quanta
297 2272 509 2354 gravitate,
542 2272 577 2335 ut
598 2271 737 2352 ridicule,
768 2271 916 2355 quidquid
936 2275 984 2340 est
1005 2275 1060 2340 ad·

24 2376 108 2451 robii,
140 2376 374 2460 superaddatur.
426 2378 518 2441 Tum
540 2380 643 2442 autem
674 2377 820 2459 proxima
851 2378 1062 2462 (ingratum

91 2483 300 2567 oppressit)
331 2483 523 2565 apertissime
556 2482 724 2549 ostendunt
753 2482 803 2546 hic
833 2502 892 2547 non
921 2485 1061 2550 universe

26 2589 184 2663 mnamm
205 2589 320 2654 Tiberii
342 2589 374 2653 in
397 2589 496 2654 causis
518 2587 678 2654 audiendis
700 2587 836 2664 laudari,
860 2588 914 2653 sed
945 2591 1060 2655 certam

26 2704 133 2769 ausam,
160 2694 254 2778 idque
276 2714 311 2760 eo
333 2695 446 2760 certius
469 2697 532 2772 est,
570 2694 649 2777 quod
678 2694 745 2776 ipse
777 2693 914 2759 Velleius
952 2696 1061 2777 capitis

22 2791 85 2865 initio
115 2820 149 2866 se
181 2800 222 2865 sd
252 2801 374 2884 singula
406 2799 547 2883 exempla
574 2800 705 2865 transire
736 2799 825 2875 dicit,
856 2818 923 2881 quae
954 2799 1061 2863 eadem

21 2898 136 2989 lenceps
157 2907 257 2971 forma
283 2907 379 2991 ponit.
422 2905 529 2997 ¹(Qua
549 2904 756 2987 prudentia
782 2905 1061 2989 Rhascupolim

90 3013 296 3078 evocavit?
334 3015 367 3076 et
399 3015 519 3093 postea:
566 3010 710 3091 Quibus
752 3011 955 3093 praeceptis
998 3012 1061 3075 in·

21 3114 188 3185 structum
217 3117 488 3183 Germanicum
512 3117 851 3200 suum...rscepiti
873 3116 957 3199 cet).
1016 3117 1062 3180 Ea

21 3235 88 3290 tensa
98 3244 166 3308 quae
178 3225 229 3298 sit,
241 3222 391 3288 indicabit
401 3241 511 3290 nomen
524 3223 657 3287 hominis
670 3222 827 3287 erlitteris
839 3225 878 3287 et
888 3223 1061 3303 pressius
1123 3216 1128 3231 ¹

21 3331 130 3397 rutum:
176 3330 266 3395 Cum
287 3330 430 3411 quanta
456 3329 653 3412 gravitate
763 3350 916 3390 caeram
937 3327 1063 3390 Drusi

20 3426 156 3500 titanis
192 3430 361 3497 audivit?
415 3434 520 3518 Neque
560 3435 642 3500 enim
688 3433 758 3510 (etsi
800 3433 832 3497 id
868 3434 988 3498 facilius
1026 3453 1061 3499 er

17 3542 171 3615 pressius
196 3541 332 3616 elicitur)
363 3541 486 3606 tantum
512 3540 557 3604 M.
580 3539 696 3604 Drusi
717 3539 865 3622 scriptum
887 3541 971 3623 puto.
1019 3538 1063 3602 M.

14 3639 88 3712 Drusi
109 3647 238 3713 Libonis
259 3647 488 3712 accusationem
511 3648 544 3710 et
570 3645 730 3710 interitum
759 3645 885 3710 Tacitus
915 3647 996 3710 Ann.
1019 3645 1062 3718 Il,

13 3746 41 3810 2?
59 3773 124 3837 sqq.
150 3753 265 3817 narrat.
324 3753 391 3817 Hoc
419 3770 538 3835 quoque
560 3752 619 3818 rol.
646 3748 664 3812 1
688 3771 717 3834 p.
742 3751 802 3813 145
824 3769 935 3833 ponere
958 3749 1058 3816 debui.

8 3855 106 3940 Copias
127 3860 196 3942 ipse
218 3876 303 3923 mess
324 3857 472 3942 ignorari.

94 4069 221 4138 Valerii
249 4069 378 4139 llaximi
414 4070 509 4136 libros
539 4088 634 4152 nuper
654 4067 798 4134 Halmius
828 4065 1065 4148 diligentissime

1 4180 26 4241 st
58 4176 299 4261 prudentissime
335 4176 437 4260 eregit
464 4175 505 4240 ad
536 4174 670 4239 codicem
710 4174 802 4257 longe
832 4170 943 4237 ceteris
983 4171 1065 4235 inte·

1 4284 128 4366 piorem
165 4281 404 4364 fidelioremque,
441 4280 629 4346 Beruensem
658 4278 730 4360 (B),
768 4278 964 4360 comparata,
998 4296 1064 4360 quae

1 4390 56 4455 ‘ers
77 4404 153 4454 eum
176 4407 212 4452 eo
234 4390 342 4453 contra
363 4389 480 4453 eeteros
496 4384 657 4459 consentit,
680 4384 751 4449 Iulii
772 4382 892 4449 Paridis
916 4383 1062 4464 epitoma.

1 4495 51 4562 led
85 4497 195 4560 tamen
228 4512 299 4558 cum
330 4493 387 4557 hue
418 4493 486 4576 ipsa
522 4491 641 4556 Halmii
673 4510 766 4575 opsrs
798 4493 830 4557 et
864 4488 1062 4554 instrumenti
