2678 5018
375 722 396 751 ··
529 709 651 766 Plautus.
989 696 996 710 „
1055 717 1074 779 5

46 905 112 969 tura
133 908 166 968 et
187 904 286 969 facile
302 902 334 966 in
348 892 537 971 contrarium
559 925 591 972 se
614 907 748 973 vertenti
769 909 890 972 tantum
912 927 948 973 ea
970 911 1116 985 sectandi,

49 1030 111 1093 quae
131 1027 262 1075 versum
299 1009 356 1073 aut
378 1010 562 1076 seutentiam
593 1011 632 1076 ed
668 1013 769 1096 legem
791 1007 927 1095 eliquans
948 1006 1117 1095 quomodo·

51 1134 166 1198 cunque
190 1114 360 1197 expleaut;
396 1132 467 1178 nam
488 1119 599 1197 praeter
631 1116 816 1206 singulorum
848 1119 986 1182 locorum
1007 1118 1117 1201 depra-

53 1221 205 1287 rstionem
228 1220 314 1302 perit
335 1219 452 1284 senum
473 1221 536 1285 reri
569 1240 676 1287 seusus
707 1224 739 1286 et
759 1223 945 1299 reverentia,
982 1222 1057 1287 certi
1079 1223 1117 1287 ab

53 1324 176 1401 ircano,
211 1324 440 1389 emendationis
469 1344 487 1389 a
523 1325 593 1391 lusu
614 1326 780 1392 distinctio.
841 1327 902 1393 Sed
930 1327 1030 1410 magis
1052 1328 1117 1393 haec

56 1429 272 1513 reprehendere
306 1434 337 1493 et
366 1429 516 1495 eiicienda
541 1434 647 1496 notare
668 1434 806 1513 poteram
839 1451 931 1515 quam
952 1433 1018 1514 ipse
1040 1452 1117 1498 nora

58 1553 89 1600 ao
108 1553 183 1600 reta
204 1521 350 1616 reperire,
375 1536 488 1617 partim
519 1536 600 1619 quod
624 1535 717 1600 nimis
744 1535 863 1601 lubrica
883 1536 996 1601 indicia
1019 1540 1115 1617 erant,
1224 1595 1226 1597 ,

54 1641 164 1720 partim
198 1638 283 1721 quod
317 1639 439 1704 animus
474 1659 529 1704 nee
562 1641 690 1706 scientia
711 1660 768 1705 neo
793 1628 1012 1707 consuetudine
1041 1642 1116 1708 eatis

56 1762 87 1809 se
107 1745 147 1810 ad
168 1744 348 1808 Plautinam
370 1743 501 1809 formem
524 1745 678 1811 merebat.
731 1747 834 1811 Pauca
854 1750 958 1812 tamen
982 1746 1116 1829 quedam

58 1850 181 1914 inlotis
204 1848 284 1912 nihil
320 1867 338 1912 a
366 1862 455 1913 versu
477 1849 677 1916 dubitationis
698 1852 881 1918 habentibus
904 1850 1118 1917 succurrerunt

58 1955 226 2036 probabilia
250 1957 304 2018 aut
327 1970 419 2035 prope
440 1955 532 2032 certa',
568 1976 635 2039 quae
656 1955 707 2021 hic
728 1975 852 2039 ponam,
874 1977 933 2024 non
956 1954 1133 2040 adspirans

57 2060 91 2124 ad
126 2059 243 2143 Buggii
277 2059 341 2124 mei
373 2060 593 2126 sollertissime
623 2061 717 2126 simul
749 2063 781 2126 et
815 2063 913 2128 cautae
943 2064 975 2127 in
1003 2063 1114 2130 Plauto

1 2183 2 2191 ¹
57 2166 238 2231 inventionis
258 2165 391 2231 laudem.
434 2166 485 2231 Ab
504 2167 622 2232 ineerta
641 2167 813 2250 suspicione
833 2168 988 2251 incipiam.

152 2271 242 2357 capt
267 2270 405 2350 279111,
438 2272 468 2343 2,
504 2271 566 2350 30).
613 2271 784 2357 Postquam
819 2273 1016 2348 Philocrates,
1054 2275 1105 2357 qui

57 2376 188 2460 Tyndari
222 2378 366 2457 suscepta
390 2394 528 2458 persons,
552 2377 590 2443 de
612 2397 646 2442 se
666 2381 814 2461 tanquam
843 2379 939 2445 altero
973 2381 1116 2463 loquitur,

58 2481 262 2546 Philocratem
284 2481 360 2545 dixit
382 2481 413 2545 in
434 2481 534 2564 patria
555 2482 644 2546 Elide
666 2503 787 2549 summo
801 2485 913 2550 honore
935 2504 1003 2551 esse
1025 2487 1117 2568 atque

55 2588 91 2652 sl
111 2587 245 2653 summis
268 2586 352 2660 siris,
374 2586 475 2670 Hegio
497 2586 637 2652 subiicit:

153 2693 236 2757 Turn
259 2691 354 2775 igitur
376 2691 405 2756 ei
427 2710 518 2775 quorn
541 2693 572 2756 iu
593 2692 679 2759 Aleis
702 2694 789 2758 tanta
809 2694 910 2784 gratia
930 2697 987 2772 est,
1010 2697 1046 2760 ut

875 2799 1034 2882 praedicas,
1131 2866 1133 2871 ,
1191 2807 1193 2812 ’

153 2905 229 2988 qnid
250 2903 390 2969 diuitias?
415 2907 524 2968 suntne
546 2903 678 2986 opimae?
702 2939 709 2953 ·

154 3012 293 3093 Apparet
325 3008 578 3092 intellectumque
593 3001 597 3008 ’
611 3010 659 3072 est
691 3008 729 3072 ab
752 3009 831 3088 aliis,
861 3023 1012 3091 'perverse
1044 3027 1118 3074 eon·

1 3131 3 3155 ³
54 3116 194 3182 elusione
217 3113 393 3198 argumenti
415 3115 447 3177 et
460 3132 515 3195 per
538 3113 703 3196 particulas
726 3123 789 3174 tons
804 3114 905 3197 »ἱρέων
925 3132 944 3178 a
965 3113 1065 3196 gratia
1088 3118 1119 3178 et

56 3221 168 3286 honus
189 3221 316 3285 transiri
332 3217 378 3283 ad
400 3218 530 3283 alteram
552 3238 618 3283 rem
643 3219 854 3301 querendam:
883 3217 966 3297 Quid
985 3215 1122 3281 diuitiae?

8 3364 10 3375 ι
56 3338 162 3389 omme
188 3320 318 3409 opime?
362 3324 423 3389 Sed
456 3323 535 3406 quod
557 3323 625 3388 tolli
649 3323 757 3388 volunt
785 3344 813 3388 r.
835 3324 905 3400 279,
927 3325 1004 3389 nihil
1027 3324 1121 3390 habet

9 3420 11 3457 ³
60 3452 94 3497 ea
113 3432 276 3497 damnatio
298 3429 535 3514 probabilitatis.
590 3428 668 3492 Mihi
690 3429 840 3513 Hegionis
862 3431 993 3505 animus,
1026 3449 1118 3513 quum

10 3616 13 3627 ,
56 3537 91 3602 de
127 3537 301 3602 domestico
324 3536 506 3607 Philocratis
539 3535 652 3598 honore
674 3536 706 3599 et
727 3538 828 3618 gratia
850 3536 1011 3613 audiverit,
1048 3554 1121 3599 con·

11 3636 17 3707 ἒ,
59 3645 134 3708 serti
167 3643 327 3727 paulisper
355 3641 478 3707 ridetur
511 3640 550 3704 ad
572 3659 658 3716 earn,
690 3639 723 3702 in
759 3659 819 3722 qua
853 3660 933 3705 nuno
966 3627 1015 3712 sit
1052 3657 1120 3703 eon·

16 3743 17 3783 ³
60 3750 220 3815 didonem:
797 3756 802 3766 ·
883 3773 888 3783 ·

17 3858 18 3861 ’
156 3854 339 3937 Rumpitur,
361 3852 400 3925 ei,
423 3869 513 3934 quom
535 3852 567 3915 in
590 3851 676 3915 Aleis
698 3853 787 3915 tanta
808 3849 909 3932 gratia
930 3851 988 3925 est,
1010 3852 1045 3913 ut

877 3954 1033 4035 praedioas.

24 4072 25 4076 ’
62 4063 237 4131 liecessario
262 4081 344 4127 nunc
366 4081 437 4125 eum
456 4061 607 4146 indignari
628 4061 711 4127 dicit.

27 4147 40 4234 3]
154 4170 222 4236 lbd.
262 4167 326 4229 379
350 4185 419 4249 sqq.
446 4167 499 4244 (ΙΙ,
532 4168 562 4246 3,
587 4165 624 4226 21
647 4173 725 4249 sqq.)
760 4166 841 4229 inter
861 4183 1004 4247 personas
1026 4164 1124 4229 oratio

27 4276 35 4310 ³
62 4277 100 4340 sir
120 4272 341 4344 distribuenda
363 4274 428 4337 est:

448 4373 746 4441 Pffluuusssuss

296 4484 395 4549 Recte
416 4481 594 4548 conuenisse
615 4481 723 4545 sentio.
