2662 5062
77 96 104 104 ''
230 143 233 148 ,
244 116 349 201 aaa>
598 61 880 182 mortuoque

162 364 170 380 .
198 284 302 384 ἘΜ
327 311 545 393 &nomadum
566 326 588 377 e'
602 309 756 378 oodieibus
778 310 1039 390 constantiae,
1058 312 1096 375 ut
1116 330 1188 378 eum
1204 331 1257 380 aon

15 492 19 504 ῃ
99 431 125 463 “·
142 458 161 501 ,ι
205 423 289 488 mine
311 420 414 504 aliquo
429 417 547 483 Seneca
558 417 649 493 dieat,
672 406 752 499 qnod
773 416 806 480 iu
827 415 876 482 his
897 414 1250 486 hominibusdssidere
1298 449 1331 479 ι

193 514 328 606 toritas,
361 544 423 593 non
445 523 624 590 eonstantiae
646 521 775 592 aienius
798 521 889 604 eulpa
916 521 994 587 fieri.
1029 522 1086 606 (ᾗ
1117 524 1136 585 7
1166 525 1303 591 node...

77 619 81 629 ’
204 634 304 714 modo,
328 628 554 716 quoHanptins
576 629 591 693 Ι
610 647 641 710 p.
665 627 696 706 6,
718 645 746 692 a.
768 626 849 690 1855
863 628 1109 694 emendaveram.
1146 631 1293 715 De§l=

112 794 118 802 ,
167 715 262 808 ken.
284 738 345 805 vor.
369 738 386 803 1
406 756 437 819 p.
456 736 498 800 aa
511 754 556 812 n.;
579 734 634 801 saa
647 734 693 800 ra
714 733 778 797 am
800 732 961 800 sannaus
976 733 1191 816 renovarat)
1213 738 1254 804 sn

199 842 298 913 'finem
332 844 442 928 eapitis
462 840 545 920 (13),
575 839 628 904 ubi
657 839 843 906 deseribitur
873 842 985 908 levitas
1013 841 1177 908 hominnm
1210 844 1331 908 irs—-

202 948 402 1022 mansuum,
437 948 572 1032 primum
606 945 776 1012 exhortatio
803 946 945 1028 ipsorum
978 949 1123 1030 ponitur:
1167 949 1199 1014 N
1204 969 1250 1015 un

204 1054 451 1139 Campaniam
483 1047 676 1136 petamus,
719 1051 831 1118 deinde
870 1071 890 1118 a
927 1052 1045 1118 Seneca
1086 1054 1250 1121 interiiei

202 1163 332 1227 memte
377 1157 545 1225 voluntatis
593 1157 726 1225 notatio:
771 1158 851 1225 Iam
894 1159 1070 1225 delieata
1113 1161 1251 1228 fastidi

203 1268 312 1341 sunta
338 1267 421 1330 tum
464 1281 544 1328 nora
587 1262 659 1326 hine
702 1262 870 1332 exhortatio
912 1265 1063 1332 neseitnr:
1115 1267 1250 1333 Inoult

202 1371 410 1438 videantur
431 1369 688 1454 [oioantart];
720 1368 901 1437 Bruttios
931 1373 970 1437 et
993 1371 1173 1439 Lucaniae
1196 1376 1254 1440 sal

201 1480 263 1544 tus
298 1493 590 1561 persequamnr;
637 1493 743 1541 rursus
777 1476 914 1560 sequitur
949 1477 1067 1543 fastidii
1094 1482 1216 1547 notatio
1250 1503 1329 1539 2

201 1584 272 1650 inde
293 1584 394 1649 oriens
416 1583 489 1649 novi
511 1580 573 1647 loci
594 1581 720 1664 petendi
742 1583 921 1650 eonsilium:
960 1583 1124 1667 Aliquid
1145 1588 1249 1655 tame

201 1692 309 1757 iuter
329 1688 490 1773 deserta
505 1688 638 1753 amoeui
663 1689 888 1781 requiritur,
915 1689 952 1754 in
979 1709 1049 1773 qno
1078 1691 1326 1764 luxuriae·

179 1795 302 1862 ¹oeuli
332 1796 444 1880 longo
473 1796 641 1861 locorum
675 1795 919 1861 horrentium
955 1797 1139 1881 squalore
1170 1793 1256 1869 role

201 1902 349 1967 vantur.
392 1888 605 1966 Tarentum
637 1903 800 1983 petatur
827 1901 1091 1986 laudatusque
1120 1911 1327 1988 portu&

202 2010 259 2074 ost.
317 2006 368 2072 Sie
402 2006 485 2072 enim
517 2025 572 2088 pro
607 2007 831 2090 requiratur
871 2007 968 2092 (quod
1006 2008 1109 2090 ipsum
1143 2015 1331 2080 verbra

201 2114 242 2181 ab
264 2166 267 2172 .
291 2113 498 2179 exhortatione
542 2111 632 2177 valde
675 2113 810 2179 alienum
859 2117 940 2193 est)·
968 2114 1166 2182 scribendum
1217 2140 1250 2187 es
1290 2135 1331 2162 *¹

200 2218 596 2299 (chrismam-Schmidt.)
651 2218 796 2302 Sequitur
816 2222 901 2300 (15):
947 2220 1108 2286 Infirmi
1141 2241 1326 2291 sumna

202 2326 376 2392 adomne
403 2312 661 2405 tolerandum,
698 2344 766 2392 uee
802 2326 948 2394 laboris
983 2327 1186 2411 patientes
1209 2352 1325 2399 nez

200 2432 438 2516 voluptatis,
480 2451 547 2498 nee
580 2435 724 2500 nostrae
750 2450 819 2499 nae
853 2434 978 2500 ullius
1014 2433 1072 2500 rei
1102 2435 1330 2504 diutiuss

200 2537 253 2603 ubi
274 2539 354 2604 seire
375 2539 480 2619 velim,
502 2559 562 2623 quo
583 2540 736 2622 pertineat
769 2542 920 2618 nostram
953 2557 1025 2604 nam
1048 2559 1067 2606 a
1088 2543 1147 2608 rei
1168 2545 1241 2612 dire

201 2647 316 2711 eteum
338 2646 551 2730 voluptatis
573 2647 715 2731 coniungi
724 2664 821 2730 nsque
833 2663 887 2729 por
897 2645 1042 2711 orationis
1052 2645 1159 2732 legem
1170 2671 1213 2736 po
1235 2666 1327 2712 ’,Ξ

200 2731 258 2817 nee
284 2753 329 2818 ita
354 2752 436 2818 ullus
462 2754 595 2819 efficitur
626 2771 750 2827 sensnm
783 2751 839 2817 sed
872 2751 968 2818 nihilo
1000 2754 1114 2827 melius
1147 2758 1214 2825 diei
1237 2791 1242 2818 ι

199 2859 340 2925 homines
361 2876 421 2924 non
444 2877 512 2924 esse
536 2880 599 2925 suae
620 2859 676 2925 rei.
723 2858 793 2924 Nisi
808 2858 907 2938 fallor,
928 2861 1070 2926 uos-trae
1092 2857 1321 2935 aeeommw

199 2963 322 3030 datione
343 2967 451 3029 natum
474 2966 533 3042 est,
556 2984 625 3029 enm
648 2966 768 3030 Seneca
788 2965 977 3049 enupsisset:
1000 2983 1125 3052 neque
1147 2979 1328 3036 noetr‘2

198 3088 318 3153 neque
338 3070 461 3136 ullius
483 3070 539 3135 rei
562 3070 725 3149 diutius,
764 3071 823 3136 hoe
844 3075 907 3148 est,
939 3090 1038 3154 neque
1060 3075 1284 3164 nobismetiqr
1302 3104 1321 3116 ⁴

198 3177 242 3242 sie
264 3175 452 3266 addietiet»
467 3177 579 3247 nostra
606 3178 770 3259 potestatis
801 3196 901 3262 nsque
933 3176 990 3241 ulli
1018 3179 1063 3243 rei
1095 3183 1221 3249 obnoxii
1242 3173 1314 3247 et

198 3281 366 3348 servientes
387 3281 514 3362 diutius,
534 3286 680 3366 perpetuo
703 3283 846 3351 dominos
868 3285 1036 3352 mutantes.
1050 3287 1077 3362 1)

217 3651 239 3716 ¹)
268 3649 333 3722 cap.
351 3654 377 3716 8,
395 3653 413 3708 4
430 3651 582 3707 adiuvanda
599 3651 726 3707 nonnihil
752 3652 883 3724 Sosiigeri
900 3651 1059 3718 emendatio,
1079 3655 1112 3708 ut
1121 3654 1273 3711 scribatur:

269 3746 430 3814 quantum
457 3748 604 3813 qraaaito
645 3744 766 3799 bonnm
800 3746 858 3814 (pro
890 3747 1129 3816 gratuitorum
1159 3746 1269 3803 homi·

267 3837 353 3903 num)
383 3837 432 3891 sit
460 3836 546 3892 bona
572 3837 801 3893 conscientia.
851 3837 1015 3895 Aduerbium
1045 3839 1209 3912 adiungitur
1234 3833 1264 3895 ad

243 3921 245 3926 ’
269 3927 382 3997 parandi
400 3929 535 3985 notionem
553 3933 683 3988 inclusam
710 3932 740 3986 in
760 3931 850 3988 serbis
877 3934 1044 4004 qnantum
1068 3934 1119 3992 sit
1136 3933 1260 3990 bonnm.
