2580 5054
510 677 672 733 Herodotus.
1044 679 1084 740 23

51 876 215 956 tamquam
249 872 366 939 iudices
396 875 551 940 sententia
572 875 749 958 interposita
778 875 836 941 hoo
866 876 932 941 fieri
959 877 1125 954 iusserunt,

51 978 112 1042 sed
149 982 366 1062 persuaserunt
398 981 522 1065 regibus
555 982 715 1048 Medorum
751 987 783 1047 et
815 981 979 1065 Lydorum,
1012 984 1049 1046 ut
1081 982 1127 1046 ita

53 1086 204 1160 sanarent,
227 1085 285 1153 hou
307 1088 355 1153 est
376 1089 447 1168 (usu
469 1088 613 1171 loquendi
640 1088 815 1154 Herodoteo
839 1089 871 1152 et
893 1085 1125 1170 Hippocraten),

53 1190 306 1280 α’νίγνιοοαν.
354 1194 479 1260 Littera
502 1221 545 1260 αν
567 1194 746 1262 exciderunt
768 1196 839 1278 post
860 1219 912 1280 ορ.

159 1335 239 1400 lbid.
262 1334 316 1398 78:
343 1332 465 1402 αὐτίκα
489 1338 523 1404 δὲ
547 1345 682 1420 ἔπεμπε
706 1339 879 1420 (Κροῖσος)
903 1330 1127 1420 θεοπρόπους

55 1447 92 1514 ἐς
124 1441 193 1506 τών
226 1447 409 1527 ἐξηγητέων
449 1445 681 1529 Ίλιλιιηοσὲιον.
739 1444 808 1508 Non
844 1445 944 1509 solum
977 1441 1126 1507 articulus

53 1568 150 1631 ,prave
172 1550 303 1614 omissus
326 1552 397 1614 ante
425 1552 650 1636 Τελμηοοδων
672 1550 818 1616 mendum
840 1549 953 1635 arguit,
983 1548 1038 1614 sed
1060 1548 1127 1631 ipse

51 1655 220 1740 genetivus
235 1655 307 1721 ferri
331 1656 416 1721 nullo
439 1658 528 1722 modo
552 1660 668 1740 potast3
692 1659 781 1741 longe
804 1656 887 1722 anim
910 1656 999 1722 aliter
1015 1656 1128 1721 dieitur
1162 1651 1165 1657 ’

56 1773 92 1834 ἐς
115 1757 327 1828 διδασκάλων
349 1765 472 1847 φοιτᾶν
491 1767 521 1829 et
536 1763 651 1827 similia
666 1765 703 1827 de
718 1765 766 1834 iis,
781 1765 834 1846 qul
850 1763 975 1827 domum
990 1762 1127 1844 aliquam

52 1872 185 1936 intrant.
240 1870 360 1934 Excidit
392 1870 618 1936 substantivum
648 1874 701 1934 ant
730 1868 896 1953 collegium
917 1869 1072 1951 publicum
1096 1868 1128 1932 et

49 1977 196 2043 ordinem
220 1979 327 2041 vatum
349 1976 381 2041 et
402 1978 604 2059 interpretum
627 1979 682 2041 aut
703 1975 911 2060 congregandi
932 1975 1036 2040 locum
1062 1973 1127 2057 sig·

52 2083 195 2148 nitidans.
245 2082 385 2147 Fortasse
408 2083 556 2164 seriptum
578 2082 693 2148 fuerat:
728 2088 761 2155 ἐς
783 2084 851 2146 τών
874 2086 1058 2170 ἐξηγητέων
1079 2077 1125 2146 τό

55 2192 178 2262 τέλος
199 2190 280 2253 τοῖν
308 2191 539 2274 Τελμησσέων.

160 2329 236 2394 lbid.
259 2329 299 2393 86
322 2331 366 2407 (in
390 2329 484 2396 (lroesi
500 2348 572 2412 rogo
591 2328 727 2412 impositi
742 2331 915 2395 narratione
932 2328 969 2395 de
985 2328 1127 2408 Solone):

54 2439 151 2524 ε”λεγε
180 2431 221 2521 δή
253 2431 296 2511 τίς
328 2428 417 2521 ἦλθε
445 2431 550 2523 α’ρχην
573 2431 591 2501 o‘
615 2430 733 2502 Σόλων
755 2432 819 2501 doio
843 2430 1048 2524 Ἀθηναῖος,
1071 2438 1125 2502 nni

55 2538 279 2629 θεησάμενος
295 2536 408 2610 ποίντα
431 2540 493 2610 τόν
515 2544 640 2610 ἑαυτοῦ
664 2539 771 2628 ὄλβον
786 2537 1053 2631 α’ποφλιιιιρίσειε
1072 2540 1126 2610 οἷα

54 2651 102 2734 δή
137 2654 246 2724 εἴπας,
280 2647 324 2723 ὥς
357 2676 392 2716 τε
426 2644 517 2735 αὕτη]
551 2644 663 2716 ποίνιιι
693 2644 892 2736 οἶποβέβηιιέ
923 2656 954 2716 oi
986 2653 1028 2739 τῇ
1061 2674 1127 2735 περ

5 2745 8 2755 ’
58 2765 190 2831 ἐκεῖνος
205 2756 279 2822 εἶπε
297 2784 325 2822 κ.
342 2783 370 2823 τ.
388 2759 414 2822 λ.
449 2757 577 2822 Prorsus
598 2756 736 2839 ineptum
760 2759 809 2822 est
830 2753 884 2822 οἷο
907 2753 948 2840 δή
968 2757 1129 2840 participio

56 2864 256 2948 praepositum
288 2865 427 2946 („utpote
457 2865 508 2947 qul
543 2863 678 2941 dixisset,
708 2863 795 2946 quasi
828 2864 997 2942 dixissem),
1031 2881 1129 2946 nsque

58 2974 170 3038 melius
194 2968 217 3038 oi
240 2966 289 3054 δή.
341 2969 558 3036 scribendum:
588 2964 632 3042 οἷς
654 3018 663 3037 .
686 3017 692 3031 .
717 3016 724 3033 .
750 3019 758 3035 .
781 2962 895 3036 ποίντα
919 2964 981 3037 τδν
1002 2969 1130 3035 ἑαυτοῦ

52 3076 166 3161 >ὄλβον
181 3075 462 3162 ἀποφλαυρίσειε,
479 3073 530 3142 οἶά
548 3103 590 3142 τε
615 3078 725 3151 εἴποις,
742 3072 786 3150 nic
801 3059 837 3143 τε
855 3103 883 3142 ιι.
896 3104 925 3143 τ.
941 3078 983 3153 λ,
1001 3093 1129 3158 „quem-

54 3185 226 3250 admodum
250 3183 485 3266 contempsisset
507 3202 626 3268 quaque
648 3182 814 3249 oratione“.

163 3323 242 3392 lbid.
258 3324 318 3387 132
334 3321 386 3398 (de
401 3322 463 3387 ritu
478 3325 668 3391 sacrificandi
685 3324 768 3408 apud
783 3325 922 3402 Persas):
946 3324 1128 3396 διαθέντος

57 3433 93 3499 δὲ
128 3427 234 3496 orienti
267 3426 318 3507 (ὃς
349 3421 443 3508 θύει)
475 3425 597 3517 Μάγος
629 3425 716 3517 οἷνήρ
750 3426 943 3516 παρεοιεοίς
976 3421 1154 3496 ἐπαείδει

58 3540 260 3624 θεογονίην,
284 3545 360 3622 οἴην
383 3532 425 3621 δη
451 3543 570 3604 ἐκεῖνοι
595 3540 726 3624 λέγουσι
749 3538 837 3605 εἶναι
860 3534 924 3621 την
950 3530 1127 3621 ἐπαοιδήν.

59 3648 130 3710 lure
164 3644 232 3729 quis
265 3645 409 3721 miretur,
450 3662 504 3708 our
535 3645 568 3710 in
601 3644 734 3731 singulis
769 3644 927 3712 saorifioiis
960 3644 1127 3730 θεογονλα

52 3752 256 3825 decantetur,
299 3770 367 3816 oum
410 3752 579 3833 praesertim
616 3752 697 3833 apud
730 3751 840 3817 Persas
879 3750 965 3816 nulla
1001 3750 1126 3816 omnino

57 3859 162 3932 luerit,
185 3858 309 3941 qualem
325 3856 425 3922 Graeci
447 3856 664 3941 intelligebant
679 3859 711 3921 at
724 3857 932 3939 appellabant,
949 3857 1127 3943 θεογονία.

48 3965 122 4047 ‚Sed
144 3965 339 4030 manifestius
359 3963 506 4028 mendum
528 3964 700 4046 coarguunt
721 3983 765 4042 ea,
789 3982 857 4046 quae
873 3966 1041 4045 sequnntur
1055 3961 1127 4028 iude

51 4074 98 4140 ab
122 4078 199 4157 οἵην
221 4066 272 4155 δη,
297 4089 364 4153 quse
387 4069 480 4135 verba
502 4069 695 4151 apertissime
717 4069 893 4152 significant
913 4071 1008 4135 saeris
1029 4071 1126 4137 auoini

57 4175 207 4267 ἐπῳδήν,
230 4180 330 4263 qualis
352 4178 479 4260 quidam
502 4177 582 4258 apud
609 4177 717 4242 Persas
739 4180 770 4239 in
793 4194 850 4240 usu
873 4175 925 4247 sit,
940 4173 985 4238 ita
999 4180 1035 4240 ut
1050 4175 1127 4241 nihil

58 4287 234 4354 Herodotus
257 4289 295 4352 de
318 4286 383 4351 aius
404 4281 536 4350 formula
557 4284 612 4347 ant
633 4283 815 4364 argumento
839 4280 987 4355 affirmet;
1021 4282 1126 4364 itaque

58 4395 236 4461 Herodotus
261 4393 440 4476 scripserat:
480 4383 597 4475 Μάγος
629 4382 716 4474 α’νήρ
750 4383 945 4473 παρεοτεοίς
974 4387 1125 4453 ἐπαείδει

56 4509 207 4573 θεοῖς,
242 4508 319 4584 οἵην
351 4497 393 4583 δή
427 4505 546 4565 ἐκεῖνοι
582 4500 713 4585 λέγουσι
744 4496 831 4563 είνιιι
861 4489 926 4580 τήν
948 4489 1126 4579 ἐπαοιδήν.
