2580 5054
318 273 359 336 46
683 268 746 324 Lib.
764 267 786 323 L
806 269 874 336 Cap.
891 267 943 320 ΠΙ.

281 471 508 556 κληρονομίας
532 469 585 533 καὶ
609 463 674 551 alja
696 468 765 531 auin
780 459 928 552 α’μαθοῐν
940 466 1122 549 μετουσίαν
1132 475 1184 533 τοῖς
1195 483 1215 523 α

279 573 503 645 ἀποδέδωκεν.
561 575 724 640 Sententia
744 574 907 656 perspicua
928 576 985 651 est
1008 574 1113 656 quibus
1130 584 1215 633 mene

281 684 443 751 commoda
463 681 728 767 propinquitatum
749 678 798 744 lex
812 681 963 762 imponat,
977 680 1086 745 iisdem
1101 696 1157 742 earn
1168 689 1215 738 nnn

280 795 312 856 et
332 790 485 856 utilitates
507 808 612 855 earum
634 789 701 852 iure
723 786 869 852 tribuere.
925 786 963 850 In
984 786 1092 854 verbis.
1110 785 1142 848 nt
1157 796 1211 845 nune

279 900 404 974 buntur,
426 897 560 980 primurn
584 897 651 977 ipsa
672 895 866 977 inaequalitas
888 893 1095 957 membrorum
1114 892 1212 955 interne

280 1008 379 1069 torum
405 1003 543 1087 offendit,
565 1001 647 1084 quod
669 1002 700 1065 in
722 1002 823 1083 priore
846 1005 1051 1083 προσέταττε
1070 1001 1210 1063 auraretur

281 1110 364 1174 bitur
386 1108 492 1182 addito
517 1107 682 1178 infinitivo.
704 1107 735 1171 in
758 1106 857 1171 altero
872 1104 971 1169 solum
987 1096 1215 1182 &pontenani

280 1216 385 1280 antem
420 1213 518 1280 multo
554 1213 688 1298 gravius,
726 1212 806 1295 quod
846 1220 1025 1279 ποιεῖσθαι
1063 1212 1141 1277 nullo
1170 1204 1215 1272 nel

281 1314 420 1407 α’τοχιάς
452 1321 674 1387 accommodari
705 1321 806 1402 potest
833 1338 890 1384 nen
918 1323 1024 1385 tamen
1047 1321 1167 1384 alterum
1185 1310 1215 1378 enl

275 1415 381 1493 tivum
403 1428 587 1511 simpliciter
615 1447 684 1492 cum
713 1431 919 1510 appeltam
948 1426 1100 1510 coniungi,
1121 1423 1215 1488 aurun

282 1541 473 1602 ποιεῖσθαι.
522 1535 661 1618 Apparet
692 1552 815 1616 prorsus
847 1531 1019 1597 tollendum
1057 1551 1122 1598 esse
1153 1536 1215 1594 ποια

281 1662 335 1725 pro
361 1661 420 1726 quo
442 1641 549 1724 opinor
572 1640 665 1704 etiam
683 1641 789 1706 Graene
811 1653 926 1704 ποιεῖν
949 1640 1112 1706 dicendum
1132 1636 1213 1702 inisse

281 1743 424 1835 α’τοχίας
446 1747 578 1830 intelligi
598 1745 809 1811 calamitatum
825 1745 1077 1823 sublevationem,
1092 1739 1215 1829 quemadn

283 1850 431 1929 ἐκδόσεις
454 1855 573 1920 dotium
596 1852 863 1935 comparationem,
886 1871 948 1919 non
969 1871 1046 1934 opus
1069 1855 1116 1917 est
1136 1849 1198 1915 dici

380 2064 505 2138 XLVII,
542 2065 559 2123 7
593 2068 625 2129 et
656 2064 690 2128 8:
725 2074 761 2131 οἵ
788 2089 827 2149 ye
855 2056 932 2129 ον’δὲ
963 2064 1029 2127 νῦν
1058 2087 1112 2127 πω
1138 2063 1212 2142 αολμ

282 2175 378 2259 σῶμα
402 2174 463 2255 τῆς
485 2164 677 2256 α’νθρώαον
699 2169 928 2255 παραδοῦναι,
952 2166 1047 2234 laad
1071 2177 1216 2254 ἕῳαοανε

284 2283 448 2347 linantur
483 2275 544 2343 τόν
581 2272 769 2364 Θεόφημον
801 2279 855 2342 καὶ
889 2271 1129 2363 ἐμαρτύρησαν
1160 2268 1215 2342 alr

282 2380 352 2470 τήν
386 2389 451 2470 μὲν
481 2385 675 2470 μαρτυρίαν
706 2393 790 2472 ἔργα
820 2385 1011 2470 βεβαιῶσαι
1041 2377 1088 2457 οἷς
1109 2376 1215 2467 dipel

284 2494 337 2575 καὶ
361 2487 441 2567 τούς
462 2487 639 2578 μα’ρααρας
661 2485 883 2579 οἷαηλλᾰχθαι
899 2492 960 2557 τοῦ
976 2483 1123 2577 dynvas,
1138 2514 1215 2574 nepe

282 2596 321 2668 τό
355 2601 451 2685 σῶμα
486 2601 549 2685 τῆς
586 2593 789 2684 ανθρώπου,
817 2594 883 2684 τήν
909 2592 939 2665 ‹l’
966 2595 1161 2683 ἄνθρωπον
1188 2624 1215 2663 α.

282 2711 394 2784 αἰκίας
414 2708 666 2793 βασανίζεσθαι
683 2734 711 2773 κ.
727 2734 756 2776 τ.
773 2709 801 2774 λ.
838 2707 871 2772 Si
888 2725 994 2771 verum
1018 2708 1103 2771 esset
1126 2731 1215 2790 παρα

281 2815 382 2883 audiri
416 2816 542 2881 deberet
577 2808 766 2901 Θεοφήμου
798 2818 852 2880 ant
883 2807 1016 2897 τούτου,
1051 2813 1138 2895 qnod
1171 2813 1215 2879 fier

280 2925 369 3006 pacto
391 2940 481 3005 posse
511 2922 709 2988 manifestum
738 2921 794 3000 est,
824 2922 968 3004 quoniam
996 2919 1102 3002 ipsum
1133 2920 1212 3004 pond

280 3029 387 3094 tentiae
409 3029 441 3093 in
463 3028 522 3095 hoa
543 3047 654 3095 nomen
678 3031 732 3095 aut
751 3046 916 3111 pronomen
940 3024 1090 3092 incideret
1114 3028 1148 3091 et
1166 3028 1215 3091 inl

281 3135 401 3216 periodo
424 3134 462 3202 de
484 3134 644 3201 voluntate
669 3140 700 3200 et
722 3135 842 3201 aeliane
864 3135 992 3199 testium
1013 3132 1119 3216 agitur
1143 3135 1215 3217 (ol';

280 3240 344 3308 νῦν
376 3267 428 3307 πω
461 3243 609 3327 τολμῶσι
639 3267 666 3308 κ.
696 3269 726 3308 ο.
756 3245 809 3317 λ.).
863 3237 1063 3306 scribendum
1098 3242 1150 3305 est
1182 3259 1215 3305 ne

280 3359 392 3434 παρά
405 3343 565 3425 δόντας.
610 3349 672 3434 Ipsi
694 3368 727 3415 sa
750 3350 846 3414 testes
868 3349 997 3414 liberare
1018 3343 1137 3412 iudicio
1153 3365 1215 3429 ψει

278 3457 403 3543 νοριών
424 3456 564 3522 debuisse
588 3456 810 3541 significantur,
832 3453 946 3522 tradita
959 3454 990 3519 in
1006 3453 1213 3535 quaestinnem

279 3564 425 3645 quoniam
445 3562 491 3626 ita
512 3581 581 3627 num
605 3562 804 3645 Theophemo
825 3559 1055 3643 propinquitate
1084 3563 1117 3625 et
1140 3580 1212 3627 reru

278 3670 422 3735 munione
444 3668 595 3735 coniuncti
618 3669 690 3748 sint,
724 3670 759 3733 ut
787 3667 954 3733 inhaere
976 3664 1110 3731 eandem
1134 3672 1215 3753 atqu

277 3777 407 3857 phemus
438 3778 625 3859 potestatem
653 3776 802 3852 habeant;
834 3773 871 3839 cf.
892 3780 917 3859 ,ᾗ
939 3773 968 3837 9.
1024 3772 1176 3840 Ceterum

280 3881 392 3946 duritia
414 3882 560 3948 orationis
577 3881 609 3947 in
626 3883 839 3961 coniunctione
856 3878 1002 3946 infinitivi
1017 3879 1215 3970 simplieislp

279 3994 347 4066 nur)
368 3991 400 4053 et
422 3989 589 4056 accusativi
612 4008 683 4055 eum
712 3987 863 4055 infinitivo
892 3987 974 4052 idem
997 3987 1177 4054 subiectum
1200 3989 1215 4054 h

277 4094 316 4162 ad
340 4093 420 4179 quod
444 4097 581 4173 verbum,
598 4095 680 4162 unde
696 4096 817 4180 pendet
834 4095 962 4160 refertur
977 4098 1027 4172 (οἵ
1044 4119 1084 4180 γε
1106 4145 1161 4163 ...
1180 4122 1215 4163 en
