2678 5016
432 598 446 623 ⁸
470 664 490 685 ‘²'
527 657 650 717 Ovidius.
948 740 954 749 .
1029 665 1089 730 105
1116 720 1120 729 ⁸

193 852 321 938 Tityrus
345 851 488 938 anb'qnas
511 857 697 940 eoprmsudi
716 856 866 940 pasceret,
887 856 999 925 herbas

236 959 373 1040 aptaque
395 960 517 1024 venanti
539 960 665 1028 Gratius
687 981 775 1027 arms
799 962 906 1043 umet,

63 1057 121 1125 hoc
142 1063 208 1124 est:
230 1063 356 1126 etcum
381 1062 505 1130 Gratius
528 1066 616 1131 daret
637 1055 759 1145 herbas,
782 1068 835 1133 ubi
850 1068 974 1153 Tityrus
989 1073 1132 1152 pasceret

62 1165 203 1248 antiquas
237 1167 314 1245 (iam
345 1168 431 1250 apud
460 1166 804 1256 Verg'liumcantatasl
836 1192 959 1256 capras,
991 1174 1024 1240 et
1044 1194 1132 1244 arma

65 1271 187 1336 venanti
208 1273 291 1355 apta.

159 1481 198 1546 Iu
213 1482 374 1549 fastorum
384 1482 483 1559 libris,
497 1485 661 1567 inquibus,
675 1486 817 1552 extremis
831 1486 975 1567 maxime,
986 1489 1129 1571 quadam

66 1584 191 1651 Ouidius
213 1586 282 1669 ipse
302 1590 406 1655 minua
426 1590 582 1674 eleganter
604 1591 636 1655 et
657 1590 816 1674 perspicue
835 1589 949 1673 scripta
970 1592 1131 1675 reliquisse

66 1691 196 1766 videtur,
227 1691 261 1757 in
283 1693 399 1759 lubrico
420 1696 580 1778 scripturae
609 1695 809 1762 nodamenta
836 1714 934 1779 panca
955 1715 989 1763 se
1010 1697 1130 1764 obtule·

67 1800 156 1870 runt,
190 1797 224 1861 in
259 1800 368 1882 quibus
400 1800 516 1883 aliquid
549 1801 671 1868 effluere
706 1819 785 1866 nova
816 1801 1032 1868 emendatione
1053 1801 1131 1869 milri

67 1901 191 1967 uiderer.
242 1902 317 1982 Qnae
339 1903 415 1968 alios
437 1922 602 1988 occupasse
623 1904 711 1972 video
733 1908 781 1988 (ut
802 1907 860 1981 ΙΙΙ,
883 1907 944 1969 716
966 1907 1129 1976 Heinsium

66 2018 178 2089 portae,
199 2009 238 2084 V,
263 2007 323 2072 158
347 2007 518 2093 Gierigium
538 2018 650 2091 mom),
672 2010 722 2076 hio
744 2030 863 2096 quoque
886 2013 969 2080 tollo.

161 2114 232 2179 Lib.
256 2115 288 2189 Ι,
312 2113 371 2176 231
395 2115 459 2191 (nbi
480 2115 572 2182 lanus
595 2135 719 2182 oausam
741 2115 861 2192 reddit,
889 2135 942 2181 cur
973 2119 1006 2184 in
1030 2121 1129 2187 altera

8 2205 9 2208 '
69 2234 260 2285 nummorum
282 2223 370 2302 parte
391 2220 491 2286 forma
511 2221 615 2305 biceps
638 2224 706 2298 siti:

194 2325 332 2391 Noscere
354 2345 404 2392 me
427 2326 541 2409 duplici
561 2345 667 2409 posses
689 2331 724 2393 ut
744 2327 887 2411 imagine,
911 2327 997 2405 dixit,

239 2432 273 2496 ni
294 2433 387 2497 vetus.
403 2432 473 2515 ipsa
494 2431 558 2498 dies
582 2433 775 2497 extenuasset
796 2449 880 2515 opus.

71 2517 180 2618 Neque
203 2555 260 2619 per
289 2556 322 2602 se
353 2537 472 2602 consilii
509 2537 692 2622 significatio
725 2538 782 2619 (at)
811 2536 885 2603 ferri
905 2539 1010 2621 potest
1031 2556 1131 2622 neque

17 2630 18 2633 '
72 2656 132 2704 mm
162 2640 287 2707 adiecta
316 2642 498 2708 condicionis
529 2643 752 2727 significatione
782 2643 946 2710 conciliari.
1003 2641 1064 2708 Sed
1087 2643 1130 2721 in,

71 2745 144 2824 qnod
166 2747 197 2811 in
222 2747 340 2831 aliquot
361 2747 518 2814 codicibus
539 2748 750 2825 substituitur,
781 2749 831 2815 vix
851 2749 883 2814 in
904 2758 938 2810 ut
958 2748 1130 2815 bansismt.

71 2846 267 2917 Smbendum
290 2851 420 2930 videtur,
442 2853 634 2937 geminatae
655 2853 768 2932 littera,

616 2972 720 3041 posses
742 2959 795 3022 sub
816 2959 960 3043 imagine.

163 3063 232 3129 ibd
255 3063 328 3140 541,
351 3063 429 3127 542:

9 3205 10 3210 κ
102 3166 169 3233 Nec
192 3185 281 3233 mora
302 3167 393 3252 longe
415 3167 487 3246 fuit,
515 3171 639 3235 stabant
659 3188 741 3236 nova·
759 3171 852 3248 tecta,
875 3185 977 3250 neque-
994 3166 1071 3232 alter

146 3273 306 3339 montibus
327 3274 472 3339 Ausoniis
495 3274 616 3339 Arcade
638 3275 735 3340 maior
756 3275 831 3341 erat.

65 3375 181 3444 Parum
204 3380 289 3443 recte
312 3379 453 3445 universa
484 3378 576 3443 Italia
608 3380 732 3462 eiusque
759 3382 869 3464 gentes
901 3376 1054 3442 montium
1075 3393 1130 3458 ap-

62 3486 233 3568 pellatione
258 3485 484 3569 significantur3
507 3482 612 3566 opiner
634 3484 779 3550 Ovidium
800 3482 975 3565 scripsisse:

399 3589 549 3653 mentitae
572 3590 729 3668 Ausoniis,

62 3693 115 3762 boc
149 3696 209 3772 est,
231 3693 313 3776 apud
345 3694 465 3761 animos
499 3695 660 3760 Ausonum
681 3697 713 3760 et
744 3714 850 3762 eorum
882 3691 993 3758 iudicio
1029 3689 1122 3772 atque

63 3802 279 3868 neumatione.

162 3907 206 3983 II,
230 3905 290 3968 282
312 3903 425 3971 flamen
440 3905 540 3971 Dialis
553 3906 654 3990 sobac
668 3906 836 3991 (praeterito
862 3905 957 3970 etiam
978 3900 1130 3985 tempore)

65 4014 105 4075 ed
125 4014 194 4079 sols
216 4032 302 4078 sacra
324 4012 420 4077 Panis
441 4012 600 4095 perinepte
623 4013 741 4077 dieitur.
796 4010 858 4077 Sed
880 4018 945 4072 erat
966 4007 1132 4090 repetitum

68 4135 132 4183 ee.
156 4118 218 4181 280
248 4122 386 4203 apparet,
410 4118 497 4200 eique
527 4119 559 4182 in
592 4118 775 4200 quibusdam
799 4111 954 4181 codicibus
976 4111 1128 4178 substitu-

69 4226 133 4287 tum
156 4226 219 4286 erit.
260 4222 385 4289 Excidit
416 4222 511 4307 igitur
541 4223 668 4288 verbum
690 4224 729 4288 ab
749 4221 858 4288 Ouidio
884 4220 1040 4304 positum,
1074 4234 1131 4281 nec

10 4309 12 4336 ⁸
70 4326 155 4393 boile
173 4329 316 4412 reperiri,
349 4327 433 4414 quod
466 4328 560 4394 etiam
592 4328 693 4393 vomui
724 4326 909 4404 satisfaciat,
940 4326 1045 4407 potest
1067 4321 1128 4386 uisi

75 4448 176 4498 unum:
