2656 5056
520 773 677 828 Columella.
1029 775 1088 838 521

66 972 302 1054 Quamquam
323 972 418 1045 ista,
440 990 518 1055 quae
541 970 637 1035 nunc
659 973 817 1049 rettuli,
842 992 918 1037 non
945 978 1022 1040 tarn
1046 968 1133 1040 v'era

65 1079 229 1160 possunt
251 1076 388 1154 videri,
421 1097 528 1161 quam
567 1077 600 1142 si
633 1077 686 1142 sit
718 1078 867 1160 pullula
899 1080 1021 1156 terra,
1056 1100 1132 1163 quae
1155 1102 1166 1115 ‘¹
1216 1136 1220 1144 .

64 1184 206 1248 melius
229 1183 419 1265 proventu
443 1173 590 1267 frugum
614 1185 867 1267 approbatur,
894 1181 925 1248 in
949 1186 1058 1267 quibus
1080 1185 1133 1250 illa

67 1310 180 1374 quam
215 1290 246 1355 si
268 1289 320 1353 sit
361 1288 510 1371 pullula
545 1290 667 1372 omnino
700 1304 793 1355 sarran
831 1292 945 1355 carent.
999 1289 1061 1355 Sed
1101 1291 1132 1355 iu

65 1395 162 1479 Sang.
196 1397 244 1459 est
278 1395 398 1459 tantum
433 1412 545 1477 quarn
568 1394 690 1478 pulila
716 1395 851 1476 ¹(omisso
880 1396 914 1460 ai
937 1395 1015 1472 sit),
1052 1396 1133 1461 unde

9 1519 11 1523 ·
62 1499 459 1566 fauileefficiturrerum:
503 1500 741 1582 Quamquam
773 1500 853 1562 ista
965 1505 1132 1566 nontam

65 1608 334 1690 verapossunt
355 1604 478 1670 rideri
500 1624 612 1688 quam
630 1604 792 1667 subtilia
815 1607 1134 1690 (sapt.),terraqae

65 1714 208 1778 malins
259 1713 451 1795 prouentu>
494 1711 643 1794 frugum
694 1710 940 1792 approbatur.
1016 1713 1132 1778 Eodem
1194 1728 1197 1734 ·

65 1821 168 1903 capite
191 1823 210 1900 ς
233 1818 273 1880 26
294 1818 360 1883 haeo
382 1818 543 1900 leguntur:
591 1810 795 1898 Nunquam
824 1817 986 1882 stimulo
1009 1818 1133 1883 laces·

66 1929 127 1991 sat
152 1926 379 1996 iuvencum,
413 1922 511 2005 quod
548 1921 830 1985 retrectantem
859 1922 1132 1989 calcitrosum-

66 2050 139 2118 que
183 2049 262 2095 enm
309 2029 445 2093 r'eddit.
506 2027 573 2092 Non
613 2028 720 2109 aptum
763 2026 968 2110 participium.
1034 2028 1133 2094 Codex

65 2138 163 2222 Sang.
184 2137 388 2202 iuvencum
407 2152 485 2217 quae
508 2151 622 2198 reseae
644 2133 795 2203 tratum.
821 2132 979 2198 oddrett.
996 2135 1142 2200 iuven-5

64 2260 227 2324 cumque
249 2243 354 2305 reste
377 2242 558 2304 tractum.
597 2237 725 2303 Subest:
747 2237 788 2309 N.
811 2241 855 2303 st.
878 2237 898 2301 l.
922 2239 1132 2318 iuvencum,

66 2368 151 2431 qrrae
169 2366 229 2407 rea
247 2343 500 2430 praefractam
534 2345 865 2427 calcitrosumque
891 2363 971 2411 eum
994 2346 1132 2412 reddit.
1179 2403 1190 2423 ,

64 2454 113 2517 De
136 2470 212 2516 vace
235 2451 295 2516 vid.
317 2451 394 2515 lar.-

170 2576 1133 2674 lbd.4‚10,ubiSchneiderusGoesinmsecutustranspoeitione

64 2698 292 2764 intolerabilem
304 2697 384 2761 hunc
395 2697 555 2761 verborum
567 2695 711 2789 ordinem
721 2694 837 2760 effecit:
860 2695 930 2760 Sed
952 2695 1026 2760 tali
1041 2715 1130 2780 agro

63 2804 101 2870 in
126 2803 281 2879 arando,
304 2801 446 2867 addenda
458 2804 524 2867 erat
535 2800 637 2884 potius
652 2802 834 2884 praepositio,
852 2821 918 2885 quae
940 2802 1131 2889 praecedento

63 2913 172 2976 littera
207 2932 238 2970 m
274 2909 446 2990 intercepta
473 2909 535 2972 est:
581 2908 631 2971 Ac
665 2906 830 2971 totidem
863 2908 1006 2989 operis,
1040 2910 1132 2991 quot

62 3015 252 3100 uliginosi
273 3013 413 3097 campi,
451 3013 639 3078 excolitur
660 3013 837 3096 iugerum
861 3015 899 3074 ia
921 3013 997 3079 tali
1030 3032 1128 3098 agro.

63 3121 140 3188 Sed
172 3121 209 3185 in
232 3119 375 3185 arando
397 3120 454 3184 cet.

169 3260 234 3325 lbd.
257 3261 287 3337 9,
318 3258 355 3323 18
378 3259 492 3324 editur:
536 3260 588 3324 Ea
624 3279 706 3324 cum
739 3259 870 3342 spicas
902 3260 1130 3338 ediderunt,

151 3384 260 3438 maun
288 3368 500 3448 carpuntur
528 3365 581 3442 at,
712 3383 792 3429 cum
826 3365 1028 3431 adsiccata
1050 3364 1132 3429 fne-

63 3475 157 3549 rint,
185 3471 459 3550 reconduntur,
493 3470 640 3536 mendum
662 3471 750 3548 illud,
784 3470 864 3553 qnod
902 3490 982 3554 sape
1011 3471 1130 3545 sustuli,

63 3577 269 3661 redarguente
292 3574 415 3648 eadem,
448 3594 541 3658 qnam
576 3576 737 3659 aliquoties
771 3577 884 3652 notari,
908 3577 1124 3651 inconstantia

63 3683 131 3768 (cfr.
166 3681 205 3745 ad
227 3680 334 3747 Sanco.
366 3681 488 3763 quaestt.
519 3686 582 3748 nat.
605 3684 666 3761 IV,
701 3683 731 3759 2,
762 3681 825 3759 Ὦ).
873 3681 1001 3747 Codices
1025 3682 1128 3764 (Sang.

63 3793 95 3853 et
119 3786 279 3864 Politiani)
302 3790 383 3852 recto
405 3787 694 3864 adstreperent,
717 3805 775 3870 quo
808 3786 900 3850 verbo
928 3787 1022 3852 etiarn
1058 3788 1132 3853 alibi

63 3892 239 3959 Columella
249 3910 322 3967 usus
334 3895 390 3956 est.
415 3890 488 3973 Gap.
501 3891 550 3964 20.
567 3892 642 3968 2(si
664 3910 751 3957 vero
767 3876 959 3973 procella.
974 3941 980 3955 .
995 3894 1146 3958 .inoes·¹

62 3998 204 4073 serint)
227 4016 332 4080 rorum
362 3997 504 4063 ecodice
531 3994 675 4060 Politiaui
698 3999 862 4061 annotatur
883 4015 977 4078 pravo
998 3999 1072 4072 loco,
1101 4000 1133 4062 et

62 4105 210 4172 scribitur
232 4103 328 4169 tribus
359 4104 495 4169 versibus
517 4102 602 4184 post:
634 4119 716 4165 cum
808 4102 976 4168 colorem
1005 4107 1131 4168 trare-

61 4213 164 4276 runt.
208 4210 264 4283 111,
295 4208 334 4286 3,
366 4211 387 4272 4
419 4210 494 4275 item
517 4210 626 4274 siletur
648 4206 680 4271 in
702 4208 766 4273 his:
801 4208 866 4273 sed
900 4212 937 4272 et
967 4209 1000 4273 si
1028 4209 1132 4273 forte

60 4314 324 4392 adoleverint,
347 4313 602 4399 negligenter
623 4315 772 4389 colunt,
805 4313 860 4377 sed
882 4313 950 4388 Vll,
974 4313 1003 4388 4,
1026 4314 1057 4392 4,
1080 4314 1133 4378 ubi

59 4422 179 4489 editur:
228 4438 309 4486 cum
352 4421 541 4486 bimatum
584 4419 848 4503 expleverint,
903 4426 1127 4501 enecantur,
