2656 5056
245 279 308 341 474
596 256 742 335 usuum.
762 278 827 347 cap.
840 279 887 335 1v.

203 477 332 555 Eraemc
370 474 531 540 edebatur:
562 476 602 540 in
632 477 716 542 dies
747 477 930 543 deterius.
974 477 1194 544 Revcmndum
1221 480 1259 542 eet

206 600 277 663 ep,
298 581 360 659 Au
384 581 511 658 cetere,
545 582 626 664 quod
648 583 754 664 primae
776 582 927 647 editiones
954 584 1142 651 tenuerant:
1175 581 1260 668 quod

206 707 279 753 ncn
303 688 377 752 fiat
408 688 446 752 iu
477 687 561 753 dies
591 688 685 764 eiua,
718 688 776 752 cui
798 705 866 752 uon
889 689 1014 771 possit
1039 690 1205 766 obstari,
1234 689 1260 752 id

203 795 262 868 eet
284 794 461 870 vetustatie;
487 794 578 858 huiue
610 795 692 858 anim
720 793 822 857 omnia
857 794 968 874 praeter
989 794 1128 860 animum
1155 797 1259 862 senaim

204 897 291 962 liunt.
359 898 542 974 Dormitarit
581 898 737 965 Erasmus.
802 900 849 975 (In
883 917 928 981 ep.
979 897 1037 976 32,
1082 900 1103 963 3
1148 903 1259 986 egregie

204 1003 351 1081 Gronov.)

301 1109 357 1192 Ep.
384 1108 436 1182 33,
468 1110 502 1172 5:
529 1108 650 1187 Quare
674 1109 820 1191 depone
852 1111 966 1175 istam
997 1129 1116 1192 spem,
1152 1130 1258 1194 posse

201 1220 240 1278 ta
263 1216 481 1279 summatim
505 1215 884 1299 degustareingenia
906 1216 1155 1282 maximorum
1172 1218 1260 1282 vire

203 1338 299 1392 rum;
332 1323 414 1385 tota
444 1320 518 1385 tibi
539 1321 781 1403 inspicienda
804 1323 906 1396 eunt,
948 1323 1030 1387 tote
1052 1322 1260 1387 tractanda

202 1425 278 1489 Res
310 1426 467 1507 geritur
489 1428 528 1490 et
550 1444 616 1509 per
637 1427 869 1491 lineamenta
899 1446 967 1491 sua
994 1427 1148 1510 ingenii
1172 1448 1259 1512 opus

203 1531 391 1618 nectitur,
426 1550 467 1596 ar
489 1551 560 1614 quc
581 1530 677 1596 nihil
699 1531 861 1595 subduci
882 1533 967 1597 eina
989 1533 1102 1598 ruina
1124 1536 1259 1617 potest.

202 1636 287 1703 Nihil
310 1639 441 1710 omnino,
473 1638 553 1721 quod
585 1637 624 1702 ad
656 1636 737 1699 lmuc
758 1636 999 1703 indissolubilem
1023 1639 1120 1704 tctiue
1143 1643 1176 1705 et
1196 1658 1260 1722 par·

201 1745 279 1809 tium
302 1763 412 1808 nerum
434 1743 597 1825 pertineat,
619 1742 791 1825 significare
813 1744 943 1825 possunt
963 1744 1056 1808 verba
1077 1764 1141 1810 ree
1163 1747 1258 1828 geri·

200 1851 280 1923 tur,
317 1848 482 1914 adactum
515 1853 547 1913 et
581 1866 714 1930 pugnam
745 1850 924 1930 spectantia.
974 1849 1178 1915 Scribeudum
1202 1854 1258 1915 est:

203 1954 274 2018 Res
306 1956 451 2016 ecrite-r
484 1953 750 2031 (consortiari).
803 1955 898 2019 Paulo
921 1960 990 2037 poet
1011 1955 1032 2041 ξ
1054 1956 1072 2016 7
1097 1958 1196 2022 oratic
1218 1957 1257 2021 sic

200 2061 400 2142 dispcecenda
434 2063 499 2124 est:
544 2059 632 2123 Ideo
675 2061 804 2140 pueris
839 2064 879 2126 et
922 2063 1146 2127 sententias
1183 2062 1259 2126 edi·

200 2165 360 2231 suendae
383 2166 518 2231 demus
544 2213 612 2245 ...,
645 2165 733 2247 quia
754 2167 958 2250 complecti
980 2167 1074 2253 illae
1095 2168 1258 2249 puerilis

198 2272 349 2337 animus
372 2275 517 2355 potest,
540 2272 627 2354 quia
648 2272 733 2352 plue
756 2273 875 2337 adhuc
897 2290 966 2336 ucu
992 2274 1106 2353 capit
1161 2273 1272 2342 Certi.

198 2378 400 2461 profectus
436 2379 519 2442 viro
553 2377 711 2458 captare
744 2376 927 2442 flosculos
963 2382 1076 2460 turpe
1109 2384 1178 2445 eet.
1227 2380 1258 2443 Iu

200 2503 294 2566 puero
316 2484 451 2549 noudum
475 2484 523 2548 cet
545 2485 647 2547 certus
669 2482 831 2564 proiectus.
866 2483 944 2547 Tum
967 2483 988 2569 ξ
1010 2483 1029 2546 8
1051 2485 1258 2549 scribendum:

199 2593 249 2655 At
270 2593 404 2655 contra
437 2590 536 2655 scire
570 2591 633 2653 eet
660 2607 730 2653 ena
758 2588 883 2654 facere
906 2589 1025 2672 (vulgcz
1050 2594 1111 2655 eet
1134 2595 1174 2656 et
1194 2608 1259 2656 eua

137 2677 139 2681 ⁸
198 2696 282 2774 iac.)
305 2713 463 2778 quaque
487 2712 554 2758 nec
577 2693 621 2759 ad
649 2696 843 2776 exemplar
866 2695 1041 2777 pendere.

298 2800 353 2883 Ep.
383 2800 435 2873 34,
461 2800 480 2862 2
511 2802 543 2864 et
564 2798 600 2864 3:
632 2801 794 2871 etnunc
821 2801 920 2865 idem
950 2801 1066 2878 laci03
1100 2802 1166 2867 sad
1188 2803 1260 2866 iam

199 2909 415 2974 currentem
437 2907 571 2971 hcrtcr
592 2908 629 2969 et
649 2904 813 2969 invicem
838 2904 1067 2971 hortantem.
1113 2907 1163 2971 Ad
1185 2908 1259 2972 hauc

201 3011 324 3079 Seneca
345 3011 467 3078 laudem
500 3001 636 3078 Lucilius
658 3010 797 3075 subiicit:
842 3011 939 3092 Quid
965 3012 1086 3091 aliud,
1118 3013 1258 3096 inquis,

198 3120 317 3184 adhuc
339 3119 444 3183 relc'?
467 3119 559 3194 mire,
585 3118 671 3201 quasi
694 3117 810 3181 Seneca
831 3119 1049 3203 significaverit
1071 3120 1258 3185 voluntatem

196 3227 262 3290 aine
295 3228 447 3290 mutatam
492 3227 524 3288 et
565 3243 644 3288 nune
676 3225 777 3289 minue
799 3225 830 3289 iu
865 3245 899 3291 eo
931 3225 1025 3290 studii
1061 3243 1139 3291 cese.
1184 3225 1260 3290 Mire

197 3334 291 3398 etiam
336 3335 454 3396 Seneca
490 3331 696 3414 persequitur:
742 3330 782 3393 ln
827 3331 897 3395 hcc
940 3331 1146 3415 plurimum
1190 3335 1259 3404 eet;

292 3456 379 3521 pare
408 3455 544 3520 magna
573 3436 766 3502 bonitatis
788 3440 848 3501 eet
869 3437 968 3501 velle
990 3437 1081 3501 lieri
1116 3438 1259 3502 bonum.

198 3546 336 3627 Apparet
357 3542 509 3620 Lucilium
539 3541 678 3606 modeste
700 3541 823 3607 laudem
849 3539 1047 3623 deprecatum
1082 3561 1171 3620 esse..
1191 3560 1260 3606 cnm

196 3649 312 3716 diceret
344 3666 377 3713 ee
399 3649 497 3713 adhuc
519 3648 597 3713 velle
619 3647 753 3720 tantum,
775 3666 834 3712 uon
856 3647 1030 3729 perfecisse,
1053 3648 1135 3730 quod
1157 3648 1260 3724 seua,

195 3754 344 3820 Senecam
383 3754 414 3817 iu
461 3755 529 3836 ipsa
568 3755 727 3820 voluntate
771 3752 903 3818 multum
936 3754 998 3817 iam
1036 3772 1105 3819 esee
1152 3753 1260 3820 dicere.

194 3859 366 3944 Scripserat
400 3859 495 3942 igitur
527 3860 656 3925 Seneca:
700 3858 798 3939 Quid
835 3858 961 3932 aliud,
998 3860 1149 3942 inquis,
1195 3860 1261 3925 ad·

194 3963 265 4029 huc
286 3966 362 4027 aiei
382 3966 490 4030 vole?
