2648 5084
364 739 366 744 .
447 687 543 759 script.
563 688 635 743 Hist.
655 688 723 758 bng.
1012 686 1069 749 651

47 889 132 976 qnod
155 877 248 964 bons,
271 908 339 972 quse
360 888 484 955 consilia
499 889 586 972 tegit,
610 892 642 952 et
662 886 824 970 prudentia
845 888 999 954 interdum
1021 887 1115 954 nimis

48 997 255 1080 pervicaciter
275 997 403 1079 pectoris
426 998 531 1067 motus,
551 995 703 1059 celaverit.
749 982 754 991 ’

155 1101 255 1168 Oarin.
280 1102 334 1166 19:
378 1100 471 1166 Nam
494 1104 532 1166 et
563 1101 809 1171 neurobaten.
842 1099 908 1183 qui
940 1102 1045 1166 velut
1078 1103 1113 1165 in

49 1209 186 1273 ventis
209 1208 467 1274 cothurnatus
487 1207 678 1284 ferretur,
708 1204 901 1283 exhibuit,
932 1212 968 1272 et
990 1208 1115 1272 ticho-

50 1315 190 1390 baten,
233 1314 293 1397 qui
334 1332 399 1396 per
436 1314 623 1397 parietem
660 1332 746 1378 urso
781 1313 894 1379 eluso
930 1316 1114 1379 cucurrit.

50 1422 168 1506 Agitur
202 1424 251 1498 (ut
279 1439 296 1485 e
324 1420 477 1485 tichobate
508 1419 703 1503 intelligitur)
737 1437 793 1483 nou
828 1418 865 1483 de
897 1419 981 1485 inani
1014 1421 1115 1501 specie

49 1527 157 1593 oculos
178 1525 349 1610 decipiente
383 1531 427 1603 (et
447 1524 597 1610 quomodo
628 1523 800 1591 efficeretur
824 1527 941 1609 species
962 1528 993 1592 in
1015 1527 1115 1593 ventis

50 1632 239 1714 currentisll
275 1632 330 1698 sed
352 1631 389 1697 de
410 1651 480 1696 veru
501 1634 568 1697 arte
588 1631 856 1712 periculosissima.
899 1632 1114 1699 Scribendnm:

50 1740 118 1823 qni
141 1738 270 1800 seruis
290 1739 449 1801 inteolis
471 1737 724 1803 cothurnatus
745 1739 921 1804 terretur.
954 1740 1115 1805 lltnervcs
1145 1818 1148 1827 Ι

48 1846 179 1910 subesse
207 1844 365 1910 Turnebus
387 1846 541 1916 senserat,
575 1843 627 1907 sed
650 1844 716 1910 loco
738 1863 795 1909 non
819 1849 900 1910 recto
924 1845 1113 1928 qussivcrst.

496 2358 579 2442 Cap.
605 2358 675 2422 lll.

179 2558 341 2628 Fragmenta
360 2560 479 2614 veterum
498 2561 659 2630 scriptorum
677 2557 748 2629 apud
767 2558 883 2613 Nouium
902 2560 996 2630 posita.
1015 2534 1018 2540 ἱ
1059 2638 1061 2642 Ι

157 2796 224 2860 Etsi
247 2814 343 2879 neque
365 2795 634 2880 grammaticorum
650 2795 828 2861 Latinorum
849 2795 998 2860 inferioris
1017 2797 1117 2860 statis

53 2903 153 2967 libros
175 2920 229 2984 per
250 2920 294 2978 se,
319 2902 378 2967 nisi
398 2903 544 2985 quantum
568 2900 696 2966 aliorum
719 2900 890 2967 studiorum
912 2902 990 2968 ratio
1012 2904 1118 2984 postu·

52 3009 152 3083 labat,
174 3009 305 3073 bmtavi
326 3026 424 3091 neque
444 3007 673 3091 infragmentis
688 3008 777 3073 unius
794 3009 966 3091 pluriumve
982 3012 1117 3073 veterum

51 3114 250 3195 scriptorum,
280 3113 332 3197 qui
353 3114 582 3191 interciderunt,
605 3113 793 3198 colligendis,
823 3117 854 3180 in
876 3115 1013 3182 ordinem
1037 3115 1118 3180 redi·

24 3256 28 3262 Δ
50 3217 166 3302 gendis
182 3219 417 3284 emendandisve
428 3240 561 3304 unquam
574 3221 723 3311 propriam
741 3224 979 3305 perpetuamque
994 3240 1116 3304 operam

52 3324 154 3408 posui.
179 3326 283 3390 brnen
306 3344 397 3408 prope
418 3345 491 3393 caen
512 3328 634 3404 accidit,
660 3330 696 3394 ut
716 3328 747 3393 iu
772 3328 996 3410 amplissimam
1018 3327 1119 3392 diver-

53 3430 273 3514 sissimamque
294 3431 467 3497 huiusmodi
498 3434 694 3516 reliquiarum
715 3435 852 3516 copiam,
888 3453 980 3517 quam
1003 3432 1118 3498 Nonius

52 3536 224 3602 Marcellus
246 3556 342 3620 neque
363 3539 558 3621 satisperite
587 3558 684 3623 neque
712 3540 788 3605 satis
810 3539 973 3623 diligenter
994 3537 1119 3621 collegit

53 3643 106 3708 vel
129 3642 168 3707 ab
190 3642 427 3708 uliiscollectam
441 3647 624 3726 composuit,
645 3645 735 3727 paulo
757 3645 825 3727 plus
847 3664 943 3728 opcrae
965 3643 1118 3727 studiique

53 3750 237 3816 conferrem.
296 3749 375 3815 Nam
399 3751 529 3816 eumad
552 3752 685 3817 Nonium
708 3753 840 3835 primum
864 3749 1017 3817 Ciceronis
1038 3751 1118 3814 loco-

53 3877 125 3923 rum
149 3876 256 3931 causa,
283 3856 336 3939 qui
357 3857 438 3938 apud
461 3875 530 3922 eum
553 3850 677 3939 plurimi
698 3858 884 3932 excitantur,
913 3859 984 3922 ante
1005 3856 1117 3921 multos
1163 3906 1165 3909 .

55 3982 154 4028 annos
183 3963 303 4029 delatus
331 3963 503 4028 necessario
529 3964 701 4030 universam
729 3964 799 4029 libri
826 3965 956 4030 formam
984 3963 1118 4034 condici-

54 4052 206 4152 onemqne
229 4069 478 4141 considerassem,
520 4069 643 4135 illectus
666 4075 697 4136 et
718 4070 897 4136 mendorum
921 4070 1117 4136 multitudine

33 4181 88 4251 ,et
110 4177 260 4242 varietate
290 4179 322 4241 et
350 4176 534 4251 multorum,
568 4177 594 4241 si
617 4177 684 4259 quis
707 4177 825 4242 errandi
847 4194 959 4260 genera
981 4180 1118 4242 notasset

54 4284 218 4380 tenuisque
241 4281 462 4348 sententiarum
488 4280 600 4347 indicia
622 4283 753 4364 arripere
776 4284 877 4359 sciret,
913 4280 1117 4348 emendando·
1218 4333 1224 4346 .

54 4389 294 4455 numlacilitate
316 4388 443 4454 subinde
471 4391 578 4472 paucis
604 4389 686 4454 horis
708 4389 873 4455 subsecivis
896 4389 1117 4454 exercitationis

56 4502 89 4562 et
123 4516 209 4582 paene
246 4496 331 4562 lusus
368 4514 460 4560 causa
484 4497 625 4581 paginas
660 4495 778 4578 aliquot
812 4495 1022 4579 percurrebam
1059 4514 1118 4559 uno
