2656 5056
239 268 280 331 eg
611 264 671 318 nro.
691 265 727 318 11.
747 264 811 333 rap.
833 266 856 319 1.

198 463 477 546 peperissent,
521 463 803 546 perfecerunt,
850 464 895 527 ut
937 512 946 528 .
983 513 991 529 .
1033 464 1259 530 auctoritate

200 570 290 652 plus
314 571 435 635 etiam
456 587 570 652 quam
592 567 680 649 ipso
706 567 877 648 ingenio
901 570 1125 636 valerent.

303 732 379 796 lbid.
409 733 487 796 219:
520 730 636 796 nobis
668 735 818 808 tamen,
852 734 923 816 qui
964 735 1005 797 in
1044 736 1121 800 hoc
1152 733 1261 817 popule

200 839 370 921 foroque
400 855 623 914 versamur,
654 838 760 902 satis
790 842 850 902 est
873 856 918 902 ea
945 839 997 902 de
1021 837 1262 905 moribushc
1293 915 1298 935 .

200 946 344 1008 minum
369 945 408 1007 et
437 943 542 1008 scire
572 949 609 1007 et
639 942 792 1017 dicere,
828 963 913 1027 quae
952 963 1034 1009 nou
1073 947 1263 1010 abhorrent

201 1051 247 1115 ab
269 1049 470 1113 hominum
493 1049 685 1117 moribus,
740 1051 856 1115 Vitiose
888 1069 1088 1116 concurrere
1113 1053 1157 1117 de
1179 1054 1264 1116 nori·

200 1157 273 1220 bus
296 1154 497 1218 hominum
522 1157 553 1219 et
574 1157 619 1220 ab
649 1156 850 1221 hominum
882 1158 1080 1223 moribus
1106 1161 1219 1242 pridem
1236 1159 1264 1221 io·

201 1261 361 1327 tellectum
391 1262 453 1336 est3
484 1262 537 1326 sed
566 1263 670 1327 mendi
700 1262 787 1326 sedes
809 1281 878 1337 nou,
902 1263 939 1326 ut
964 1264 1143 1329 Ernestius
1164 1267 1266 1346 putarit

201 1368 232 1431 in
256 1367 407 1451 prioribus
430 1368 532 1433 rerbis
555 1370 610 1440 est,
645 1386 712 1452 quae
741 1372 821 1432 recte
849 1368 896 1442 iis,
926 1386 1003 1449 quae
1027 1372 1216 1450 praecedunt
1235 1391 1267 1434 re

203 1474 363 1556 spondent,
397 1474 451 1538 sed
484 1475 583 1539 altero
616 1474 700 1550 loco;
734 1492 831 1557 neque
865 1473 948 1537 enirn
986 1479 1101 1540 orator
1132 1478 1171 1541 ad
1194 1496 1268 1540 mons

204 1580 363 1645 hominum
396 1580 558 1645 scientiam
592 1598 680 1644 suom
713 1580 942 1662 orationemque
978 1584 1213 1658 accommodat
1231 1583 1268 1646 sel

203 1685 241 1749 ad
265 1687 382 1750 animos
405 1687 437 1751 et
460 1685 634 1751 voluntates
658 1687 689 1750 et
711 1684 750 1750 ad
772 1684 814 1768 id,
838 1686 919 1767 quod
944 1685 1093 1752 libenter
1115 1690 1269 1753 admittitur

204 1791 395 1875 audituique.
449 1791 589 1875 Simplici
612 1793 716 1857 littera
744 1812 775 1856 m
803 1791 948 1855 restituta
972 1811 1033 1874 pro
1057 1797 1228 1878 geminata
1246 1814 1271 1858 er

204 1896 261 1960 hac
294 1897 458 1979 scriptura:
493 1900 538 1965 ab
568 1899 773 1963 hominum
805 1897 946 1962 oribus
983 1898 1146 1966 facillime
1178 1903 1272 1967 emitur

205 2022 324 2068 rerum:
348 2021 430 2085 quae
452 2023 525 2069 non
548 2005 770 2070 abhorrent
792 2005 834 2067 ab
857 2004 1073 2072 bominum
1099 2008 1273 2075 auribus.

204 2111 260 2176 hoc
282 2113 338 2185 est,
363 2129 430 2193 quae
453 2111 515 2176 illae
538 2110 670 2175 libenter
691 2109 853 2192 accipiunt.

305 2276 385 2342 lbid.
408 2280 488 2344 236:
513 2279 605 2344 Nam
630 2279 661 2345 si
685 2278 744 2342 ita
766 2276 940 2350 diceres,
966 2280 1045 2360 qui
1069 2281 1178 2347 iuris
1204 2301 1274 2346 con·

205 2383 343 2447 sultus
367 2390 496 2459 esset,
521 2405 611 2452 osse
634 2405 716 2451 eum
742 2385 968 2457 oratorem,
1000 2384 1193 2470 itemque
1219 2387 1272 2470 qui

205 2490 316 2556 esset
355 2495 509 2568 orator,
550 2492 655 2557 iuris
696 2488 864 2555 eundem
899 2507 991 2553 csse
1027 2496 1272 2561 consultum.

206 2595 428 2678 praeclaras
452 2597 551 2662 duas
575 2601 688 2662 artes
710 2594 993 2662 constitueres
1024 2600 1157 2681 atque
1188 2602 1275 2665 inter

207 2721 246 2767 se
279 2720 396 2784 pares
429 2706 467 2766 et
501 2704 680 2769 eiusdem
714 2703 847 2767 socias
879 2701 1135 2784 dignitatis.
1194 2707 1224 2771 Si
1250 2703 1273 2767 id
1315 2704 1316 2708 ’

208 2807 335 2874 Crassus
358 2807 482 2882 diceret,
507 2810 589 2892 quod
611 2810 712 2887 rerba,
736 2810 771 2873 ut
790 2826 869 2872 nuuc
890 2808 1085 2883 scribuntur,
1101 2812 1273 2896 significant

206 2915 281 2981 iuris
298 2915 461 2999 prudentia
483 2915 577 2980 simul
600 2916 806 2998 eloquentiam
829 2915 987 2990 contineri,
1009 2916 1273 3000 eloquentiaiuris

207 3021 412 3103 prudenciam,
436 3039 496 3085 non
520 3021 596 3086 duas
619 3022 820 3088 constitueret
840 3023 931 3095 artes,
948 3020 1004 3085 sed
1021 3022 1055 3086 in
1073 3043 1171 3088 unam
1187 3025 1273 3088 omnia

208 3126 361 3202 conflaret,
392 3127 475 3211 quod
500 3128 768 3193 vehementissime
790 3126 953 3202 Antonius,
984 3127 1040 3210 qui
1066 3130 1118 3195 bic
1142 3131 1272 3213 loquitur,

208 3232 363 3313 improbat
384 3237 476 3317 atque
499 3235 543 3299 sic
566 3235 713 3317 disputat,
742 3231 864 3299 etiamsi
886 3231 1037 3315 singulari
1063 3235 1188 3319 ingenii
1209 3254 1272 3320 pra·

208 3339 325 3405 stantia
346 3340 458 3423 aliquis
480 3344 642 3424 utramque
664 3344 761 3406 artem
785 3337 1035 3420 comprehendat,
1061 3341 1165 3406 nihilo
1182 3346 1271 3407 tamen

208 3447 312 3512 minus
335 3446 411 3510 duas
434 3465 487 3528 per
509 3466 541 3510 se
564 3465 640 3512 esse.
686 3446 828 3528 Corrupit
842 3446 1029 3510 sententiam
1049 3448 1181 3512 verbum
1201 3464 1273 3511 esse

209 3553 309 3634 priore
330 3552 408 3625 loco,
430 3552 482 3617 ubi
505 3551 537 3615 id
559 3551 625 3635 ipse
641 3551 715 3617 ordo
730 3552 763 3616 et
779 3551 897 3634 positus
914 3550 1020 3614 mendi
1036 3553 1146 3636 arguit
1162 3566 1215 3627 (-
1228 3552 1272 3615 de

209 3659 302 3721 behet
324 3657 406 3721 enim
428 3658 533 3722 scribi:
559 3677 661 3736 eum,
682 3657 731 3722 rel
752 3659 854 3739 potius
877 3655 1061 3735 eundem,
1087 3678 1180 3725 esse
1202 3677 1272 3722 ora·

211 3765 336 3826 torem
361 3770 423 3840 -),
448 3783 501 3846 pro
526 3764 624 3829 altero
646 3783 739 3848 prave
762 3765 883 3828 illatum
906 3762 955 3828 rel
977 3764 1084 3843 potius
1108 3766 1148 3829 ad
1176 3768 1273 3829 esset

210 3869 492 3946 accommodatum
530 3868 636 3936 Cicero
673 3871 754 3935 enim
795 3870 974 3952 scripserat:
1019 3869 1116 3936 Nam
1155 3874 1188 3937 si
1224 3872 1275 3934 ita

210 3972 383 4045 diceres,
419 3978 486 4058 qui
510 3977 615 4042 iuris
646 3977 861 4042 consultus
885 3978 1010 4053 esset,
1044 3995 1172 4061 posse
1200 3994 1273 4042 curn

210 4083 426 4158 oratorem,
460 4084 637 4167 itemque
660 4083 727 4167 qui
751 4083 860 4146 esset
881 4085 1034 4157 orator,
1058 4083 1167 4151 iuris
1190 4102 1273 4149 eun·
