2648 5084
256 281 317 346 596
629 277 688 334 Lib.
698 275 747 333 IX.
760 277 825 347 Cap.
838 277 862 332 1.

214 484 350 568 potiores
372 498 448 548 esse.
492 476 604 543 Facilis
637 479 670 541 et
690 481 775 542 eerta
802 475 979 543 emendatio
1003 480 1071 544 est:
1118 479 1161 541 In
1183 502 1263 565 equo

215 606 333 655 eausa
350 586 508 680 feminea
526 582 810 687 ririspotiores
828 583 982 648 habita..
1001 584 1083 651 Oum
1095 586 1265 672 aequogrndn

165 712 168 717 ·
217 698 264 762 rir
285 699 317 761 et
338 695 453 760 femina
474 693 579 757 essent
601 689 699 767 (velut
726 688 862 772 pupillus
884 690 1068 776 pnpillaqne
1089 697 1146 758 aut
1166 699 1266 776 nteqo

104 795 135 813 ”
217 803 313 868 eliens
336 798 540 877 solemnis),
574 795 691 862 femina
723 794 824 879 potior
851 795 1037 862 habebatur.
1099 800 1218 865 Excidit
1242 801 1266 863 in

215 913 287 994 post
308 910 345 973 ni
368 905 531 986 (adfini),
552 908 621 970 tum
644 921 806 985 araeque
828 900 944 966 iactum
969 906 1021 968 est
1044 904 1090 968 de
1115 925 1197 988 qua.

214 1025 216 1030 '
315 1011 515 1089 Italos:
559 1007 631 1074 Sed
655 1008 797 1080 bissa,
831 1027 911 1091 quae
934 1028 1009 1074 non
1034 1009 1189 1077 diutina
1210 1031 1268 1077 mn·

217 1122 444 1207 ginandnm,
482 1115 740 1197 eiusdemque
770 1113 887 1179 illins
914 1114 1092 1181 Enniani
1121 1118 1270 1201 Neopto·

219 1229 313 1293 lemi
451 1221 625 1288 oonsilio
667 1220 856 1285 utendum
894 1227 963 1285 est.
1030 1221 1215 1290 Perversnm
1243 1241 1271 1287 ea

220 1353 300 1418 qnae
332 1328 459 1415 betaque
492 1328 689 1394 eonatmetio.
734 1326 950 1392 scribendum:
1001 1326 1083 1394 Sed
1114 1329 1177 1394 bie
1204 1349 1271 1414 qao

219 1461 288 1526 que
319 1456 392 1502 non
426 1435 580 1500 diutius
612 1433 900 1518 maginandum.
949 1432 990 1497 dt
1014 1434 1064 1500 sie
1089 1434 1155 1500 ianr
1179 1434 1273 1502 Grono

219 1547 295 1617 rius,
318 1543 379 1608 nisi
400 1542 480 1626 quod
503 1542 604 1606 minus
626 1544 710 1606 reete
732 1540 807 1604 hae
827 1558 983 1622 quoqne.

318 1650 386 1715 Lib.
408 1649 452 1713 VI
474 1647 560 1727 (elim
582 1647 664 1724 vll),
698 1645 727 1722 3,
753 1646 791 1708 16
813 1647 843 1710 in
866 1645 1044 1729 fragmento
1069 1646 1208 1727 Catonis,
1239 1646 1274 1712 nbi

98 1757 100 1760 ⁴
126 1827 129 1833 ,
223 1755 367 1823 Hertnins
389 1756 513 1821 seontus
535 1754 583 1818 est
605 1742 852 1818 emendationem
872 1752 943 1847 olim
967 1771 986 1818 a
1009 1773 1064 1819 ms
1088 1752 1273 1838 opuseaerd

221 1864 253 1928 Π
274 1883 303 1946 p.
335 1861 393 1924 125
416 1880 445 1926 n.
468 1859 655 1945 propositam
678 1872 813 1942 tneque
834 1877 961 1942 regem
992 1860 1151 1928 Person
1182 1861 1275 1929 vinei

225 1963 297 2035 Sed
333 1987 405 2034 non
442 1964 692 2032 Rhodienses
722 1964 832 2029 mode
855 1970 941 2042 eet),
973 1969 1131 2049 praterea
1160 1973 1276 2034 extreme

219 2076 286 2140 loco
309 2072 504 2140 scribendum
528 2072 593 2137 est:
616 2070 715 2155 quod
737 2070 802 2135 illi
827 2075 954 2137 tamen
978 2077 1174 2158 perpessi
1196 2084 1276 2145 sant

220 2183 312 2267 vulgo
339 2185 476 2248 extrema
511 2196 567 2243 ror
597 2175 692 2242 deest.
756 2175 820 2241 ibd.
854 2178 871 2261 ξ
900 2177 950 2252 20,
984 2178 1037 2261 ubi
1070 2180 1104 2244 in
1141 2182 1278 2248 eedieibn

221 2294 283 2356 est:
319 2307 399 2354 onm
506 2286 574 2349 ant
605 2283 844 2350 suadendum
885 2283 986 2368 quid,
1028 2290 1073 2351 nt
1110 2289 1200 2365 tint,
1232 2289 1280 2353 ant

96 2403 98 2410 ’
220 2397 312 2463 ii'e'ri
345 2397 420 2460 inm
454 2394 574 2474 coepto
603 2389 855 2457 deferendum
890 2395 965 2466 est,
998 2393 1204 2460 scribendum
1231 2409 1280 2458 esse

222 2499 376 2569 sententia
397 2483 560 2565 manifesto
583 2496 837 2564 olamatminirna
859 2500 1045 2564 mutatione:
1071 2504 1143 2564 ant
1166 2524 1186 2562 a
1208 2497 1280 2565 fieri

211 2600 296 2674 iam
320 2609 443 2689 coepto
465 2604 756 2678 deterrendum
781 2608 812 2669 et
834 2600 1117 2671 deterrendum
1142 2608 1207 2672 iam
1234 2607 1280 2672 ne

225 2715 413 2787 Gronorins;
447 2729 506 2777 non
529 2709 663 2776 debebat
684 2730 758 2794 opns
781 2730 848 2776 esse
869 2711 945 2776 talin
967 2712 1015 2777 bis
1038 2711 1113 2779 diei.
1172 2715 1221 2792 (iu
1241 2729 1280 2797 ge

100 2843 103 2850 ·
219 2820 349 2886 'rnndiro
381 2836 450 2882 oum
484 2820 547 2882 est
577 2816 821 2898 impersonaliter
854 2818 951 2900 posito
974 2818 1012 2882 de
1036 2818 1218 2885 hominibus
1238 2818 1279 2881 de
1309 2816 1310 2822 ’

83 2920 86 2925 ’
220 2925 374 2992 terrendis
395 2924 445 2990 rix
482 2924 667 3007 quemqnam
690 2921 838 2989 offensum
861 2924 909 3001 iri,
945 2925 1027 3009 apud
1049 2925 1194 2993 Gellium
1217 2942 1279 3009 pra

222 3031 340 3109 sertim,
363 3032 506 3115 opinor.)
537 3029 554 3114 ξ
577 3030 617 3092 25
640 3020 754 3111 'duplex
777 3031 950 3097 emendatio
972 3031 1117 3099 facienda
1145 3035 1211 3104 est:
1231 3029 1280 3114 pri·

221 3158 306 3204 mum
331 3140 412 3204 enim
445 3138 491 3203 sie
514 3134 712 3201 scribendum
735 3143 799 3202 est:
836 3137 978 3222 dignus
1011 3157 1172 3223 qnoque
1195 3137 1280 3216 (Cato)

221 3245 340 3311 lande
373 3242 724 3325 admirationeque
752 3248 828 3317 est,
861 3264 945 3310 oum
979 3248 1018 3310 et
1049 3246 1223 3327 ingenue
1247 3259 1279 3308 ac
1323 3244 1324 3289 i

222 3351 420 3436 religiose
459 3349 598 3414 dieere
634 3370 749 3411 ausus
791 3356 857 3432 (pro
894 3352 1014 3427 risus)
1060 3355 1125 3417 est
1154 3356 1280 3418 eontra

224 3456 488 3529 Rhodiensem
522 3454 619 3539 quod
642 3456 860 3529 sentiebat,
893 3455 933 3518 et
954 3458 1013 3520 oet.
1059 3454 1138 3533 (Cir.
1160 3458 1198 3522 ad
1221 3456 1280 3520 'I‘ao

222 3559 303 3629 Hist.
328 3562 381 3638 tv,
403 3561 465 3638 4¹2).
522 3561 590 3626 Non
614 3562 695 3644 qnod
708 3562 800 3628 'risus
823 3562 863 3627 sit
885 3552 1058 3626 neseio'eui
1080 3562 1225 3648 religiose
1243 3560 1281 3625 di·

224 3688 310 3744 cere,
347 3667 401 3734 sed
424 3665 504 3751 quod
528 3685 621 3732 ausus
646 3671 693 3732 est
724 3666 830 3743 libere,
864 3667 943 3750 qnod
977 3668 1145 3750 sentiebat,
1184 3669 1280 3739 disere

222 3772 374 3841 laudatur.
418 3773 536 3838 Deinde
558 3774 590 3837 in
612 3772 660 3837 iis.
697 3776 764 3857 qnae
786 3774 930 3839 eontinno
953 3780 1142 3857 sequnntur:
1175 3777 1190 3841 i
1195 3773 1282 3842 ierit

224 3884 264 3946 et
283 3880 520 3957 transtulit,
549 3883 591 3943 nt
614 3898 682 3946 eos
704 3880 854 3946 ideireo
876 3879 935 3945 rel
956 3882 1124 3947 maxime
1146 3894 1282 3968 aequum

182 3992 187 4003 '
222 3991 326 4053 esset
361 3986 610 4071 acceptiores
639 3986 892 4070 carioresque
922 3985 1013 4051 fieri
1050 3994 1198 4073 populo
1222 3988 1283 4059 Ro..

222 4092 334 4191 qnod,
365 4110 446 4157 oum
469 4094 508 4158 et
538 4092 656 4177 utiles
678 4095 816 4158 essent
844 4096 883 4158 et
905 4093 1062 4160 vellent
1095 4097 1184 4182 regi
1206 4110 1283 4162 esse
