2656 5056
435 727 624 794 Quintillanua.
953 727 1014 792 539
1104 742 1114 763 ⁶

95 927 229 1015 lodda:
248 929 384 1011 aperta
405 927 535 1011 figura
557 928 685 1011 pordit
705 927 776 993 boc
796 929 934 1012 ipsum,
956 928 1056 1013 quod

45 1053 123 1112 :nra
155 1036 222 1100 est.
265 1034 332 1099 Hoc
360 1033 468 1098 Latine
504 1052 564 1099 non
594 1032 705 1098 dicitnr
727 1052 781 1117 pro
811 1053 856 1111 eo,
887 1036 966 1120 qnod
995 1038 1055 1102 eet:

45 1141 97 1207 dit
118 1141 222 1226 ligura
243 1141 305 1211 rim
328 1142 358 1204 el
379 1156 498 1216 nomen,
531 1140 643 1205 desinit
664 1159 731 1206 esse
753 1141 851 1226 figura
884 1145 1056 1226 (poetarum

45 1269 69 1313 r:
108 1248 212 1332 perdit
253 1266 327 1310 esea.
355 1245 488 1331 figora).
559 1246 782 1312 Scn’bendum:¹
810 1249 941 1332 perdit
988 1248 1056 1314 hoc

45 1374 139 1429 snm,
182 1374 251 1437 qao
292 1351 423 1440 figura
465 1354 542 1430 est,
586 1351 618 1417 id
647 1353 767 1435 ipsum,
794 1354 874 1437 qnod
906 1355 989 1432 iacit,
1021 1357 1057 1421 ut

45 1459 168 1525 nreeit.
778 1484 781 1492 ·

98 1564 166 1631 lbd.
201 1564 278 1628 100:
333 1563 684 1648 Comparationem
721 1567 896 1650 equidem
940 1565 1056 1652 video

45 1690 167 1756 puram
189 1689 260 1735 non
281 1689 380 1749 csse,
414 1690 498 1735 cum
531 1671 584 1735 sit
604 1670 765 1737 interim
789 1672 1056 1755 probationis,

45 1779 154 1844 terim
198 1777 311 1842 etiam
356 1795 482 1842 causae
517 1795 651 1860 genus,
694 1765 733 1843 et
773 1779 808 1843 ei
840 1778 939 1843 talis
971 1779 1056 1843 eius

45 1904 136 1959 rma,
181 1882 311 1967 qualis
368 1884 428 1948 est
473 1901 540 1965 pro
584 1882 764 1950 Murena:
813 1884 978 1969 „vigilas
1015 1889 1057 1949 tu

78 1992 194 2056 nocte
350 1989 387 2053 ct
413 1993 583 2054 cetera“:
619 1990 757 2055 nescio
785 2010 829 2055 an
856 1991 1055 2056 orationis

45 2097 124 2163 tine
156 2115 267 2181 quem
300 2095 514 2160 sententiae
547 2096 608 2160 eit.
662 2096 747 2163 Ferri
775 2114 835 2161 non
863 2115 951 2179 posse
984 2116 1055 2163 non

45 2204 192 2289 uldingius
227 2201 395 2278 intellexit3
433 2200 487 2268 sod
530 2202 612 2267 ultra
648 2202 775 2267 modum
811 2202 1057 2287 improbabiliter

46 2310 139 2375 lmine
171 2328 225 2393 pro
247 2326 282 2374 eo
306 2307 430 2390 scripsit
451 2326 612 2392 qnoque.
671 2309 789 2374 Deinde
811 2309 920 2375 edunt:
946 2313 982 2376 et
1004 2312 1058 2378 sit
1179 2375 1180 2379 ,

45 2418 93 2483 lis
117 2417 203 2482 eins
225 2417 370 2492 forma,
392 2433 459 2498 qnae
481 2414 634 2480 senmntia
655 2414 705 2490 (de
727 2415 832 2499 tignrae
853 2419 965 2493 torma)
986 2437 1057 2501 pra·

45 2526 121 2590 sime
142 2521 335 2606 coniungitur
370 2539 440 2585 cum
461 2518 540 2594 illis,
582 2539 648 2604 quae
670 2521 814 2587 dicuntur
838 2522 877 2588 de
899 2542 1056 2606 compara·

45 2648 77 2694 ue
98 2628 177 2694 aliua
198 2628 335 2712 generis,
368 2645 435 2709 quae
456 2625 554 2710 figura
575 2644 635 2691 non
668 2627 722 2704 sit;
755 2631 823 2693 tum
848 2628 936 2694 valde
957 2629 1057 2713 negli-

45 2737 105 2801 rter
125 2734 179 2799 illa
201 2734 377 2799 adhaerent:
422 2732 556 2797 nescio
577 2750 623 2797 an
646 2734 704 2798 cot.
755 2733 938 2800 Emendatio
958 2734 1056 2800 facilis

52 2865 60 2906 :
113 2839 457 2922 Comparationem
501 2837 685 2921 equidem
728 2840 846 2906 video
888 2840 1056 2924 figuram

48 2971 95 3011 ac
117 2965 210 3024 esse,
233 2964 318 3010 cum
340 2945 392 3010 sit
412 2944 571 3010 interim
669 2950 797 3012 caueae
818 2964 960 3031 genus,
983 2949 1059 3009 atei

45 3056 93 3119 lis
115 3055 198 3118 eius
221 3051 360 3125 torma,
396 3050 527 3134 qualis
559 3053 622 3116 est
642 3070 710 3134 pro
731 3051 906 3117 Murena:
931 3051 1056 3137 „vigi-

45 3162 120 3227 stn
227 3160 263 3224 et
284 3158 450 3234 oetcra“‚
484 3158 613 3222 nescio
642 3177 687 3223 an
709 3157 903 3224 orationis
922 3158 1056 3242 potius

49 3286 109 3332 am
143 3264 350 3331 sententie
384 3264 448 3328 sit.
505 3262 649 3347 Figuram
690 3282 756 3329 esee
792 3262 1054 3348 comparationem

45 3373 206 3438 iutilianus
228 3371 312 3448 dicit,
334 3367 485 3436 eiusmodi
507 3370 610 3434 tamen
633 3370 817 3453 exemplum,
842 3371 932 3454 quale
955 3370 1055 3436 estin

44 3463 131 3546 tione
152 3498 205 3562 pro
233 3477 378 3552 Murena,
410 3466 546 3551 dubitat,
570 3477 768 3543 sententiare
789 3476 903 3560 ligura,
935 3477 973 3542 de
996 3496 1055 3560 quc
1152 3480 1154 3483 ’

45 3605 104 3652 rere
126 3603 206 3650 nunc
227 3584 301 3667 agit,
322 3583 381 3648 dici
403 3583 509 3667 possit

94 3690 160 3756 lbd.
190 3690 222 3768 4,
258 3690 294 3752 6:
336 3689 484 3773 Neque,
520 3689 553 3753 ei
585 3690 697 3772 parvi
729 3688 846 3773 pedes
879 3684 953 3753 rim
989 3689 1055 3754 de·

45 3797 158 3863 theut
178 3797 315 3874 rebus,
354 3842 429 3870 ...,
461 3795 768 3878 compositionis
790 3796 851 3860 est
871 3794 1055 3861 indican·
1092 3810 1102 3831 *

49 3922 90 3967 m.
147 3902 234 3969 Nulli
266 3907 339 3969 sunt
360 3902 591 3986 appellanturve
612 3900 694 3984 apud
715 3901 859 3967 metricos
882 3896 1055 3967 rhetoresue

45 4007 79 4074 ri
102 4007 194 4091 pedes
219 4012 287 4087 (aut
314 4009 449 4095 magni),
482 4025 588 4089 neque.
612 4005 639 4071 si
674 4008 718 4072 sic
740 4007 967 4091 appellarentur
991 4006 1055 4072 dis·

45 4112 123 4190 labi,
156 4111 194 4178 de
228 4114 266 4180 iis
288 4115 346 4180 hoc
369 4115 436 4180 loco
466 4112 574 4196 agitur.
633 4112 833 4179 Scribendum
864 4114 913 4178 est
929 4114 1053 4198 piacl.

45 4222 155 4303 liquam
178 4218 399 4285 dubitationem
421 4220 452 4283 in
474 4218 573 4284 uerbis
594 4218 772 4295 interiectis,
794 4239 861 4303 quae
883 4220 932 4284 hic
954 4217 1053 4297 omisi,

45 4347 51 4391 ι
85 4326 176 4408 tollo;
224 4327 277 4392 sed
309 4330 445 4393 extrema
478 4323 670 4391 attrectanda
701 4346 758 4391 non
794 4322 890 4392 eraut.
951 4325 1056 4410 Negat

45 4433 203 4498 iutilianue
224 4433 455 4516 compositionis
477 4450 558 4509 esse,
581 4431 636 4496 hoc
658 4435 714 4510 cet,
748 4432 776 4498 ei
798 4417 958 4516 (tanquam
983 4431 1054 4506 orti,
