2656 5056
320 281 379 343 m
688 278 946 348 mmmm

277 478 522 555 accumberetur)
545 494 614 542 cum
638 477 710 560 toga
737 475 821 559 pulla
842 478 944 543 visum
967 497 1041 543 esse
1069 479 1201 544 coneedit
1226 476 1250 539 Sc

277 585 346 648 tum
369 582 464 648 inisse
486 581 625 646 videtur:
650 581 1026 661 Quem..videras?
1048 583 1250 667 <Videras>=

280 689 427 754 minum
449 733 614 750 ......
638 690 731 752 ante
754 680 997 755 convivium.
1022 688 1250 767 (Violentnndel

282 796 466 861 medicinam
479 791 627 860 adbibere
642 813 703 860 non
720 794 910 872 debueram.)
935 794 1090 863 Similiter
1103 799 1161 863 iam
1174 795 1250 861 ὓιιιιι

382 912 461 979 Ibid.
484 911 542 976 39:
572 912 607 977 si
637 930 677 977 es
706 913 839 980 odium
869 914 1078 996 publicum
1104 911 1237 998 populi.

282 1023 416 1096 natus,
460 1018 741 1084 universorum
784 1018 988 1084 hominum
1035 1021 1250 1085 rusticanou

282 1123 377 1205 qnid
409 1124 471 1188 est
503 1126 587 1190 eet?
629 1125 717 1190 Nihil
751 1126 833 1202 erat,
877 1143 933 1189 eur
968 1127 1091 1209 proprie
1126 1123 1250 1190 rustica

282 1228 352 1293 odio
374 1232 456 1295 esset
476 1228 628 1295 Vatinius.
679 1231 783 1297 Cicero
814 1230 881 1296 siue
904 1231 1007 1311 dnbio,
1031 1237 1068 1299 nt
1089 1251 1186 1299 omnes
1203 1231 1250 1295 sina

283 1335 422 1418 ceptione
445 1336 724 1418 comprehenderet,
753 1338 934 1420 scripserat:
969 1340 1232 1405 universorum

284 1441 1250 1528 minum‚rnsticanorum,<urbanorun>.Librariioe

285 1568 303 1612 a
334 1549 444 1632 prioris
476 1548 618 1615 venabuli
652 1550 868 1615 terminatione
898 1558 1104 1628 (enorum)
1135 1550 1250 1616 atoma

285 1657 422 1722 alterim.

369 1846 433 1913 Pro
455 1846 548 1914 Gallo
573 1848 610 1908 14
643 1845 695 1924 (de
727 1835 891 1924 Catilinam
927 1845 1067 1930 Neque
1100 1864 1250 1931 nmquan

285 1951 361 2018 illo
394 1953 558 2018 delendi
593 1953 710 2018 huius
744 1953 904 2036 imperii
937 1956 1018 2019 tam
1050 1955 1248 2020 consceler

284 2059 461 2142 impetus
498 2059 750 2140 exstitisset,
793 2059 872 2124 uisi
907 2060 969 2124 tot
1006 2060 1206 2127 vitiorum
1236 2062 1249 2124 t

287 2167 519 2231 immanitas
548 2164 786 2248 quibusdem
815 2164 1048 2231 facilitatis
1077 2174 1119 2233 et
1149 2170 1249 2251 palie

287 2271 496 2337 radicibus
517 2274 727 2338 niteretur.
771 2271 920 2337 Vitiorum
945 2271 1182 2341 immanitatem
1199 2277 1250 2342 obs

288 2380 320 2442 et
341 2396 536 2460 compensare
558 2397 617 2443 uon
640 2378 742 2445 nescio
765 2397 831 2462 quae
860 2376 1051 2444 facilitas
1081 2383 1225 2461 poteram

287 2484 366 2552 tatis
399 2484 437 2549 ad
470 2485 623 2568 agendum
656 2485 807 2569 promptae
833 2488 864 2548 et
889 2484 1050 2566 patientia
1080 2487 1206 2556 radices
1226 2508 1250 2556 re

288 2592 399 2657 bantur
420 2589 680 2667 (lacillilatis
702 2592 807 2670 P¹).*)

387 2714 464 2780 Ibid.
488 2714 542 2779 72:
575 2714 628 2780 iis
650 2718 780 2782 antem
802 2717 1002 2783 amicitiis
1026 2721 1250 2788 maiorum:

286 2841 449 2905 quorum
488 2819 644 2887 imitari
688 2821 930 2888 industriam
975 2827 1250 2895 continentia*

284 2929 450 2994 maxime
473 2927 584 2992 velit.
618 2928 664 2993 De
688 2928 755 3013 ipso
777 2928 866 2994 Galio
887 2948 947 2996 nou
970 2929 1081 2996 velit
1103 2933 1250 3001 dicendus

284 3034 338 3099 sed
371 3035 525 3100 debeat.
580 3034 615 3098 In
650 3034 805 3102 codicibus
837 3035 982 3102 scribitur
1010 3037 1167 3106 velitis
1198 3042 1237 3118 (P

284 3141 340 3219 is),
363 3139 596 3223 rectissimeque
618 3140 819 3225 significatur,
842 3160 916 3226 qnos
930 3142 1049 3209 indices
1065 3145 1200 3212 Oaelinm
1216 3148 1250 3213 iu

284 3265 320 3311 ao
342 3263 427 3327 paene
451 3245 679 3312 adolescentem
701 3246 816 3312 imitari
837 3249 943 3314 velint.
992 3250 1054 3316 Sed
1075 3251 1117 3316 ad
1140 3272 1213 3319 eam
1235 3274 1250 3319 e

282 3353 359 3419 tiam
382 3352 565 3436 explendam
587 3354 758 3420 necessario
780 3354 953 3420 addendum
979 3374 1164 3438 pronomen,
1180 3379 1250 3443 quoe

281 3460 420 3527 cedentis
444 3458 571 3544 syllabae
593 3459 764 3526 similitudo
782 3461 899 3527 bausit:
921 3480 1087 3544 quorum
1104 3466 1250 3550 <eun>

281 3569 355 3634 tari
378 3566 624 3634 industriam
647 3614 655 3631 .
679 3614 685 3630 .
708 3568 875 3634 maxime
897 3565 1113 3646 velitisfl)

334 3837 360 3901 *l
378 3838 394 3907 ξ
415 3839 448 3892 10
466 3836 619 3903 videndum,
639 3854 672 3892 ue
692 3831 790 3892 dicero
806 3837 947 3906 scripserit
971 3852 1096 3891 meeum
1120 3848 1247 3909 praetor

379 3946 499 3984 meeum
519 3936 662 3999 praetore
681 3946 741 3997 me,
765 3931 854 3986 altero
872 3929 1033 4000 pronomine
1051 3947 1168 4001 prorsus
1187 3934 1251 3988 abur

315 4018 359 4085 **)
377 4020 419 4075 Ile
438 4039 514 4089 prov.
534 4039 608 4079 cons.
628 4024 662 4080 37
681 4024 770 4079 oratio
790 4024 830 4079 sic
847 4024 1068 4093 interpungenda
1085 4033 1114 4081 et
1134 4027 1250 4082 scribenr

381 4112 497 4168 Furerit
515 4123 586 4172 toto
604 4118 637 4172 in
656 4116 836 4173 consulatu
859 4117 933 4171 sine
956 4119 1148 4186 provincia,
1173 4121 1230 4173 cni

1043 4238 1060 4278 0
