2662 5046
442 623 579 680 Ciceronis
597 622 748 681 Orationes.
1027 623 1087 687 217
1130 591 1150 615 ⁴
1245 623 1262 646 '⁵
1311 595 1313 602 y

48 826 248 893 incretum:
281 843 341 890 ex
368 821 596 888 uisceribus
619 819 780 888 Oaessris
802 824 844 900 st,
876 824 978 890 nescio
1001 842 1059 908 quc
1081 842 1132 889 er-

51 933 268 999 rsrsdistrscte
291 915 420 996 ‘vocer
456 944 496 992 er
525 928 562 993 ui
595 925 759 994 Gesseris
790 929 913 996 rebus.
970 929 1133 997 Postremo

54 1038 146 1105 cessit
176 1039 316 1104 sctis.
387 1033 555 1097 Vincere
584 1033 714 1098 aersr'ii
744 1032 763 1117 ᾖ
793 1033 853 1096 124
877 1035 989 1100 iterum
1022 1036 1131 1121 eppei·

55 1142 132 1210 srur.
164 1141 395 1210 Ponendum
419 1139 479 1202 boe
500 1138 601 1204 fueret
622 1141 681 1205 vol.
704 1141 720 1204 I
742 1158 773 1223 p.
797 1139 867 1206 152.
958 1163 959 1167 ¹

124 1250 189 1318 lbd.
216 1249 270 1313 34
301 1242 527 1311 revocandum
549 1263 566 1308 e
591 1243 761 1310 codicibus:
798 1246 958 1312 videsne
979 1264 1035 1311 me
1056 1265 1129 1312 nou

59 1354 216 1421 radicitus
274 1350 474 1419 evellere
510 1367 642 1414 omncs
680 1351 853 1417 actiones
889 1354 975 1417 tues
1008 1370 1133 1435 neque

59 1459 306 1547 illndsgere,
336 1453 648 1539 <lucernarium
683 1459 756 1531 est,
787 1459 825 1521 ts
847 1457 1003 1522 omnino
1030 1458 1130 1522 nihil

62 1568 202 1648 gessisse
227 1566 353 1635 inre,
388 1560 459 1637 cet,
480 1577 534 1641 pro
556 1579 615 1643 quo
637 1579 742 1644 nuper,
775 1561 908 1643 receptis
934 1562 1078 1627 Lembini
1099 1564 1136 1626 st

64 1669 182 1737 bienni
212 1665 433 1741 coniecturis,
459 1663 576 1729 editum
600 1669 669 1731 este
685 1667 842 1733 videsne
864 1683 921 1731 me
943 1665 1132 1731 radicitus

7 1762 8 1766 '
64 1779 217 1843 evellere
346 1788 481 1853 meque
502 1770 602 1836 iliud
623 1790 753 1854 egere,
776 1771 833 1837 hcc
860 1771 984 1854 quidem
1010 1769 1131 1849 vitiose,

6 1897 7 1903 ’
64 1883 173 1964 pondere
196 1884 234 1947 in
261 1876 454 1963 pronomine
476 1882 556 1956 (ms)
579 1877 787 1951 incumbente,
821 1872 891 1942 curn
918 1877 980 1943 diei
1006 1875 1133 1942 deberet

65 1989 157 2072 etque
186 1985 305 2052 illud
336 1999 459 2066 egere.
514 1982 618 2048 Cicero
643 1983 796 2067 reliquum
820 1982 918 2048 clodii
938 1984 1130 2049 tribunatum

66 2094 218 2159 subsistere
242 2090 386 2174 patitur,
410 2106 502 2170 quem
524 2088 612 2153 crant
639 2089 691 2172 qui
717 2090 811 2154 simul
837 2088 965 2154 convelli
989 2090 1138 2172 pntsrent.

67 2199 93 2262 ct
109 2218 188 2284 egre
214 2196 372 2268 terrente
387 2190 448 2256 vidj
470 2192 491 2279 ξ
512 2193 553 2256 42
576 2197 608 2258 et
630 2194 682 2258 43.

152 2302 227 2368 ind.
263 2299 307 2362 39
341 2297 422 2381 quod
458 2316 475 2363 e
509 2299 650 2365 codicum
672 2288 824 2383 scripture
851 2301 1022 2380 (infirme
1042 2284 1139 2366 sunt.

65 2407 183 2493 igitur
217 2410 295 2471 tus
334 2405 421 2469 scta
441 2403 473 2469 0.
496 2403 673 2483 Gesseris)
695 2405 795 2470 effeci:
834 2405 1025 2490 infirmes
1054 2407 1133 2490 igi-

67 2515 124 2580 tnr
156 2525 200 2576 rc
236 2513 328 2577 ccts
355 2508 389 2575 0.
413 2509 596 2589 Gesseris,
633 2513 767 2595 positum
789 2510 852 2575 ism
873 2513 922 2576 est
941 2511 1022 2594 apud
1045 2511 1130 2594 Kay-

65 2635 172 2683 sernm.
860 2638 865 2648 ’

160 2722 231 2788 Ibd.
255 2721 314 2787 46:
351 2722 426 2786 bees
447 2738 529 2786 cum
560 2721 617 2786 its
644 2720 726 2786 sint
751 2719 789 2783 in
811 2738 863 2794 rs,
903 2719 968 2786 ubi
990 2720 1134 2785 crimen

66 2831 137 2906 sst,
174 2827 242 2892 ubi
274 2827 491 2902 sccusstcr,
533 2826 777 2901 ubitestes,
812 2824 1132 2910 quid-indignius

67 2952 193 3016 quem,
231 2932 295 3015 qui
316 2950 435 3015 neque
458 2931 593 2998 edesse
615 2933 668 2997 sit
688 2932 816 2997 iussus
838 2949 960 3014 neque
982 2932 1132 2997 citatus

65 3056 185 3122 neque
207 3038 434 3114 accusatus,
456 3036 499 3102 de
527 3038 607 3103 cius
629 3038 754 3120 capite
867 3037 1073 3103 conductos
1094 3038 1141 3101 st.

66 3142 230 3208 sicarios
269 3189 277 3207 .
302 3191 310 3205 .
337 3189 346 3208 .
382 3141 608 3226 suffragium
630 3143 732 3208 ferre
760 3145 797 3208 st
819 3160 899 3208 sem
920 3143 1044 3228 legem
1065 3162 1132 3226 pu·

68 3251 172 3313 terei
216 3247 288 3311 Dici
309 3247 443 3313 debebat
462 3248 590 3313 seltenr:
621 3248 659 3313 in
681 3267 723 3314 es
743 3267 799 3326 re,
819 3248 884 3314 ubi
906 3250 1047 3314 crimen
1069 3250 1133 3316 sit.

70 3353 175 3420 dicero
197 3353 336 3434 scripsit:
369 3353 425 3417 its
445 3353 527 3418 sint
547 3355 590 3449 in·
606 3375 689 3432 reo,
725 3355 790 3420 nbi
812 3356 872 3420 cet.
914 3354 989 3421 Rec
1013 3356 1139 3420 contre·-

68 3460 130 3525 rins
152 3459 288 3541 ponitur,
309 3457 372 3541 qni
393 3477 513 3542 neque
535 3459 671 3526 adesse
693 3460 747 3525 sit
766 3460 899 3526 iussus
922 3478 1049 3543 neque

68 3565 281 3630 recusatus.
326 3561 388 3627 Sed
419 3565 568 3645 preterea
602 3563 813 3631 scribendum:
847 3566 883 3630 et
905 3583 986 3630 esm
1010 3562 1133 3646 legem

66 3669 207 3752 putari.
263 3668 332 3733 Hoc
351 3668 512 3754 indignum
535 3672 599 3747 sst;
623 3669 697 3753 quid
717 3670 860 3741 conducti
891 3673 922 3736 et
950 3668 1054 3735 sicarii
1075 3688 1134 3752 pu-

70 3775 143 3853 tent,
165 3793 260 3840 nemo
284 3777 381 3841 curet.
1194 3834 1198 3842 fi

168 3877 239 3945 lbd.
273 3879 332 3944 502
367 3880 419 3945 De
454 3880 525 3947 hsc
556 3882 677 3966 igitur
711 3881 795 3963 lege
830 3880 1012 3957 dicimus,
1055 3900 1139 3963 qure-

71 3984 150 4051 inre
172 3988 308 4070 rogate
331 3986 521 4054 videatur.
566 3985 653 4051 Unde
675 3985 912 4052 coniunctivae?
934 3987 965 4051 et
986 4004 1045 4069 quc
1064 3997 1134 4070 per-

73 4090 147 4157 tinet
175 4092 242 4157 brec
274 4093 428 4158 sententis
461 4092 612 4158 relative?
669 4090 765 4157 Scrib.
803 4091 984 4169 dicimus,
1021 4093 1138 4177 queri

75 4196 154 4263 inre
184 4201 329 4283 rcgsts
359 4198 556 4264 videntur.
609 4195 816 4279 Reprehendit
843 4216 876 4263 se
903 4197 1019 4276 Cicero,
1053 4198 1134 4280 quod

77 4301 216 4386 tanusm
251 4304 289 4370 de
309 4304 376 4370 inre
406 4306 514 4389 rcgcts
545 4303 614 4387 lege
636 4301 730 4380 diest,
762 4321 830 4386 qun
851 4304 934 4369 omni
955 4323 1034 4370 verae
1053 4302 1137 4389 legis

79 4409 145 4473 note
164 4410 276 4477 csrcst
