2656 5056
842 173 862 203 .

232 254 293 317 160
567 248 652 303 mro.
671 248 708 303 rr
727 250 798 319 cop.
819 250 875 305 111.

191 450 407 533 Pompeius
446 466 487 512 se
523 446 726 530 legionem
763 447 1084 526 abducturum,
1118 448 1175 512 sed
1202 464 1247 510 noo

192 558 334 624 statim
357 556 428 621 snb
453 553 697 619 mentionem
728 555 768 616 et
799 555 1060 629 convicium
1087 556 1248 619 otlroelr·
1290 643 1291 646 Ἴ

194 666 333 729 torum.
391 659 520 726 Sublato
553 662 709 742 postremo
740 658 810 724 loco
849 660 1010 745 Pompeii
1046 662 1173 737 nomine,
1197 655 1248 741 qul
1293 655 1294 661 '

194 786 295 834 errore
326 766 519 852 geminatum
550 769 609 841 est,
641 764 739 831 oratio
773 765 823 830 sic
859 766 1130 853 interpungenda
1156 766 1207 831 cst:
1225 797 1249 808 -

197 871 347 939 mentio
369 872 477 938 iacta
498 877 561 938 est
586 872 633 937 do
654 871 821 955 legione
844 891 912 951 oa,
939 886 1249 957 quamexpoosan

196 978 297 1046 eurio
329 978 362 1044 C.
393 979 541 1044 Cesari
572 977 805 1061 Pompeius,
841 997 925 1063 quo
962 998 1134 1046 numero
1163 981 1252 1049 esset,
1286 1054 1292 1073 .

196 1083 324 1169 quoad
357 1086 585 1167 peteretur,
616 1102 701 1150 cunr
730 1091 804 1167 (qua
835 1085 1024 1165 occasione,
1057 1106 1121 1171 quo
1141 1087 1252 1168 oneo

196 1190 426 1275 Pompeius,
460 1209 549 1256 eeso
580 1191 620 1256 in
654 1189 809 1267 Callia,
841 1196 1029 1259 coactus
1053 1192 1252 1259 estdicerrr

195 1316 235 1364 se
256 1296 458 1381 legionem
479 1295 746 1362 abducturum
769 1297 828 1361 cet

297 1400 430 1479 loide,
453 1403 488 1467 1:
512 1403 607 1467 Post
634 1400 839 1484 repulsam
870 1422 973 1470 vero
1007 1406 1152 1481 (Hirrus)
1178 1402 1254 1466 risus

196 1508 315 1584 iacit3
348 1508 474 1574 civem
507 1508 649 1574 bonum
680 1507 791 1573 ludit
824 1509 866 1574 et
901 1513 1059 1576 contra
1095 1510 1254 1577 Caesareo

196 1613 429 1680 sententias
451 1612 572 1691 dioit;
595 1615 950 1697 exspectationem
977 1615 1180 1700 corripit;
1204 1613 1254 1678 Cr·

197 1722 347 1786 rionem
382 1738 548 1802 prorsus
581 1722 784 1787 curionem
814 1737 890 1786 non
914 1722 1194 1789 mediocriter
1210 1718 1255 1784 ol·

197 1826 387 1910 iurgatur
408 1844 451 1891 ao
472 1825 638 1909 repulsa
657 1845 699 1892 se
721 1827 907 1892 mutavit
967 1827 1175 1913 Quamquam
1194 1820 1255 1890 Caii

199 1931 346 2015 epistolas
374 1934 500 2014 propter
525 1933 626 1997 totum
655 1932 800 1999 orationis
828 1935 859 1999 et
890 1932 1060 2001 scribendi
1088 1950 1188 2020 genua
1205 1946 1256 1997 oar·

198 2037 321 2103 tissime
355 2036 510 2122 attingere
545 2038 675 2120 oportet
715 2037 923 2105 certissimum
961 2041 1077 2106 tamen
1116 2044 1167 2105 est
1197 2038 1256 2101 inor

197 2141 349 2209 cesarem
371 2147 404 2208 et
424 2143 588 2211 Curionem
610 2147 728 2227 impetu
750 2141 834 2209 Hirri
853 2144 967 2227 potitos
992 2164 1096 2228 prave
1117 2139 1255 2225 interponi

197 2247 235 2312 ab
258 2265 294 2312 eo
316 2252 486 2333 correptam
509 2251 779 2334 exspectationem,
808 2267 906 2332 neque
933 2249 974 2315 iis
1006 2250 1157 2317 artificiis
1184 2246 1256 2313 noan

197 2351 310 2419 habere
330 2373 467 2438 possum,
490 2375 558 2441 qun
579 2356 766 2423 adhibentur
785 2355 1033 2439 interpretandis
1056 2357 1181 2424 vertier
1200 2352 1256 2419 Cn·

197 2459 351 2526 rionem
373 2481 538 2545 prorsus
559 2463 770 2529 curionem.
814 2460 947 2527 Videtur
961 2462 1083 2530 cerins
1098 2464 1256 2548 scripsisse:

197 2571 338 2633 contra
373 2567 566 2635 Cesaram
602 2568 832 2634 sententias
864 2567 984 2648 dicit,
1027 2570 1257 2659 exspectatione

198 2674 374 2757 corripit
395 2672 607 2740 Curionem
625 2673 696 2752 (hoo
713 2677 772 2753 est,
787 2673 1014 2756 exspectatione
1029 2695 1144 2743 earum
1163 2693 1257 2748 rerum,

198 2797 275 2860 quas
297 2779 389 2846 Curio
412 2780 552 2847 tribunus
581 2785 706 2847 acturus
729 2781 789 2855 sit;
820 2779 955 2846 noudum
985 2782 1074 2848 euim
1105 2782 1257 2867 quidquem
1301 2831 1303 2864 p

199 2885 290 2951 Curio
312 2888 448 2971 egerat);
471 2904 637 2970 prorsus
659 2886 729 2964 (hoc
744 2901 813 2953 oum
828 2887 1062 2954 asseveratione
1077 2889 1258 2974 adiungitur)

199 2989 408 3058 Curionem
437 3011 511 3058 uon
539 2991 802 3058 mediocriter
831 2990 1004 3077 obiurgatr
1035 2995 1087 3062 eie
1108 2993 1259 3079 repulsa

197 3113 237 3160 se
259 3098 441 3164 mutavit.
476 3138 479 3143 <

297 3211 375 3278 Ibid.
402 3216 451 3294 10,
472 3215 508 3280 2:
532 3213 727 3282 Consules
759 3219 908 3295 autern,
938 3216 1037 3300 quia
1058 3221 1257 3291 vorentur.

198 3337 242 3385 ne
275 3318 379 3385 illud
412 3323 579 3387 senatus
611 3322 840 3390 consultum
872 3321 966 3402 liat,
1001 3327 1045 3392 ut
1079 3323 1258 3411 paludati

198 3430 352 3506 exeant,
367 3429 716 3497 etooutumeliose
737 3430 883 3512 preter
902 3446 969 3496 eos
991 3429 1040 3497 ad
1059 3433 1189 3499 alium
1206 3448 1257 3498 ros

197 3534 488 3610 transferatur,
507 3533 666 3602 omniuo
683 3539 865 3602 senatum
883 3534 1026 3604 haberi
1045 3540 1193 3607 uolunt
1207 3538 1256 3604 oet

196 3638 309 3705 Coelius
332 3640 506 3726 siguificare
539 3640 668 3721 videtur,
701 3643 842 3709 consules
873 3641 959 3725 ipsos
994 3642 1072 3710 nelli
1107 3643 1255 3730 periculosi

195 3743 495 3812 administrationem
516 3745 629 3813 >vitare
663 3767 784 3833 cupere,
817 3751 849 3813 et
879 3749 987 3814 tamen
1015 3753 1129 3832 vereri,
1166 3747 1254 3829 nusi

195 3851 271 3930 ipsis
302 3852 469 3933 preteritis
503 3852 579 3920 belli
600 3854 829 3922 administratio
853 3854 931 3920 aliis
946 3853 1124 3938 mandetur,
1155 3856 1187 3922 id
1205 3853 1254 3921 sili

195 3955 337 4021 dedecori
369 3959 419 4037 sit,
452 3958 583 4044 ideoque
614 3960 647 4026 id
679 3979 779 4047 agere,
816 3979 853 4026 ne
889 3960 964 4045 quid
1001 3959 1128 4028 omuino
1161 3960 1197 4026 do
1224 3973 1255 4020 oa

195 4079 227 4125 re
263 4059 455 4130 decernatur.
513 4065 715 4133 scribendum
755 4067 853 4152 igitur
886 4067 1029 4134 ridetur:
1068 4064 1254 4134 Consules
