2654 5010
417 640 577 695 Ammdanns
594 641 775 697 Marcellinus.
1030 639 1092 702 265

166 836 246 902 lbid.
263 838 292 917 5,
307 837 326 898 3
342 836 389 915 (in
403 835 609 920 descriptione
630 837 739 903 subita
755 837 919 902 Persarum
938 835 1136 914 incursionis,

60 959 136 1007 cnm
159 942 332 1008 Antiochia
352 942 383 1007 in
406 943 527 1009 theatro
548 943 635 1025 plebs
658 944 808 1020 sederem:
832 942 1005 1008 retortis
1027 944 1143 1025 plebs

61 1049 255 1114 universa
274 1049 506 1115 cervicibus
528 1051 813 1115 exacervantia
834 1051 872 1113 in
896 1067 936 1114 se
958 1047 1042 1113 tela
1064 1048 1136 1114 ds·

61 1154 225 1220 clinans
248 1155 456 1237 sparpitnr
476 1155 636 1238 passim.
665 1155 773 1240 Neque
795 1173 1034 1221 exacervate
1057 1154 1140 1220 alibi.

61 1260 177 1326 dicitur
208 1267 308 1344 neque
340 1260 535 1327 intransitive
567 1261 629 1329 dioi
663 1265 775 1345 potest.
829 1260 1030 1328 Scribendum
1052 1278 1140 1327 exn·-

61 1365 252 1434 baventia..

166 1471 243 1538 ibid.
274 1474 303 1552 6,
336 1473 373 1539 6:
406 1492 449 1540 so
481 1492 605 1557 nsque
638 1474 878 1557 propagatis
911 1476 1139 1542 bonoribus

62 1579 225 1655 (Arsacis),
257 1584 299 1645 ut
329 1579 376 1644 ad
397 1578 531 1645 nostri
560 1582 787 1645 memoriam
809 1599 883 1646 non
905 1581 986 1647 nisi
1008 1584 1142 1647 Arsa--

63 1682 175 1750 cides
197 1685 231 1749 is
252 1685 359 1750 situs
380 1704 495 1769 qnam
522 1684 560 1750 iu
586 1685 847 1770 suscipiendo
869 1705 990 1771 regno
1012 1706 1133 1753 cunc·

63 1791 120 1855 tis
141 1793 417 1873 anteponatur
432 1795 490 1857 cet.
513 1792 672 1857 Sententia
685 1793 792 1857 cadem
804 1791 967 1875 dupliciter
979 1792 1142 1858 enuntiari,

63 1898 196 1977 poterat,
218 1901 273 1962 aut
294 1898 347 1973 sic,
370 1900 414 1976 ut,
437 1898 464 1963 si
485 1898 651 1964 Arsacides
672 1896 783 1982 aliquis
805 1898 938 1975 adesset,
961 1898 988 1962 is
1010 1916 1134 1980 semper

64 2020 116 2068 rex
147 2002 265 2068 electos
298 2002 461 2081 dicoretur,
493 2006 549 2069 aut
580 2004 635 2082 sic,
667 2007 703 2069 nt
735 2005 802 2069 tum
831 2002 967 2082 demum,
989 2005 1016 2069 si
1038 2023 1132 2070 nemo

62 2107 227 2175 Arsacides
257 2109 452 2192 reperiretur,
482 2109 534 2175 alii
565 2110 669 2176 aditus
697 2111 737 2175 ad
760 2128 887 2194 regnum
911 2110 1138 2194 capessendum

63 2216 154 2281 datas
184 2234 259 2281 esse.
328 2215 462 2281 Priorem
496 2216 626 2281 termam
657 2216 855 2281 Ammiaunm
888 2219 1027 2281 secutum
1064 2234 1133 2282 csse

63 2321 349 2388 manifestissimum
381 2326 430 2386 est
458 2340 494 2386 ex
521 2323 623 2387 vorbis
653 2323 813 2388 cunctis
846 2322 1143 2404 anteponatur.

62 2428 172 2511 ltaque
193 2446 229 2494 er
251 2426 389 2493 codicum
411 2427 563 2509 scriptura
576 2432 748 2495 necessario
766 2429 915 2495 eflicitur:
939 2432 1004 2494 nt.
1028 2473 1036 2490 .
1060 2474 1082 2507 .,
1104 2426 1142 2493 si.

63 2533 284 2599 Arsacides
303 2532 503 2618 sitnsqnan,
526 2535 564 2599 in
587 2534 850 2618 suscipiendo
872 2554 993 2620 regno
1017 2553 1133 2601 cunc-

61 2641 117 2704 tis
152 2640 436 2721 anteponatur.
490 2640 552 2706 Sed
579 2641 652 2724 quid
679 2642 733 2707 fiet
752 2641 866 2707 litteris
888 2662 963 2707 non
985 2642 1040 2718 ni,
1064 2660 1139 2725 qnae·

62 2750 135 2812 ante
157 2748 190 2811 si
213 2746 335 2828 scripta
357 2749 453 2812 sunt?
498 2746 652 2812 Nimirum
682 2746 722 2813 iis
754 2749 878 2812 utemur
911 2746 952 2811 ad
985 2747 1132 2812 emenda·

61 2852 177 2919 tionem
201 2853 419 2920 absolvendam
439 2854 472 2918 et
486 2852 733 2919 confirmandam.
757 2852 955 2935 Perspicuum
973 2855 1021 2917 est
1037 2854 1133 2928 enim,

60 2978 120 3024 non
137 2977 224 3042 posse
236 2959 344 3024 Latine
360 2960 419 3025 diei
441 2959 487 3026 ad
503 2959 640 3024 ¹nostri
661 2958 888 3024 memoriam
911 2976 966 3040 pro
982 2976 1028 3033 co,
1044 2957 1125 3040 quod

60 3066 109 3131 cst
130 3066 175 3131 ad
208 3067 388 3130 nostram
418 3065 663 3143 memoriam,
692 3082 748 3129 nec
770 3067 873 3129 tamen
895 3063 958 3128 ullo
981 3063 1070 3128 modo
1094 3082 1139 3128 ex,

60 3173 238 3237 nostram
271 3169 322 3236 hic
354 3170 428 3235 oriri
461 3172 598 3252 potuisse
633 3169 774 3236 nostri.
830 3170 939 3253 ltaque
962 3171 993 3234 in
1016 3169 1135 3234 littorio

60 3295 136 3343 non
159 3277 199 3341 ni
221 3276 300 3341 latet
321 3275 482 3360 genetivus
511 3275 697 3343 substantivi
727 3294 797 3340 cnm
827 3276 959 3341 nostri
983 3273 1131 3359 copulati,

60 3382 320 3465 scribendumque
343 3385 406 3448 est:
439 3383 482 3448 nt
514 3381 560 3447 ad
583 3381 715 3448 nostri
738 3383 963 3447 memoriam
988 3381 1057 3458 sevi,
1094 3380 1128 3445 si
1190 3458 1194 3470 Ι

60 3488 279 3556 Arsacides
300 3490 359 3553 cet.

163 3605 240 3670 lbid.
263 3605 281 3689 §
306 3607 344 3669 17
366 3605 433 3681 (ubi
465 3607 568 3690 agitur
601 3607 638 3672 de
660 3626 730 3673 aere
751 3606 901 3673 insalubri
922 3609 955 3671 st
976 3604 1064 3671 letali
1094 3623 1139 3670 ex,

59 3709 197 3777 hiatibus
219 3715 308 3776 terrac
330 3711 499 3788 exhalatum
522 3712 612 3793 Quae
633 3712 722 3779 lnes
744 3714 879 3779 oriens
902 3732 920 3777 a
942 3710 1130 3796 profundo

59 3818 226 3903 quodam
261 3821 397 3901 puteo,
431 3836 515 3883 oum
550 3837 591 3884 os
624 3819 712 3885 eins
744 3818 1132 3891 excesseritlatnm,

59 3930 274 4006 antequam
297 3924 515 3989 sublimius
537 3914 773 4010 vagaretur,
795 3931 929 3991 terras
951 3925 1128 3990 circum·

60 4031 165 4095 sitas
193 4029 493 4095 inhabitabiles
520 4030 747 4097 acerbitate
769 4032 950 4098 fecisset.
1009 4030 1139 4096 Omitto

61 4136 277 4220 suspicionem,
298 4154 367 4219 qna
388 4137 525 4202 nascitur
551 4154 587 4201 or
608 4137 761 4204 adiectivo
788 4139 915 4204 latam
944 4156 1042 4220 nequo
1071 4155 1126 4203 sno

60 4242 126 4307 loco
148 4242 248 4325 posito
270 4260 369 4324 neque
401 4241 439 4305 ad
461 4260 528 4307 rem
555 4243 730 4326 pertinenti,
757 4244 901 4328 qnoniam
924 4243 1000 4309 nihil
1023 4245 1131 4320 refert,

60 4364 153 4430 qnam
175 4347 274 4412 latum
297 4349 394 4412 sitos
416 4349 516 4429 putei,
539 4348 571 4413 id
593 4347 673 4428 dico,
694 4369 734 4417 ne
755 4353 896 4416 umbram
914 4350 1039 4434 quidem
1058 4368 1129 4415 ora·

59 4452 152 4519 tionis
186 4453 269 4518 recto
301 4452 482 4519 coherentia
518 4473 586 4521 esse
624 4455 656 4519 in
692 4457 748 4522 boc
784 4475 930 4524 concursu
967 4459 1139 4524 sententian:-
