2580 5054
386 727 388 732 ι
463 700 606 771 sophoclis
624 703 703 758 arax.
1038 700 1076 762 11
1133 686 1136 697 ’

44 899 155 984 Negat
185 899 305 966 Teucer
332 899 533 991 Telamonem
565 917 598 964 se
630 918 698 963 cum
731 900 840 964 nuntio
873 898 981 965 mortis
1013 896 1118 963 Aiacis

48 1005 232 1072 redeuntem
266 1008 394 1073 comiter
426 1008 459 1072 et
490 1006 588 1072 hilare
620 1006 817 1086 excepturum
845 1023 923 1085 esse,
953 1006 1004 1090 qui
1026 1024 1064 1070 ne
1086 1004 1118 1069 iu

47 1114 128 1179 bena
167 1112 292 1197 quidem
323 1114 445 1179 fortuna
478 1112 574 1178 cumis
608 1114 640 1177 et
672 1110 789 1176 hilarus
823 1130 889 1177 esse
922 1112 1029 1189 soleat,
1063 1110 1118 1177 sed

47 1238 173 1285 severus
195 1224 226 1284 et
247 1219 355 1285 tristis.
403 1219 517 1284 Verum
545 1237 641 1303 neque
663 1218 768 1283 Graece
791 1217 903 1284 dicitur
925 1211 1026 1284 ἴλεοίν
1047 1218 1117 1284 ἐστί

46 1351 108 1410 μοι
124 1325 239 1413 γελᾶν,
262 1345 321 1392 non
347 1327 447 1410 magis
472 1345 564 1410 quam
586 1325 711 1390 Latine:
737 1323 911 1390 hilarum
935 1312 997 1391 est
1017 1324 1117 1389 mibi

46 1431 208 1511 ridere,
240 1450 338 1515 neque
370 1432 403 1497 id
433 1432 464 1496 in
490 1430 656 1497 Telamone
685 1430 924 1506 desiderabatur,
951 1418 1030 1513 quod
1058 1447 1115 1494 non

35 1541 148 1605 ridere
170 1539 292 1605 soleret.
337 1538 437 1617 (Quod
461 1531 553 1623 πείρα
576 1555 630 1620 pru
652 1529 795 1620 πτίρεοτι
817 1555 836 1602 a
856 1535 1014 1603 nonnullis
1035 1535 1115 1603 acci·

45 1644 143 1726 pitur,
168 1645 362 1730 uoragine,
385 1645 461 1729 quid
484 1644 645 1710 Telamoni
667 1643 783 1717 liceat.)
826 1643 1043 1710 Scribendum:

449 1802 486 1819 ..
509 1800 516 1815 .
540 1746 606 1837 ὅτῳ
629 1743 723 1834 ποίρα

145 1850 227 1941 μηδ’
249 1850 445 1942 εὐτυχοῦντι
468 1857 576 1941 μηδὲν
598 1859 697 1923 ἵλεον
718 1858 835 1944 γελᾷ,

46 1965 98 2035 „in
122 1983 180 2048 quo
204 1984 240 2028 ne
263 1965 294 2029 iu
314 1964 394 2029 bona
409 1952 534 2047 quidern
549 1964 671 2029 fortuna
684 1962 781 2028 hilare
797 1962 966 2047 quidquam
981 1965 1013 2028 et
1027 1982 1113 2028 come

45 2073 93 2147 (in
117 2072 216 2146 vultu)
238 2070 383 2137 arridet“.
813 2079 816 2085 '

199 2212 279 2274 1012
301 2229 364 2294 sq.:

145 2304 246 2392 οὗτος
266 2317 300 2384 τί
321 2311 462 2402 νρτίυεις
485 2331 587 2384 ποῖον
609 2310 669 2385 ουέτ
693 2323 761 2403 ἐρεῖ
783 2315 888 2383 κακον

144 2418 206 2492 τὸν
228 2430 263 2490 ἐκ
287 2419 385 2510 δορός
406 2425 538 2513 γεγῶτα
562 2424 731 2511 πολεμίου
752 2416 881 2503 νόθους

43 2531 220 2614 Periuepte‚
243 2531 292 2614 qui
317 2550 352 2595 ex
375 2530 496 2613 captiva
523 2532 612 2597 natus
635 2534 686 2609 sit,
709 2549 744 2597 ex
767 2533 857 2598 hasta
878 2533 982 2598 hostili
1005 2536 1111 2597 uallum

29 2639 103 2704 dici
121 2643 168 2713 (ἐκ
185 2633 283 2722 δορός
298 2635 481 2719 πολεμίου)
497 2638 693 2702 manifestum
710 2640 766 2702 est.
802 2637 863 2703 Sed
878 2657 932 2703 cur
943 2638 1112 2721 πολεμίου

41 2749 72 2810 in
103 2744 305 2827 suspicionem
334 2747 468 2815 vocetur,
497 2742 584 2807 nulla
612 2748 659 2808 eat
686 2762 790 2820 causa;
818 2765 872 2827 pre
902 2738 1000 2829 δορός
1028 2763 1112 2828 quae·

42 2850 171 2918 rendum
198 2852 247 2916 est
268 2851 449 2915 vocabulum
472 2850 518 2912 rei
541 2851 645 2931 aptum
669 2868 724 2914 nec
741 2849 833 2935 louge
848 2850 962 2916 litteris
978 2850 1112 2916 distans.

29 2959 175 3040 'Utrique
196 2956 365 3022 condicioni
388 2952 543 3020 satisfacit
566 2955 630 3020 baec
651 2956 815 3039 scriptura:

143 3080 205 3151 τόν
228 3091 262 3152 ἐκ
285 3079 453 3168 σπόρου
474 3086 604 3173 γεγῶτα
627 3086 798 3171 πολεμίου
819 3078 941 3162 νόθον,

27 3213 77 3258 ex
100 3193 300 3258 seminatione
321 3190 437 3258 hostili.

196 3334 272 3396 1111
295 3353 378 3417 squ:

144 3433 185 3507 ου’
206 3436 270 3526 γάρ
292 3465 325 3505 τι
348 3442 410 3524 τῆς
429 3441 492 3524 urie
514 3432 613 3507 εἵνεκ’
631 3437 875 3524 ἐστρατεύοντο

142 3537 315 3634 γυναικός,
338 3543 450 3632 ὥσπερ
474 3551 506 3612 οἱ
529 3540 640 3613 πόνου
662 3549 792 3615 πολλοῦ
816 3550 917 3638 πλέῳ,

143 3647 216 3722 ἄλλ’
237 3653 336 3741 εἵνεχ’
358 3651 468 3737 ὅρκων
490 3648 578 3720 οἷοιν
599 3644 643 3737 ἦν
665 3649 845 3738 ἓνοίμοτος.

27 3783 214 3863 Δλλοοῐπολο,
236 3784 289 3868 qui
311 3784 451 3848 mulieris
466 3783 621 3865 (Helenae)
640 3801 733 3849 causa
747 3785 869 3850 Troiam
887 3784 1014 3869 proiecti
1036 3784 1109 3863 sint,
1137 3792 1138 3795 ’

34 3889 103 3955 diei
136 3891 255 3973 possint
287 3885 397 3957 πόνου
428 3890 557 3956 πολλου
582 3890 679 3976 πλέῳ,
720 3891 803 3955 varie
836 3892 986 3962 enarrant,
1020 3909 1109 3956 nemo

38 3996 243 4078 probabiliter
265 4004 319 4062 aut
342 3997 395 4072 sic,
419 4001 453 4061 ut
475 3996 546 4078 apte
568 3996 625 4062 hec
649 3997 834 4062 continuum
855 3999 985 4080 ponatur
1006 3996 1110 4062 Aiacis

40 4101 142 4168 selam
175 4102 250 4166 iuris
283 4101 403 4167 iurandi
436 4102 529 4167 iidem
563 4105 659 4168 secuti
698 4102 737 4169 ad
769 4104 885 4169 bellurn
918 4102 1108 4186 profectioni.

39 4206 201 4293 Optimam
237 4209 421 4274 sententiam
459 4209 648 4285 habebimus,
686 4210 713 4273 si
748 4229 810 4274 una
846 4210 954 4276 littera
989 4212 1110 4276 mutata

34 4312 271 4395 scripserimus:
317 4362 325 4379 .
350 4365 356 4378 .
381 4364 387 4378 .
412 4308 560 4380 πόθου
582 4315 712 4382 πολλου
735 4317 834 4403 πλέῳ.
879 4305 1108 4402 significantur,

30 4437 119 4504 uuus
152 4420 277 4485 Helenae
309 4419 505 4503 pulchritudo
538 4439 642 4486 amore
674 4424 706 4487 et
738 4422 890 4489 desiderio
922 4423 961 4490 ad
991 4404 1108 4489 bellum

36 4530 214 4592 vocaverat.
