2662 5062
269 271 333 337 434
633 268 909 341 mserum-pru
930 209 943 230 ’

227 470 450 545 transilire
482 471 553 531 aut
577 467 738 551 aliquid
766 468 858 534 illis
886 467 1043 534 auferri
1077 475 1117 536 'ot
1136 470 1272 543 abradi

228 600 312 650 nam
348 576 384 641 si
412 573 484 639 hoo
512 573 683 652 inisset,
719 577 759 640 et
779 574 1031 650 defuissent,
1064 578 1098 643 et
1124 575 1274 652 doum
1326 591 1328 650 †

203 690 279 755 ‚hio
301 686 420 751 eeteros
449 681 590 762 prefero,
625 677 657 743 in
694 680 804 762 quibus
836 682 884 746 est
915 677 1084 755 fuisset,
1117 680 1195 746 iam
1224 677 1274 743 de·
1322 661 1325 688 ⁹

227 790 434 861 inissent3
466 785 579 852 saltem
611 787 651 850 et
677 785 846 851 tollendum
872 785 931 862 ost,
950 785 1051 849 ortum
1074 805 1111 851 ex
1131 785 1275 851 fuisset
1324 863 1325 871 ἵ

227 899 289 967 Sed
312 893 549 962 defuissent
567 892 849 977 temporegrariter
868 893 974 976 psoeat
995 892 1065 976 (pro
1088 889 1276 964 deessent)

226 1009 258 1073 et
279 1005 382 1086 ipsum
402 1016 523 1081 quoqne
557 1015 613 1080 per
639 1016 673 1063 se
694 996 796 1061 minus
826 999 946 1064 reotnm
969 999 1017 1062 est
1037 999 1111 1079 post
1131 996 1277 1062 fuisset
1326 985 1329 1138 ἱ

225 1112 330 1179 Unum
352 1107 458 1187 aptum
482 1107 532 1169 est
551 1103 793 1185 defecissent.
1328 1163 1329 1168 ,

236 1264 242 1274 .
325 1209 505 1286 Indus:
548 1206 1274 1292 Nunonihiladrampertinetqno·
1328 1199 1329 1202 ’

226 1322 341 1391 modo
362 1316 577 1382 videamus
600 1313 861 1396 quodeunque
882 1313 1085 1393 videmus,
1107 1315 1179 1382 sed
1200 1330 1279 1398 qno·

224 1428 336 1496 modo
371 1425 504 1504 imago
546 1418 701 1485 similis
735 1417 851 1483 reddi
895 1437 913 1484 a
954 1420 1120 1503 speculo
1164 1418 1279 1485 debet

224 1536 293 1602 Non
315 1531 415 1596 solum
437 1526 528 1593 modo
557 1526 643 1591 verbi
663 1527 771 1609 peeoat
792 1524 915 1592 debet
945 1531 1012 1607 (pro
1033 1524 1205 1603 debeat),
1230 1521 1276 1590 sed

223 1640 347 1708 omnino
370 1650 497 1718 pravum
520 1633 584 1705 est;
620 1629 659 1694 ad
681 1648 748 1695 rem
770 1628 852 1696 enim
873 1630 1016 1714 pertinet
1044 1631 1198 1715 quomodo
1218 1628 1276 1695 red·
1329 1689 1330 1693 ,

225 1745 317 1809 detur
337 1742 450 1824 imago,
482 1755 542 1802 non
566 1735 719 1821 quomodo
742 1735 855 1801 debeat
880 1736 978 1802 reddi.
1034 1736 1201 1811 Praetsres,
1230 1733 1276 1802 ad·

222 1849 362 1914 inustum
385 1844 447 1908 illis
477 1842 670 1927 quomodo
690 1841 913 1916 videamus,
949 1842 1088 1907 abundat
1108 1845 1211 1909 totum
1230 1843 1277 1906 ios

222 1953 485 2039 quodeunque
521 1949 712 2013 videmus.
768 1948 865 2014 Recta
895 1949 1000 2014 omnia
1035 1952 1128 2015 erunt
1160 1950 1205 2016 sio
1237 1948 1277 2013 di·

222 2059 336 2126 stinota
358 2061 390 2122 ot
410 2055 541 2136 scripte:
584 2053 693 2118 Nune
714 2073 744 2119 n.
767 2071 796 2118 a.
820 2074 844 2118 r.
866 2072 909 2135 μ,
930 2055 1126 2138 quomodo
1148 2055 1275 2122 ridea-

222 2182 323 2241 mns3
356 2160 618 2246 quodeunque
649 2159 831 2225 videmus
860 2168 893 2223 et
925 2155 1275 2247 quomodocunque,

221 2271 352 2353 imago
394 2265 546 2332 similis
589 2265 705 2331 reddi
746 2267 958 2349 espeoulo
990 2265 1123 2333 debet
1168 2266 1276 2335 Deinde

86 2448 89 2453 ,
221 2377 238 2459 ᾗ
281 2375 319 2452 3,
360 2373 414 2438 nbi
456 2371 572 2436 editur:
626 2370 700 2450 Qui
750 2372 944 2438 montium
992 2391 1145 2438 summa
1193 2394 1276 2440 oon·

220 2480 438 2553 scendunt,
474 2478 663 2560 spectant
697 2478 858 2556 nubem,
891 2478 1045 2562 Hauptins
1086 2479 1135 2557 (Il
1168 2499 1197 2562 p.
1230 2476 1275 2558 12)

218 2587 458 2672 inspectant
501 2583 697 2648 scribendum
738 2586 843 2666 putat;
886 2603 942 2669 ego
983 2583 1172 2668 pretulerim
1216 2584 1275 2649 de·

218 2692 414 2777 spectant.
680 2749 683 2751 .
1112 2723 1124 2743 ·

318 2796 385 2862 Ibd.
418 2795 527 2877 eapitis
558 2796 594 2858 ll
626 2794 726 2877 prima
751 2812 822 2877 pars
854 2794 990 2883 (Aliud
1023 2814 1180 2879 qnoque
1201 2796 1275 2862 vir·

217 2918 355 2985 garum
388 2918 510 2983 genus
621 2903 660 2964 et
692 2900 772 2983 ipsi
804 2901 919 2985 signa
951 2900 1140 2966 imbrium
1176 2904 1275 2977 sunt)

216 3006 363 3090 superiori
385 3006 480 3088 ospiti
503 3005 697 3092 adiungenda
717 3008 775 3083 est,
806 3006 847 3071 ad
867 3004 949 3070 idem
971 3008 1191 3090 argumentum
1212 3027 1274 3092 per·

216 3114 334 3185 tineam
370 3110 480 3178 deinde
512 3130 597 3177 nova
629 3111 676 3178 rei
701 3111 932 3195 (parheliorum)
961 3112 1130 3178 uastando
1157 3114 1275 3180 initium

214 3218 310 3283 oritur
330 3217 370 3282 ab
392 3217 441 3283 his
463 3215 581 3280 verbis:
635 3213 837 3294 Quomodo
870 3235 975 3282 nuno
1000 3236 1058 3282 ms
1092 3219 1166 3285 hoe
1196 3222 1276 3288 loeo

213 3325 371 3404 geram?
406 3321 501 3404 quid
536 3339 669 3386 vocem
701 3321 899 3405 imagines
931 3321 1035 3387 solis
1067 3325 1137 3402 eet,
1167 3328 1278 3394 omisso

212 3415 395 3492 auctoritate
425 3426 537 3492 oodiois
564 3427 589 3491 Ε
618 3426 797 3511 pronomine
827 3441 894 3491 eas
916 3433 1064 3501 (vocem
1090 3447 1159 3496 eas
1180 3433 1278 3501 ima·

211 3533 350 3614 gines),
387 3534 468 3616 qnod
513 3533 653 3609 omniuo,
695 3550 755 3616 qno
789 3531 953 3605 referatur,
985 3551 1044 3598 non
1075 3535 1186 3615 habet,
1220 3542 1279 3608 nisi

211 3637 325 3702 sonibus
348 3656 416 3704 eas
447 3641 562 3724 imag.
593 3640 710 3714 solis,
744 3657 838 3721 qaas
866 3635 1062 3704 historici
1092 3645 1151 3709 oet
1196 3646 1279 3713 Nam

208 3741 246 3806 ad
268 3743 370 3827 virgas
396 3745 462 3811 heeo
483 3747 605 3812 omnino
627 3764 684 3812 non
709 3743 872 3826 pertinent,
893 3760 948 3808 neo
969 3744 1113 3829 cuiqnam
1134 3749 1168 3816 in
1189 3772 1281 3821 men·

208 3841 272 3910 tem
306 3851 412 3917 sonim
444 3855 573 3935 poterat
606 3856 642 3918 ut
677 3849 828 3932 imagines
859 3847 932 3914 solis
964 3852 1121 3936 virgarum
1153 3863 1281 3931 nomine

210 3952 388 4033 appellaret.
