2678 5018
272 308 312 373 52
630 309 691 366 tib.
709 310 757 366 Vl.
775 308 838 380 (lep.
852 310 889 366 11.

235 504 1293 591 Hauptinsvalde‚qnodpaceHauptii,uiriegregiidirerimincon-

168 652 170 654 v
231 614 373 679 siderate.
396 613 478 677 Nam
499 612 633 694 primum
655 629 776 678 omnem
790 612 938 695 Scipionis
953 614 1209 697 significationem
1230 617 1288 681 tol·

228 720 306 797 lunt,
328 719 638 804 quacum-coniuncta
650 722 699 784 est
718 717 921 782 Caletranum
943 719 1099 785 Pieridum
1114 722 1287 804 appellatio,

230 829 371 912 quoniam
404 823 535 907 alioquin
566 825 734 890 necessario
767 826 907 891 universe
933 827 1069 892 Pierides
1099 829 1288 893 nominandae

229 934 332 1007 erant3
364 929 483 1001 deinde,
517 930 597 994 unde
622 930 654 994 in
676 933 811 996 mentem
832 932 973 1014 cuiquam
998 932 1115 999 venerit
1137 934 1203 998 sine
1224 935 1288 1000 ulla

232 1037 324 1103 causa
353 1037 498 1120 quattuor
533 1054 637 1102 versus
673 1036 773 1101 medio
809 1036 937 1101 carmini
971 1038 1118 1112 inserere,
1153 1058 1212 1104 uon
1234 1040 1288 1106 de·

229 1145 357 1219 clarent,
378 1142 637 1223 Peerlkampianae
658 1142 793 1207 leuitatis
815 1144 859 1219 (et
880 1142 1064 1221 Lehrsiame)
1090 1145 1172 1222 socii,
1196 1149 1287 1229 atque

229 1249 324 1315 otiam
359 1249 391 1312 iu
424 1248 456 1312 id
494 1248 649 1325 incidunt,
683 1247 763 1330 quod
798 1249 860 1312 iam
895 1247 969 1314 alibi
1006 1249 1138 1314 maxime
1172 1252 1288 1334 impro-

228 1358 330 1423 babile
353 1375 420 1421 esse
444 1354 513 1430 diri,
545 1357 581 1418 ut
610 1373 668 1419 non
702 1373 808 1419 versus
830 1354 948 1436 aliquot
977 1354 1164 1437 reliquorum
1197 1358 1289 1425 seriei

228 1465 357 1544 additos,
380 1462 434 1528 sed
456 1462 488 1524 in
511 1461 611 1526 medio
634 1479 724 1524 versu
752 1461 883 1552 coeptam
897 1464 944 1551 et
958 1459 988 1524 in
1011 1461 1070 1525 alio
1092 1462 1193 1526 medio
1216 1481 1287 1527 con-

227 1571 343 1635 clusam
375 1567 598 1651 interpolatoris
631 1585 754 1649 operam
785 1567 913 1650 fingant.
947 1567 1022 1639 ,Sed
1052 1567 1172 1632 accedit
1202 1569 1286 1633 aliud

182 1656 183 1659 Ἴ
227 1675 315 1741 valde
337 1678 454 1740 temere
478 1674 700 1756 excogitatum
731 1671 810 1755 quod
831 1673 914 1736 enim
935 1692 973 1737 no
994 1673 1038 1738 sic
1060 1673 1184 1756 quidem
1207 1672 1287 1738 Mei-

227 1781 362 1846 nelrianae
387 1781 448 1865 legi
471 1780 593 1855 satisfit,
618 1779 694 1845 duos
715 1778 793 1844 alios
814 1798 919 1844 versus
932 1779 1021 1863 longe
1032 1779 1104 1843 hinc
1131 1779 1283 1846 diiunctos

227 1885 399 1960 donabunt,
434 1906 490 1952 nec
524 1888 693 1957 continuos,
730 1885 783 1950 sed
816 1885 855 1948 28
878 1888 909 1950 ot
927 1885 980 1963 ⁴33,
1015 1889 1178 1970 utmmque
1199 1888 1287 1952 inno·

227 1992 448 2067 centesimum,
477 1993 536 2057 nisi
557 1993 637 2075 quod
659 1993 690 2056 bi
713 1993 771 2057 soli
792 1991 1005 2076 aliquomodo
1028 1993 1093 2056 sine
1115 1996 1285 2059 ceteromm

225 2098 327 2162 ruina
346 2098 478 2162 exsecari
500 2080 638 2179 possunt.
692 2096 801 2181 ltaque
832 2098 890 2162 hac
927 2098 1072 2163 violentia
1100 2099 1214 2164 reiecta
1246 2099 1286 2165 ad

225 2204 295 2269 illos
316 2203 393 2268 duos
414 2223 530 2281 versus,
552 2205 582 2268 in
604 2204 713 2287 quibus
736 2205 835 2269 omnis
857 2205 906 2268 est
926 2206 1071 2286 pravitas,
1094 2208 1285 2270 revertamur

149 2335 151 2341 ’
225 2309 574 2393 animadvertamusque
608 2311 639 2373 in
675 2310 827 2392 superiore
849 2329 938 2375 versu
966 2312 1032 2389 (15)
1054 2312 1085 2376 in
1107 2313 1206 2377 tribus
1228 2331 1287 2377 an·

225 2417 406 2500 tiquissimis
428 2416 508 2498 apud
530 2415 687 2480 Kellerum
711 2415 864 2480 codicibus
885 2436 946 2482 non
971 2417 1077 2480 calama
1090 2418 1197 2503 fcqoe,
1230 2418 1284 2484 sed

226 2522 326 2584 celenis
351 2523 436 2607 supa
457 2541 533 2587 esse.
590 2522 720 2603 Scripsit
740 2521 898 2600 Horatius,
921 2523 1037 2610 duobus
1059 2524 1121 2590 illis
1142 2525 1283 2591 uersibus

224 2629 337 2701 minus,
372 2622 504 2713 egregie,
540 2632 659 2693 servato
695 2627 789 2692 otiam
823 2628 876 2693 illo
914 2629 1107 2713 quaternario
1139 2648 1285 2696 veranum

225 2752 366 2799 numero:

422 2873 490 2938 Non
515 2872 611 2938 incisa
632 2871 711 2938 notis
734 2893 888 2939 marmora
909 2875 1050 2957 publicis,

423 2998 479 3060 per
500 2999 567 3062 quae
590 2980 714 3063 spiritus
736 2983 768 3045 et
790 2981 853 3045 vita
874 2980 956 3046 redit
976 2982 1062 3046 bonis

422 3088 644 3167 postmortem
668 3086 795 3152 ducibus
817 3105 876 3151 non
900 3087 1001 3150 celeris
1016 3087 1115 3172 supro,

421 3192 496 3271 eius,
520 3192 571 3274 qui
592 3192 707 3257 domita
729 3212 841 3257 nomeu
863 3194 902 3258 ab
924 3193 1029 3258 Africa

422 3297 558 3362 lucratus
580 3298 681 3376 rediit,
704 3299 815 3364 clarius
837 3299 975 3363 indicant

421 3403 527 3468 laudes
549 3396 640 3487 quam
664 3405 799 3470 Calabrae
822 3404 967 3469 Pierides.

223 3541 326 3607 Vitam
348 3562 408 3608 non
431 3542 539 3608 celeris
561 3544 650 3628 fugae,
678 3527 746 3609 hoc
761 3546 823 3618 est,
846 3565 905 3610 non
927 3544 1069 3629 fugacem
1092 3547 1124 3609 et
1145 3546 1282 3622 brevem,

223 3647 347 3713 ducibus
370 3668 423 3733 per
456 3669 608 3714 marmora
629 3652 709 3715 notis
731 3652 863 3736 publicis
885 3652 981 3715 incisa
1002 3650 1110 3726 redire,
1133 3651 1283 3717 Horatius

223 3753 368 3819 concedit.
401 3754 459 3821 Hic
477 3757 648 3840 genetivus,
670 3758 734 3822 sive
750 3777 832 3832 casu,
856 3757 919 3823 sive
943 3756 1024 3840 quod
1045 3777 1103 3821 non
1126 3758 1283 3843 intellige-

221 3859 328 3936 batur,
367 3861 456 3927 unius
487 3864 597 3928 litterae
631 3865 800 3929 mutatione
835 3863 964 3946 (ceteros)
993 3865 1025 3927 iu
1059 3865 1282 3931 nominativum

219 3967 465 4049 transformatus,
490 3989 560 4045 cum
583 3972 627 4036 sic
648 3969 728 4034 nude
750 3971 848 4053 posita
864 3969 1039 4044 rerbaloon
1061 3971 1165 4034 celeres
1179 3971 1283 4055 saoce)
