2656 5056
487 773 574 828 Taciti
594 773 718 829 Annales.
1031 775 1092 837 547
1202 828 1206 836 ,

70 974 206 1055 vultu,
249 973 424 1039 structas
463 971 627 1054 principi
669 970 856 1050 insidias,
904 975 1048 1040 missos
1097 977 1133 1040 in

70 1078 248 1145 Galliam
282 1077 499 1143 concitores
534 1077 632 1141 belli
665 1076 774 1142 index
810 1078 911 1143 idem
946 1086 984 1144 et
1015 1082 1163 1166 testis

69 1185 233 1250 dicebat
264 1185 321 1248 cet.
376 1183 425 1248 Sic
460 1184 563 1248 codex.
627 1181 745 1248 Omitto
780 1184 917 1250 infelices
951 1186 1132 1250 emendandi
1159 1219 1160 1222 ¹

67 1296 208 1358 conatus.
253 1290 381 1355 Initium
412 1275 491 1367 veri,
526 1308 544 1354 a
573 1304 631 1373 quo
658 1289 824 1356 Venturius
857 1311 925 1356 eum
949 1292 1132 1367 aberrasset,

68 1399 190 1462 ceteros
216 1396 330 1469 traxit,
362 1395 392 1459 in
425 1414 460 1460 eo
491 1397 624 1478 positum
648 1399 705 1470 est,
728 1398 773 1473 ut,
798 1397 991 1481 interpuncta
1012 1398 1132 1480 plenius

68 1503 205 1568 oratione
248 1503 318 1585 post
349 1501 504 1565 inducti
549 1504 659 1579 sunt,
702 1502 892 1570 retineantur
930 1503 1039 1569 deinde
1072 1505 1132 1570 duo

67 1608 163 1672 verba
185 1607 286 1679 finita,
321 1609 387 1672 tum
416 1609 613 1691 peroranti
646 1608 767 1674 dativus
797 1626 833 1673 ne
855 1613 1001 1676 mutetur.
1048 1612 1132 1677 Scri-

68 1715 206 1780 bendum
229 1718 277 1779 est
305 1715 365 1777 ia:
410 1713 463 1776 Ab
485 1713 602 1779 exilio
631 1718 826 1781 retractus
932 1717 1131 1799 peroranti

65 1822 160 1886 filio
188 1830 305 1904 poter
338 1828 586 1903 comparator
617 1826 672 1903 (pi
705 1825 967 1904 comparatur,
988 1821 1045 1888 hoc
1068 1826 1129 1888 est:

68 1946 140 1992 cuno
175 1944 209 1990 eo
245 1925 445 2010 componitur,
479 1930 514 1990 ut
549 1930 694 2010 tanquam
732 1945 787 2009 par
822 1925 861 1990 ad
893 1927 1130 2012 depugnandum

67 2033 244 2106 efficiatur).
288 2031 532 2096 Adulescens
639 2031 793 2098 dicebat
813 2032 1130 2115 adnectebatque

153 2139 446 2203 ministravisse
476 2139 674 2220 pecuniam
708 2139 784 2221 (qui
894 2138 1129 2225 festinavit).

67 2248 117 2310 nt
139 2247 280 2310 contra
301 2262 386 2308 reus
410 2248 468 2307 oet.
528 2245 577 2311 Sic
607 2245 731 2311 demum
756 2245 889 2311 narratio
922 2247 1004 2310 recte
1026 2265 1130 2328 proce-

66 2353 124 2416 dit
172 2351 232 2427 (De
254 2354 389 2415 extremo
411 2350 511 2433 capite
533 2348 594 2413 dini
616 2350 784 2415 emendatt.
807 2352 892 2417 Livv.
913 2369 943 2433 p.
967 2350 1072 2430 9011.)

166 2456 233 2521 lbd.
257 2455 313 2519 33:
357 2455 481 2538 thue
515 2454 675 2520 familiae
703 2457 800 2539 ipsae
822 2458 896 2522 iam
921 2458 1129 2523 exstinctae

47 2565 165 2638 sint,
209 2563 399 2647 reperies,
448 2561 512 2642 qui
545 2561 592 2626 ob
635 2560 940 2628 similitudinem
986 2583 1128 2630 morum

64 2672 199 2736 aliena
231 2668 441 2733 malefacta
481 2667 555 2731 sibi
589 2667 788 2732 obiectari
830 2671 978 2751 putent
1036 2669 1128 2735 Certa

65 2778 190 2862 regule,
214 2794 305 2860 quam
340 2773 543 2839 recentissimi
574 2774 707 2839 editores
734 2777 837 2839 tenere
859 2775 1018 2847 debebant,
1052 2776 1129 2840 scri-

63 2884 199 2948 bendum
214 2901 279 2947 osse
301 2880 425 2965 reperi
431 2902 472 2941 aa
493 2885 525 2944 et
536 2881 601 2964 ipse
613 2889 791 2946 annotarem
804 2884 836 2945 et
848 2880 1026 2966 Siesbyeus„
1042 2880 1128 2964 Saepe
1176 2920 1178 2923 -

65 2991 112 3056 sic
143 2989 280 3064 Tacitus,
314 2987 398 3053 velut
420 2985 483 3079 XI,
521 2985 559 3048 18
583 2986 701 3062 scias,
730 2986 802 3051 bist.
825 2979 891 3064 l,'1
915 2989 1129 3067 averseris,

64 3101 125 3162 cet
185 3096 221 3159 ln
250 3095 308 3158 lroo
335 3095 401 3177 ipso
423 3093 521 3157 verbo
546 3093 629 3156 recte
662 3091 805 3156 scribitur
840 3088 1037 3175 (reperias)
1074 3093 1129 3171 Vi,

63 3202 104 3265 ‘22
127 3200 213 3281 (28),
238 3200 289 3265 ubi
310 3199 341 3264 in
365 3199 469 3264 codiee
493 3200 541 3262 est
561 3196 767 3280 reporiccs.

166 3306 233 3371 lbd.
259 3305 317 3373 43:
348 3322 470 3388 neque
502 3302 730 3386 Philippum
759 3305 954 3386 potentia,
986 3303 1055 3370 sed
1088 3323 1129 3370 ex

62 3432 155 3479 vero
192 3413 392 3478 statuisse.
443 3410 550 3494 Neque
585 3409 729 3473 Latinum
763 3414 811 3474 est
833 3412 970 3493 potentia
1001 3421 1130 3475 statuae

62 3520 219 3605 (quoniam
254 3535 351 3601 neque
387 3517 433 3581 ius
468 3533 566 3598 neque
602 3516 713 3580 iniuria
744 3533 841 3599 neque
874 3515 968 3580 animi
998 3516 1127 3582 affectus
1205 3574 1208 3581 .

64 3626 117 3692 illa
139 3644 214 3712 voce
236 3623 448 3709 significatur),
471 3640 585 3707 neque,
617 3623 644 3686 si
665 3622 810 3686 Latinum
833 3622 924 3695 esset,
954 3623 981 3686 ei
1004 3626 1127 3687 eontra-

64 3735 143 3797 rium
179 3733 263 3796 csset
294 3751 330 3792 eo
362 3749 439 3792 earo.
497 3727 655 3793 Contraria
688 3731 768 3802 sunt,
802 3744 868 3810 qua
902 3728 1128 3810 impotentia

66 3836 240 3920 (impotenti
259 3836 354 3901 animi
375 3838 473 3914 motu]
489 3833 568 3899 liunt
587 3835 823 3916 statuuntnrque
835 3836 867 3898 et
878 3853 944 3917 quae
957 3853 991 3898 ex
1007 3852 1078 3898 vero
1095 3835 1127 3898 et

65 3961 157 4028 aquo.
206 3941 310 4006 Prima
331 3940 449 4024 syllaba
470 3942 580 4005 hausta
602 3941 651 4004 est
672 3939 863 4021 praecedente
891 3958 966 4016 nm,
998 3957 1125 4022 praeser-

65 4049 119 4116 tim
155 4051 187 4114 in
227 4048 448 4134 significatione
486 4046 624 4112 vocabuli
659 4045 790 4110 librariis
829 4044 983 4110 interdum
1017 4064 1126 4129 pamm

65 4155 297 4228 animadversa:
348 4154 400 4219 cfr.
444 4151 520 4229 ΧΠ,
572 4152 622 4216 44.
688 4152 842 4230 (Matris
884 4151 1126 4234 impotentia

62 4280 88 4326 c
125 4263 193 4338 57.)
395 4277 397 4281 ⁴
651 4314 653 4317 ψ
1286 4318 1300 4338 n

164 4367 230 4434 lbd.
263 4367 318 4431 49:
362 4364 775 4449 Rebusque·turbatis
925 4361 1125 4427 discordia
1172 4356 1238 4394 Γ*
1320 4361 1327 4382 “

59 4474 259 4549 accessit,
302 4473 362 4538 his
406 4478 437 4548 (e
477 4472 644 4537 Thracibus
688 4469 832 4546 obsessis)
869 4467 1123 4566 deditionem.

59 4579 578 4646 aiiismortemetmutuos
613 4573 1161 4659 interseic‘tusparantist
1202 4627 1238 4673 ἦ,
1317 4556 1327 4623 s

873 4682 948 4734 ab*
1281 4682 1297 4722 d
