2654 5010
448 649 589 708 Ciceronis
607 649 739 720 epistolae.
1024 651 1086 714 203

58 844 202 928 epistola
223 845 323 910 tertiae
345 845 471 911 initium
491 845 700 912 intercidisset
714 847 745 912 in
761 865 798 911 ea
812 846 928 924 lacuna,
945 866 1014 931 qua
1029 846 1125 913 etiam
1183 911 1198 939 „

56 951 203 1016 secunda
225 952 363 1034 epistola
384 951 477 1017 finem
500 953 612 1018 amisso
635 952 709 1019 folio
731 952 844 1030 bausit,
867 951 898 1017 in
923 952 1004 1018 hunc
1025 954 1126 1019 locum

58 1057 249 1140 irrepserunt
271 1057 316 1134 (in
339 1057 483 1136 editione,
512 1077 585 1124 sane
611 1077 673 1125 non
701 1061 732 1125 in
755 1058 872 1138 codice)
896 1059 988 1125 verba
1010 1059 1127 1141 aliquot

60 1165 143 1241 (sed
166 1182 239 1248 quo
261 1182 330 1230 nos
351 1165 558 1242 amisisse
586 1185 696 1248 qnam
728 1167 786 1232 sic
810 1166 944 1231 venari
966 1185 984 1230 a
1007 1166 1125 1230 Dola·

58 1269 376 1350 bellaaudio,ut
396 1270 471 1336 iam
495 1289 568 1337 non
591 1270 1126 1338 videatnrcrndelissimum

59 1379 149 1443 eins
180 1377 340 1443 facinus
369 1377 612 1443 interfectio
633 1378 849 1456 Trebonii),
882 1396 950 1460 quae
971 1379 1126 1459 pertinent

58 1485 99 1550 nd
122 1502 186 1549 rem
211 1484 243 1548 el
264 1486 385 1566 tempus
407 1483 498 1566 paulo
519 1485 679 1567 posterius.
724 1484 841 1550 Deinde
857 1484 994 1565 epistola
1010 1486 1126 1568 quartae

58 1591 256 1658 adheserunt
276 1588 421 1654 nonnulla
443 1596 475 1673 (ς
497 1590 517 1653 3
539 1590 641 1672 quod
670 1609 727 1656 me
755 1590 799 1656 de
828 1590 1004 1656 Antonio
1032 1608 1126 1655 con-

58 1700 164 1765 11111
187 1715 281 1780 usqne
304 1695 483 1773 adfinem).
528 1697 686 1763 Postremo
705 1698 841 1780 epistolae
864 1699 988 1780 quintae,
1012 1697 1042 1760 in
1065 1713 1127 1778 qna

59 1807 176 1870 Brutus
191 1802 345 1869 Ciceronis
368 1802 405 1867 de
422 1801 589 1866 Dolabella
609 1803 641 1866 in
662 1803 737 1868 Asia
751 1803 917 1868 sceleribus
933 1804 965 1867 ct
980 1802 1126 1866 Trebonii

61 1915 168 1976 morte·
198 1909 346 1975 indicium
387 1911 419 1974 11
456 1910 617 1974 consilium
656 1909 811 1992 simulque
851 1909 889 1973 de
920 1908 955 1973 L.
989 1907 1125 1972 Antonio

59 2020 217 2100 exspectat
248 2019 280 2080 et
312 2016 452 2099 exquirit,
485 2014 540 2079 fini
568 2015 762 2079 adhaeserunt
784 2015 877 2080 verba
898 2015 1024 2098 aliquot,
1057 2033 1125 2097 qnae

59 2123 222 2189 manifesto
245 2142 302 2186 non
327 2121 426 2198 Bruti,
449 2121 501 2186 sed
525 2120 678 2186 Ciceronis
702 2121 796 2186 Bruto
819 2121 1031 2203 respondentis
1055 2125 1125 2185 sunt

60 2231 173 2306 (1111
196 2229 329 2295 Asiam
357 2247 500 2294 censeo
521 2227 841 2312 persequendum
865 2230 948 2306 cet).
991 2225 1048 2291 His
1072 2226 1126 2292 de-

58 2338 166 2402 tractis
189 2335 221 2399 in
243 2335 325 2400 hnuo
347 2337 449 2419 ipsum
470 2335 570 2400 locnm
595 2334 820 2417 transponenda
841 2340 913 2400 sunt
935 2335 1028 2399 verba
1045 2351 1126 2399 nunc

60 2442 149 2507 initio
178 2443 316 2524 epistole
345 2442 448 2506 tertia
476 2442 578 2524 posita
605 2442 637 2506 et
669 2444 755 2506 Bruti
790 2441 923 2524 epistola
951 2441 996 2506 sic
1030 2440 1126 2505 conti·

58 2548 198 2614 uuanda:
229 2549 310 2615 Hoc
342 2547 471 2632 magis
503 2548 619 2614 doleo
651 2548 787 2613 Asiam
817 2566 886 2612 nos
919 2548 1125 2623 amisisse,

58 2673 154 2742 qnam
183 2656 242 2721 sic
270 2654 398 2720 vexari
428 2673 447 2720 a
475 2655 691 2718 Dolabella
712 2652 846 2731 audio,
875 2654 919 2718 nt
947 2654 1022 2718 iam
1052 2671 1125 2719 non

58 2762 237 2828 videatur
259 2760 590 2827 crudelissimum
607 2760 691 2825 eius
708 2757 1125 2824 lacinusinterfectio

57 2868 263 2934 Trebonii.
306 2867 422 2945 (Verba
450 2866 519 2932 sed
548 2884 622 2948 qno
651 2866 682 2930 in
712 2883 800 2930 suam
828 2865 959 2929 formam
985 2864 1125 2946 redigere
1223 2885 1228 2899 ·

58 2994 119 3040 111
140 2982 289 3057 possum.)
326 2973 540 3039 continuanda
554 2973 636 3046 dico;
659 2989 729 3035 narn
746 2970 838 3036 buius
854 2988 973 3053 qnoque
989 2968 1126 3051 epistolae

58 3080 132 3145 finis
154 3085 185 3145 et
206 3079 352 3162 proxima
380 3079 505 3145 initium
535 3078 629 3144 simili
650 3097 721 3144 casu
744 3077 910 3151 intercidit,
933 3080 1025 3159 atque
1047 3077 1127 3140 inter

59 3187 227 3255 secundam
250 3190 281 3251 et
302 3187 428 3251 tertiam
450 3186 598 3252 accidisse
621 3185 691 3249 dixi.
735 3182 817 3248 Nam
836 3183 952 3250 amisso
967 3182 1040 3248 lolio
1054 3181 1125 3247 finis

58 3294 199 3376 epistolae
223 3294 310 3357 Bruti
341 3291 500 3359 intercidit
532 3295 564 3357 et
594 3291 722 3357 initium
751 3290 907 3373 proximae,
939 3308 999 3373 qna
1021 3288 1126 3354 Cicero

58 3401 159 3465 Bmto
180 3401 390 3484 responderat.
438 3398 483 3463 Ex
516 3398 575 3464 bac
606 3399 772 3479 supersunt
800 3396 866 3475 illa,
889 3415 958 3479 qnae
980 3415 1060 3460 nnnc
1082 3397 1126 3460 le·

56 3507 175 3590 guntur
196 3507 228 3570 11
251 3525 299 3589 ep.
322 3507 343 3567 4
372 3509 463 3570 1111
492 3504 552 3569 fine
581 3504 720 3586 epistolae
750 3503 839 3568 Bruti
861 3504 917 3580 (5).
962 3501 1014 3568 Sic
1043 3501 1126 3566 enim

57 3613 126 3679 haec
147 3612 316 3678 cohaerent:
334 3610 441 3692 Quod
464 3630 521 3676 me
543 3610 588 3675 de
608 3610 785 3676 Antonio
807 3609 990 3675 consulis
1012 3616 1074 3691 (cp.
1098 3608 1126 3684 t,

59 3721 104 3797 2),
128 3719 255 3801 quoad
280 3717 398 3784 Bruti
421 3718 572 3783 exitum
595 3716 867 3802 cognorimus,
890 3715 1127 3781 custodien-

59 3825 149 3890 dum
183 3828 288 3908 pnto.
321 3825 373 3890 Dr
402 3825 453 3890 iis
485 3824 663 3901 litteris,
697 3841 796 3909 qnae
827 3822 925 3887 mihi
953 3819 1127 3897 misisti,

58 3931 278 3997 Dolabella
297 3931 434 3997 Asiam
457 3949 599 3996 vexare
624 3929 789 3996 videtur
810 3935 850 3995 et
871 3929 907 3993 irr
932 3947 975 3993 11
995 3945 1036 3993 11
1058 3945 1127 4011 ge·

58 4056 148 4106 raro
180 4038 412 4103 taeterrime.
449 4036 732 4119 Compluribus
760 4038 892 4101 autem
914 4033 1126 4117 scripsisti

61 4143 314 4210 Dolabellam
338 4163 356 4209 a
378 4143 547 4210 Rhodiis
569 4162 656 4208 esse
679 4142 900 4218 exclusum,
933 4138 1056 4222 quisi
1081 4138 1127 4204 ad

60 4249 239 4318 Rhodum
284 4251 477 4330 accessit,
522 4250 684 4314 videtur
719 4248 819 4313 mibi
853 4248 989 4313 Asiam
1026 4244 1127 4310 reli·

59 4357 209 4439 quisse.
247 4356 290 4422 Id
320 4357 531 4431 11111111,
561 4355 662 4421 11111
688 4354 769 4420 tibi
791 4372 934 4421 censeo
957 4371 1127 4419 commo·

58 4464 242 4540 randnm3
275 4464 338 4529 sin
371 4481 453 4530 eam
487 4461 611 4529 semel
643 4462 770 4546 cepit,
792 4461 890 4527 mihi
912 4459 1047 4538 crede,
1070 4457 1128 4498 *¹*
