2648 5084
260 309 322 373 614
613 303 865 377 'mensem-1

218 511 367 594 exemplo,
400 509 487 575 ouius
518 506 658 573 ordinem
691 527 895 592 nnmemque
926 528 1058 592 sequor,
1092 512 1265 596 Hauptiiono

218 637 295 702 qnae
318 618 413 681 otiam
434 614 576 679 Naberus
598 615 769 685 annotavit
791 615 1021 693 oonieotmis.¹)

319 742 396 824 Epp.
429 739 468 804 ad
491 739 533 803 Μ.
556 737 927 822 Caeearembb.1,3p.
951 740 990 803 7:
1028 742 1263 807 Amorem
1303 794 1304 799 ,

216 841 401 932 intelligo
520 847 669 928 impetu
701 846 832 927 potine
865 864 973 929 qnam
1008 847 1169 912 ratione
1198 867 1269 912 oon·

218 959 393 1038 ceptum,
426 953 488 1037 qni
521 972 590 1018 non
622 951 782 1024 officiis,
804 952 862 1016 uti
894 952 1016 1036 ignis,
1050 954 1121 1018 eod
1153 961 1270 1038 sponte
1300 996 1301 1000 =

217 1062 316 1149 ortis
339 1061 547 1142 vaporibus
581 1059 718 1123 ualeat.
776 1058 1062 1139 Scriboffioiis,
1098 1063 1270 1147 urtipoie
1298 1077 1307 1137 ἦ

216 1169 280 1232 sed
305 1169 364 1233 oet.
410 1165 633 1249 Comparantur
655 1164 793 1229 materie
815 1167 846 1229 et
866 1165 1027 1232 alimenta

315 1290 382 1355 Ibd.
425 1308 471 1372 ep.
516 1288 536 1352 6
578 1309 608 1372 p.
651 1289 707 1352 17:
754 1289 866 1363 Puto,
909 1293 1035 1355 totum
1081 1293 1270 1376 descripsi.

215 1393 311 1475 Quid
335 1415 423 1479 ergo
444 1394 734 1478 facerentquod
755 1396 876 1460 totum
899 1415 941 1460 ao
963 1398 1146 1465 mireiam
1168 1405 1271 1464 totnn

215 1522 382 1567 amarem
415 1501 603 1567 bominem
642 1502 805 1566 bonnm?
860 1501 962 1567 Verba
997 1504 1045 1568 sio
1080 1507 1272 1571 sanabuntur:

99 1648 107 1662 .
215 1608 311 1688 Quid
334 1629 421 1694 ergo
439 1608 727 1694 facerem,quia
749 1609 870 1673 totum
894 1611 1142 1685 aaamirom,
1165 1619 1272 1678 totum

214 1734 377 1780 amarem
398 1716 588 1781 bominem
609 1714 768 1778 bonnm?

315 1838 381 1904 Lib.
405 1839 462 1915 ΙΙΙ,
497 1839 536 1900 12
564 1859 594 1921 p.
616 1837 675 1900 49:
708 1838 835 1903 altera
865 1858 955 1906 vero
990 1844 1153 1924 (epistola)
1175 1847 1270 1909 tuere

213 1944 386 2019 studium
414 1966 536 2012 meum
571 1944 790 2011 laudentte
812 1947 936 2012 Baius.
957 1946 994 2010 In
1018 1968 1082 2013 una
1105 1970 1180 2016 voce
1201 1951 1273 2016 adin·
1323 1938 1324 2010 i

213 2051 313 2116 vande
345 2056 393 2118 est
425 2055 508 2118 oerta
539 2054 571 2116 et
606 2051 729 2136 egregia
761 2052 889 2136 Hauptii
922 2056 1121 2122 emendatio:
1159 2056 1273 2123 alteru

73 2223 78 2233 ,
116 2187 120 2201 ·
212 2177 301 2224 vero
351 2181 486 2223 acuere
527 2158 697 2224 studium
744 2179 864 2224 meum
914 2160 1030 2226 laude
1076 2162 1272 2228 nitebaris.

212 2265 300 2347 (Hpt.
334 2265 457 2344 tueri.)
509 2266 577 2348 (Ep.
615 2263 652 2326 12
685 2285 716 2348 p.
742 2265 784 2329 48
816 2266 860 2330 sio
893 2267 984 2331 verba
1017 2266 1271 2353 interpungenda:

211 2373 379 2438 Atenim
415 2391 495 2453 eum
528 2371 658 2436 labore
692 2372 868 2456 (perficies).
911 2371 1174 2439 Laboriosum
1197 2374 1271 2458 qni·

210 2479 293 2545 dem
317 2479 510 2564 negotium
533 2479 773 2561 concupisti,
795 2477 861 2543 sed
884 2482 954 2553 eet.)

311 2604 378 2670 lbd.
403 2601 441 2665 13
463 2623 494 2685 p.
518 2603 575 2666 bl:
618 2603 705 2668 Haeo
743 2605 867 2668 oratio
899 2604 1126 2669 amantibus
1156 2604 1271 2670 decuit

210 2710 248 2775 et
269 2709 407 2775 melior
429 2714 468 2775 et
489 2709 687 2775 salubrior
707 2709 797 2787 fnit,
820 2728 888 2774 non
984 2713 1133 2776 sect-ari
1155 2712 1270 2793 volup

209 2815 304 2880 tatis
344 2834 498 2881 neuram
530 2816 692 2881 brevem.
750 2816 814 2881 Sor.
849 2814 1098 2881 Haeo'oratio
1134 2815 1271 2879 amano·

205 2918 294 3003 plor
316 2921 450 2988 decuit
472 2926 532 2988 oet.
582 2923 629 2987 De
651 2940 712 2987 una
736 2921 849 2986 Fronto
870 2921 1005 3005 loquitur
1019 2923 1144 3005 puella.

309 3045 374 3111 Lib.
397 3045 451 3115 lv.
473 3045 493 3108 6
515 3064 544 3128 p.
567 3044 623 3109 69:
667 3044 764 3124 Quid
796 3065 852 3111 me
885 3065 1024 3111 oenses
1054 3046 1269 3129 prandisse?

208 3152 317 3231 penis
340 3152 547 3226 tantulum,
582 3170 662 3216 oum
685 3151 877 3229 oonohim,
913 3168 1036 3234 oaepes
1072 3156 1111 3219 et
1140 3170 1268 3220 manue

207 3254 555 3341 benepraegnates
587 3256 685 3322 alios
731 3260 912 3324 vorantes
948 3259 1135 3328 viderem.
1194 3260 1267 3326 Fuit:
1294 3293 1321 3311 .

207 3362 317 3443 penis
340 3363 532 3429 tantulum
556 3382 636 3428 eum
660 3363 810 3440 eoaebo',
832 3387 918 3427 eom.
935 3384 1062 3448 eaepae
1084 3370 1146 3434 oet

308 3486 372 3550 lbd.
409 3487 447 3548 12
483 3508 512 3570 p.
545 3488 599 3550 74:
644 3506 727 3552 oum
764 3488 927 3553 interim
973 3508 1171 3572 nunquam
1213 3493 1267 3554 tna

234 3846 253 3903 ¹>
273 3848 445 3910 Klnssmanni
476 3857 691 3912 emendationum
712 3841 963 3911 ¹Frontonianorum
995 3873 1021 3924 p.
1054 3856 1078 3922 1,
1117 3856 1266 3927 Goettinge

277 3946 341 3999 1871
370 3946 489 4011 editam,
521 3966 574 4004 non
606 3951 670 4003 vidi.
719 3951 748 4003 Si
780 3948 844 4018 quid
874 3952 960 4020 igitur
984 3949 1018 4002 ab
1050 3966 1082 4003 eo
1110 3956 1267 4020 preeeptnn

276 4050 395 4103 posuero,
414 4039 471 4094 eine
490 4043 529 4096 ita
548 4047 606 4097 esto
625 4043 694 4105 laus,
721 4047 753 4096 ut
771 4057 900 4096 consensu
919 4042 1071 4096 oonieotnra
1090 4045 1267 4099 confirmetur.
