2626 5070
235 305 297 369 308
589 305 648 362 Lib.
659 306 737 365 VIII.
756 305 823 376 Cap.
839 306 861 360 1,

195 525 273 576 nova
318 508 350 571 et
384 503 505 570 civilem
544 505 670 571 modum
693 504 871 572 excedentia
897 504 1000 570 subire
1032 506 1149 570 coesto.
1193 503 1263 570 Vim

195 611 277 675 enim
312 611 341 675 ei
374 628 393 674 a
433 610 542 693 populo
575 611 745 677 adhibitam
771 610 913 676 adulator
939 609 1077 676 Velleius
1103 609 1205 694 lingit,
1233 611 1266 674 et

194 716 260 798 ipse
308 718 466 800 Angustus
515 716 561 781 ita
602 716 700 783 videri
742 717 875 783 volebat.
933 715 1064 798 Scripsit
1110 715 1268 780 Valleinsr

195 812 431 887 Consulatus
476 821 740 887 tantummodo
773 839 889 905 nsque
928 821 975 888 ad
1016 819 1266 885 undecimum

195 928 285 1012 quio
318 927 565 993 continuaret
603 927 738 1003 Cesar,
760 946 840 993 enm
871 944 968 1008 sape
994 926 1178 991 obnitens
1204 943 1266 990 re·

194 1034 420 1118 pugnasset,
456 1032 668 1115 impetrare
698 1055 771 1096 aon
792 1032 963 1115 potuit.¹)

293 1139 360 1204 lon.
384 1139 440 1215 99,
475 1138 496 1199 4
518 1137 563 1221 (3)
586 1138 626 1204 ad
646 1138 726 1204 hans
747 1137 879 1202 formam
901 1136 1052 1217 seriptum
1074 1135 1172 1202 fuisse
1194 1155 1267 1201 sus·

133 1328 135 1333 Δ
197 1244 295 1328 pieor:
318 1246 359 1309 nt
379 1261 522 1319 omnes,
557 1243 620 1325 qni
644 1239 956 1326 proconsulibus
989 1239 1192 1325 legatique
1219 1241 1264 1304 in

194 1350 490 1416 transmarinae
525 1347 695 1431 preteeti
723 1347 951 1432 provincias
981 1345 1145 1412 risendi
1179 1348 1263 1412 eius

194 1457 325 1540 gratia
351 1454 396 1519 ad
439 1438 767 1538 [eunr'veaieeent
802 1455 848 1538 (ot
881 1451 980 1537 quie]
1015 1473 1091 1515 non
1125 1449 1261 1530 vertiti)

194 1581 349 1645 semper
384 1559 534 1643 privato
665 1559 792 1625 lasees
834 1578 924 1625 snos
969 1559 1261 1624 summiserint.

200 1666 402 1731 t‘oaveniondi
437 1666 527 1731 verbo
563 1665 648 1729 loeus
682 1683 742 1729 non
775 1667 833 1730 est.
890 1664 1004 1730 Omnes
1033 1663 1073 1727 ad
1100 1663 1261 1729 'liberium

60 1782 75 1799 ‘
194 1774 314 1838 venisse
337 1770 501 1837 Suetonius
523 1771 656 1835 testatur
676 1770 757 1836 Tit·
770 1771 815 1834 12.
920 1795 922 1800 ·

294 1876 353 1950 (De
379 1894 403 1940 e.
431 1875 499 1949 103,
522 1876 540 1935 3
563 1875 680 1941 dietum
703 1876 831 1941 estaol.
855 1876 919 1959 I'p.
942 1875 1006 1953 21.)
1092 1902 1096 1909 ⁴

294 1979 361 2046 lbd.
400 1980 469 2059 106,
503 1981 541 2045 3:
575 1983 731 2060 elassis,
766 1979 1021 2065 quaewOeeani
1044 1981 1261 2046 eirenmna·

194 2085 400 2170 rigaverat
420 2087 545 2166 siuns,
651 2087 813 2153 flumine
836 2086 925 2151 Albi
947 2085 1151 2163 subrecta,
1174 2085 1262 2168 pln-

198 2191 380 2257 rimarnm
402 2195 585 2285 gentium
605 2193 771 2258 viatoria
803 2211 886 2258 enm
919 2190 1261 2257 abundantissima

194 2312 323 2363 rerum
359 2299 528 2364 omnium
573 2297 683 2381 eopia
718 2298 916 2363 exercitui
953 2296 1187 2379 Oaesariqne
1223 2312 1260 2358 se

192 2405 327 2473 iunxit.
381 2405 506 2470 Frustra
549 2404 720 2469 vietoria
749 2402 938 2477 defenditur,
971 2403 1086 2469 frustm
1118 2399 1259 2466 viatori

192 2510 347 2585 seribitnr,
367 2509 506 2575 inaudito
529 2510 691 2575 uerborum
713 2508 830 2575 ordine.
879 2507 1100 2574 scribendum:
1134 2506 1259 2590 pluri·

193 2636 336 2682 marum
358 2616 536 2700 gentium
557 2615 706 2679 sistris.
1006 2682 1014 2695 ‚

292 2721 358 2787 lbl.
384 2721 462 2801 107,
485 2722 519 2785 2:
563 2720 711 2787 Nostra
748 2720 903 2803 quidem
932 2720 1037 2784 furit
1056 2718 1257 2793 iuuentus,

194 2845 291 2909 quae,
314 2846 395 2891 eum
418 2829 590 2893 vestrum
613 2845 750 2893 numen
773 2825 996 2892 absentium
1020 2825 1140 2900 eolat,
1163 2841 1258 2905 pree·

192 2933 364 3015 sentium
408 2934 540 3019 potins
583 2952 691 2998 arma
737 2931 875 2997 metuit
923 2947 1032 3012 qnam
1075 2927 1258 3012 sequitur

190 3036 206 3101 f
212 3038 324 3107 idem.
371 3040 431 3120 Qni
463 3041 570 3122 potest
600 3039 656 3105 hoe
680 3038 852 3105 Germanus
883 3033 1022 3101 emedio
1043 3034 1152 3099 hostili
1174 3052 1257 3098 erer-

193 3144 255 3210 eitu
277 3146 431 3228 proseetus
454 3145 564 3222 disere,
586 3164 675 3211 suam
698 3145 890 3209 inventutem
913 3141 1123 3221 Romanorum
1148 3140 1258 3205 absen-

191 3252 269 3316 tium
307 3270 421 3317 numen
453 3250 584 3317 solere?
641 3247 718 3317 Vera
754 3248 907 3315 sententia
943 3247 1012 3327 (hoe
1052 3247 1115 3325 est,
1158 3244 1257 3329 qualis

189 3490 387 3498 ῳ--ψ-

219 3649 239 3713 ¹)
258 3647 298 3702 De
316 3650 414 3719 eapitis
433 3655 468 3708 90
485 3651 564 3706 initio
583 3651 633 3706 hoe
651 3653 756 3705 tantum
772 3666 821 3721 pro
837 3648 1005 3704 certodieere
1023 3663 1132 3716 possum
1151 3649 1188 3702 et
1203 3664 1258 3703 eo·

258 3757 327 3796 ram
345 3743 458 3798 aliero
476 3761 528 3798 non
548 3748 636 3798 ortum
655 3760 711 3798 esse
728 3760 759 3798 ex
783 3743 839 3799 his:
859 3744 897 3797 nt
914 3741 1098 3797 eoncordia
1116 3741 1258 3802 insalu-

257 3851 319 3897 ere,
340 3853 398 3905 qum
416 3837 475 3906 ipsa
493 3837 603 3892 minime
621 3840 684 3908 apta
703 3837 775 3891 inter
793 3835 1057 3893 ooalescendi‘et
1075 3834 1258 3889 lacerandi

259 3927 390 3996 imagines
400 3930 619 4001 interponuntur.
638 3931 726 3994 Latet,
740 3931 844 4000 opinor,
864 3929 1000 3984 ablativus
1010 3929 1038 3982 in
1051 3944 1109 3982 ero
1122 3922 1257 3991 desinens,

257 4021 416 4076 coniunctus
452 4040 511 4077 enm
549 4023 721 4078 membris.
763 4020 1131 4090 (Coaleeeentibnsqne
1175 4021 1258 4091 reip.

256 4112 419 4169 membris
437 4119 596 4184 etsorrnce
614 4118 808 4183 irivolucroP)
