2656 5056
504 727 691 784 Miscellanea.
1050 729 1090 791 83

59 921 182 1008 φωράν
215 922 270 990 καί
304 923 468 992 πλείστου
500 920 583 992 ὅσσα
612 918 791 1014 α’γσράζειν
820 913 869 991 σίν
898 929 1046 1013 ἔχρωζον,
1076 928 1132 993 καί

60 1025 121 1097 διά
144 1029 247 1098 τοῦτο
268 1023 351 1115 μηδ’
373 1023 522 1117 ω’νητιάν
544 1039 604 1099 ἔτι.
657 1033 855 1114 Respondent
881 1032 963 1097 inter
989 1050 1022 1098 se
1043 1027 1131 1118 μήτε

60 1126 96 1203 et
119 1138 187 1204 καί.
244 1137 432 1204 Omittendae
464 1137 638 1224 negationis
669 1156 760 1204 causa
791 1138 850 1203 tuit
883 1138 1004 1222 syllaba
1025 1164 1062 1205 τε
1084 1140 1132 1206 bis

56 1243 163 1327 posita
185 1241 282 1320 (ὥστε
303 1237 416 1331 μήτε).

162 1419 274 1495 XLIX,
296 1419 337 1482 34
360 1419 411 1497 (de
433 1420 552 1485 Caesare
567 1419 683 1485 milites
698 1419 925 1485 tumultuantes
941 1424 1129 1500 coereente):

57 1528 136 1595 ἐπεί
160 1527 193 1594 δὲ
216 1527 271 1592 καί
297 1519 341 1599 uic
366 1519 613 1611 ἐθρασύνοντο,
637 1520 834 1615 dionomia
859 1519 975 1593 αάτάν
997 1527 1130 1594 ἔδαιον.

55 1633 170 1709 Nemo,
193 1636 344 1716 quantum
374 1632 448 1707 seio,
481 1632 587 1699 Graeoe
616 1633 693 1698 dixit
722 1633 799 1722 δίκῃ
827 1627 907 1701 τινά
938 1628 1070 1701 διδόναι
1096 1654 1132 1701 ao

55 1758 98 1804 ne
132 1739 240 1804 Latine
273 1739 400 1823 quidem
431 1759 527 1822 poenae
559 1739 692 1823 aliquem
725 1741 806 1813 dare,
846 1741 905 1806 etsi
938 1759 1024 1805 noxae
1055 1741 1128 1807 dare

56 1844 215 1911 constanti
238 1865 296 1912 usu
318 1845 443 1912 dicitur.
492 1845 664 1929 Scripserat
692 1846 759 1911 sine
781 1845 874 1912 dubio
898 1847 971 1911 Dio:
1004 1846 1131 1933 δίκην

56 1954 181 2025 τινὲς
212 1946 327 2019 αάτάν
359 1952 519 2019 ἔδωκαν
552 1963 636 2027 (uam
665 1952 793 2019 ἔδωκαν
821 1971 876 2036 pro
905 1952 1026 2018 ἔδοσαν
1048 1954 1130 2036 apud

58 2057 191 2122 Dionem
213 2057 291 2122 nihil
312 2059 405 2125 habet
428 2057 628 2134 offensionis).

162 2222 241 2295 LIX,
265 2223 283 2283 7
308 2223 357 2299 (de
379 2221 460 2287 ludis
482 2242 500 2287 a
522 2222 599 2289 Gaio
623 2222 743 2288 Caesare
762 2224 794 2288 in
810 2223 979 2288 dedieando
992 2223 1129 2307 Augusti

59 2330 259 2394 monumento
288 2327 408 2403 factio:
439 2329 492 2394 καί
523 2335 625 2396 ἵπποι
655 2323 881 2417 δύο-ἡμέραις
902 2322 1129 2416 ἠγωνίσαντο,

57 2435 102 2525 τῇ
135 2437 201 2520 μὲν
232 2439 379 2522 προτέρᾳ
412 2430 592 2512 εἰκοσάκις,
622 2437 666 2525 τῇ
695 2429 725 2502 δ’
752 2432 876 2522 οότίρᾳ
898 2439 953 2504 καί
975 2429 1130 2521 τετράκις

59 2535 116 2608 διά
150 2536 190 2608 τά
222 2538 264 2609 τά
297 2544 459 2630 γενέθλια
489 2535 597 2609 αάτσῦ
625 2539 691 2627 τήν
720 2537 852 2629 ἡμέραν
878 2542 1010 2629 ἐκείνην
1032 2543 1129 2612 εἶναι.
1191 2620 1194 2626 ,

59 2649 204 2713 Erratum
239 2667 306 2714 esse
338 2649 370 2714 in
404 2669 531 2715 numero
564 2651 662 2716 altero
694 2651 756 2715 iam
779 2649 933 2715 intellexit
956 2650 1127 2727 Reimarus,

59 2760 112 2819 sed
138 2753 382 2821 emendationem
405 2773 464 2821 nou
482 2758 626 2839 repperit.
662 2755 878 2820 scribendum:
901 2757 944 2843 τῇ
960 2748 990 2822 ὅ
1006 2750 1128 2842 ὑστέρᾳ

60 2862 117 2929 καί
139 2857 549 2948 τεσσαρακοντάιιις.

161 3050 243 3125 LXI,
265 3054 284 3115 8
308 3053 359 3127 (de
381 3053 480 3119 turbis
501 3052 533 3116 in
555 3051 676 3116 theatro
698 3052 796 3133 primo
811 3049 945 3114 Neronis
962 3053 1127 3133 temperet:

58 3160 92 3222 οἱ
113 3148 178 3243 γ’άρ
200 3183 252 3223 τσι
276 3160 354 3245 περί
384 3153 449 3243 τήν
476 3151 666 3246 ὀρχήστραν
694 3159 748 3224 καί
779 3156 858 3241 περί
888 3149 970 3229 τοιίς
997 3164 1128 3232 ἵππους

59 3271 192 3351 ἔχοντες
214 3260 292 3330 οὔτε
315 3265 385 3331 τῶν
413 3267 626 3352 στρατιωτῶν
651 3260 731 3331 οὕτε
753 3264 821 3347 τοῖν
843 3257 985 3330 άπάτων
1007 3257 1128 3347 ἐφρόν-

56 3374 160 3449 τιζον.
204 3370 283 3436 Mire
305 3389 375 3436 oum
397 3372 572 3437 oonsulibus
593 3371 711 3437 milites
733 3372 976 3454 coniunguntur3
1006 3387 1078 3433 nam
1100 3370 1128 3434 si

57 3477 129 3559 quis
150 3476 308 3542 eohortem
327 3477 503 3559 pratariam
518 3478 638 3543 theatro
654 3477 842 3543 assidentem
858 3474 1032 3558 intelligere
1047 3472 1124 3550 vult,

57 3582 87 3646 ei
109 3582 251 3647 tribunus
272 3589 412 3665 praeerat,
434 3589 494 3648 non
517 3584 666 3663 consules,
689 3602 787 3667 neque
810 3583 964 3647 senatores
987 3583 1019 3646 et
1040 3581 1127 3662 equi·

56 3693 104 3754 tes
126 3689 294 3769 coemebat,
317 3691 372 3754 sed
392 3689 526 3773 plebem.
549 3688 764 3756 Scribeudum:
788 3685 866 3754 οὔτε
889 3688 957 3752 τῶν
979 3712 1127 3770 στρατ-

56 3795 169 3880 ηγῶν
202 3791 281 3861 οάτε
314 3796 383 3862 τῶν
411 3789 553 3864 άπάτων
575 3790 782 3884 ἐφρόντιζον.
837 3792 899 3859 Sed
932 3811 991 3857 non
1023 3792 1127 3857 minus

55 3901 135 3966 mne
168 3906 201 3967 σί
232 3902 312 3987 περὶ
344 3897 410 3988 τήν
445 3895 636 3989 ὀρχήστραν
669 3904 724 3969 καί
763 3902 841 3986 περί
878 3892 961 3972 τοάς
997 3905 1127 3970 ἴππσος

56 4016 190 4096 ἔχοντες
223 4008 375 4086 dicuntur,
410 4011 445 4073 ut
475 4009 690 4095 intelligantur
722 4012 877 4073 senatores
910 4008 942 4072 in
971 4005 1127 4070 orchestra

56 4117 90 4183 ot
104 4113 224 4198 equites
239 4115 270 4179 in
285 4115 531 4198 quattuordecim
549 4115 705 4182 subselliis
721 4114 872 4180 sedentes.
905 4111 1125 4177 Seribendnm:

54 4223 112 4289 καί
147 4222 224 4308 sosoi
259 4217 342 4294 τοάς
374 4224 528 4297 ἱππεῖς
561 4229 701 4310 ἔχοντες.
739 4211 849 4298 (Paulo
872 4220 944 4283 aute
972 4237 997 4282 o.
1020 4218 1050 4296 7,
1073 4216 1126 4283 ubi

53 4327 172 4394 editur:
196 4331 227 4393 εἰ
249 4328 304 4394 ναί
322 4328 470 4416 μετρίως
492 4352 564 4403 πως
587 4322 763 4416 διάγοντες
779 4319 866 4393 αάτά
885 4331 1124 4410 περιοωθεῖον,

53 4435 253 4500 scribendum
274 4434 324 4500 est
344 4428 396 4502 ου’
403 4437 491 4513 τοί.)

887 4538 924 4606 ο*
1014 4589 1022 4604 .
