2656 5056
245 301 286 363 90
619 293 681 348 un.
700 292 736 348 u
756 293 823 361 cap.
843 294 868 348 1.

205 496 281 562 satis
303 497 335 560 et
356 495 484 577 apparet
505 494 537 557 et
562 491 770 567 consentitur;
801 493 962 557 correctio
997 496 1034 557 et
1057 493 1101 558 ad
1123 489 1274 557 sententiam
1324 527 1325 530 =

206 604 238 667 et
269 601 310 666 ad
342 601 516 666 litterarum
550 596 683 680 vestigia
716 596 886 679 probabilis
918 598 1077 665 nondum
1107 602 1221 681 reperte
1237 599 1275 658 est.

209 707 325 790 Opinor
346 705 541 773 scribendum
563 722 644 769 esse:
679 703 718 765 et
748 703 1046 786 antiquitatis
1082 706 1276 772 iterna

207 813 476 893 exemplorum
509 809 673 891 copiam.
727 808 896 874 Materiam
933 813 1064 876 oratori
1104 811 1210 876 utilem
1240 824 1276 869 uer

209 924 312 983 tamen
336 916 490 1000 propriam
513 916 669 980 Antonius
698 916 742 980 sic
770 916 799 979 iu
831 915 909 981 duas
934 922 1052 999 partes
1078 914 1239 987 distribuit,
1255 923 1277 972 ut
1314 937 1318 945 >

208 1027 312 1089 tamen
335 1024 457 1105 utrique
479 1020 560 1103 parti
582 1020 740 1086 historiam
770 1026 802 1086 et
831 1021 1071 1105 antiquitatem
1104 1019 1277 1087 communito

208 1129 380 1193 subiectam
404 1128 487 1193 dicat
508 1129 631 1193 tantum
653 1128 835 1193 tractatione
851 1133 883 1193 et
897 1147 962 1193 usu
981 1128 1159 1194 diversam.
1196 1127 1278 1206 ltaque

210 1236 240 1299 iu
274 1233 372 1298 altera
404 1237 490 1314 parte
528 1234 674 1298 iterum
707 1251 726 1296 a
757 1251 790 1298 se
823 1232 884 1298 alio
914 1236 1053 1299 nornine
1079 1232 1278 1317 (antiquam

210 1335 341 1404 eandem
374 1355 440 1401 rem
472 1338 650 1421 significari,
683 1358 775 1422 quam
803 1338 834 1404 iu
866 1340 976 1421 priore
1001 1339 1178 1407 historiam
1198 1336 1279 1421 appel·

211 1444 314 1520 lasset,
337 1444 391 1508 ait.

313 1549 353 1627 ΙΙ,
368 1549 444 1613 128:
468 1549 561 1613 Meae
584 1549 715 1616 totius
737 1550 939 1616 orationis
957 1553 1001 1616 et
1018 1551 1280 1635 istiusipsiue

212 1659 250 1719 in
289 1655 460 1720 dicendo
493 1655 726 1732 facultatis,
761 1676 873 1740 quam
905 1658 1027 1723 modo
1057 1659 1230 1726 Crassus
1253 1656 1280 1718 in

213 1763 351 1826 caelum
389 1761 525 1827 verbis
561 1762 727 1839 extulit,
765 1765 847 1827 tres
882 1764 985 1828 suut
1018 1766 1225 1837 rationes,
1252 1766 1281 1824 ut

214 1869 306 1933 ante
328 1866 428 1932 dixi:
452 1887 526 1932 una
549 1868 899 1934 conciliandorum
922 1869 1159 1950 hominum,
1178 1871 1281 1935 altera

211 1978 271 2041 cet.
328 1974 479 2054 Quoniam
512 1993 601 2040 nemo
632 1973 873 2039 facultatem
904 1974 943 2039 in
969 1976 1156 2044 dicendo
1177 1975 1282 2060 prodi

215 2081 303 2147 cendi
318 2080 469 2146 facultate
486 2079 573 2165 dixit,
589 2079 770 2164 codicesque
785 2079 923 2163 plerique
945 2084 1046 2148 verba
1071 2085 1114 2148 in
1138 2081 1282 2149 dicendo

213 2190 373 2262 omittunt,
396 2188 482 2252 uncis
503 2187 693 2253 incluserunt
715 2206 751 2252 ea
774 2189 959 2253 recentiores
985 2189 1143 2256 editores.
1186 2189 1283 2254 Verum

211 2295 295 2377 quod
317 2293 367 2358 hic
389 2292 552 2373 omittitur,
576 2294 606 2357 in
630 2293 699 2359 aliis
721 2294 876 2359 codicibus
899 2295 937 2367 (B
961 2295 992 2360 R
1015 2297 1108 2379 apud
1132 2297 1282 2368 Orelliumt

213 2420 248 2465 ac
269 2401 399 2465 tortasse
426 2399 524 2464 multo
553 2399 702 2481 pluribus,
724 2418 813 2483 quam
835 2399 1048 2475 nominantur,
1073 2403 1206 2469 additur
1226 2403 1281 2467 na

213 2504 413 2572 orationis
435 2514 540 2582 (meae
561 2506 692 2570 totius
713 2508 752 2570 iu
775 2504 946 2571 diceudo
970 2511 1209 2588 orationis),
1230 2528 1282 2575 cer·

214 2614 429 2694 tissimumque
451 2612 500 2674 est
521 2610 744 2676 orationem
768 2611 813 2677 sic
835 2610 1023 2694 simpliciter
1046 2634 1108 2696 pro
1132 2632 1281 2701 geuererr

214 2718 399 2800 proprietate
422 2714 544 2781 dicendi
568 2715 720 2800 peninon
743 2736 831 2800 posse
854 2729 954 2793 (meae
976 2723 1194 2789 orationis
1214 2728 1280 2787 tres

214 2825 307 2889 sunt
343 2822 547 2902 rationes).
601 2823 660 2888 Sed
699 2842 737 2888 ne
774 2810 805 2887 id
842 2824 977 2906 quidem,
1018 2827 1110 2909 quod
1150 2829 1280 2895 facillime

212 2929 357 2996 efficitur:
389 2928 481 2993 Meae
510 2929 641 2995 totius
663 2930 702 2993 in
725 2928 896 2994 dicendo
917 2931 1125 3009 rationis,
1148 2937 1217 3002 ferri
1237 2952 1279 3016 pc

213 3038 275 3101 test
313 3034 502 3113 (rationis
540 3071 573 3082 -
610 3035 812 3110 rationes).
871 3037 1032 3104 Antonius
1074 3042 1277 3108 ostenditur,

212 3140 472 3223 quemadmodum
495 3159 654 3206 causarum
679 3144 827 3208 actionem
850 3142 1000 3208 moderari
1026 3146 1142 3221 soleat
1176 3146 1277 3230 exposi-

212 3248 332 3323 turum;
356 3247 422 3311 siue
445 3246 537 3312 dubio
559 3246 665 3313 Cicero
687 3251 868 3331 scripserat:
891 3247 985 3312 Mem
1008 3252 1152 3320 totius
1174 3257 1210 3319 in
1232 3251 1275 3317 di·

207 3354 333 3420 cendo
354 3350 643 3420 moderationis
667 3399 674 3414 .
698 3400 706 3415 .
730 3400 737 3415 .
761 3357 844 3420 tres
866 3355 960 3418 sunt
982 3358 1225 3433 rationem

312 3473 486 3537 lbid.l93:
509 3472 605 3555 quid
627 3473 874 3555 potestesse
898 3473 976 3536 tam
1001 3472 1157 3542 fictum
1181 3492 1276 3560 quam
1324 3507 1325 3561 r

211 3597 367 3657 versus,
403 3596 514 3661 quam
549 3596 683 3656 scena,
717 3597 828 3662 quam
861 3577 1037 3644 ranuraea
1083 3582 1277 3648 Tamenin
1324 3565 1325 3648 l

211 3747 444 3756 ———--—.

263 3845 289 3911 *)
307 3845 375 3899 ibid.
412 3847 461 3902 181
493 3853 597 3902 certum
624 3855 667 3901 est
699 3847 857 3902 Ciceronem
889 3861 944 3900 uon
979 3848 1134 3917 scripsisse
1167 3862 1277 3920 genere

310 3939 453 4005 quodam
487 3940 741 3995 sententiarum
776 3945 811 3994 et
841 3954 971 4007 genere
1003 3943 1210 4009 verborum,
1238 3939 1276 3995 sed

310 4032 441 4085 correctio
465 4033 583 4102 incerta3
611 4049 715 4101 vereor,
743 4048 778 4087 ne
800 4032 891 4100 priore
919 4031 982 4086 loco
1003 4033 1083 4089 aliud
1103 4038 1194 4091 subsit
1211 4048 1277 4089 roca·
1323 4039 1324 4080 l

308 4121 411 4189 bulum,
430 4126 504 4204 velut
522 4126 629 4181 tenore.
