2626 5070
427 693 526 748 Incerti
545 692 616 750 Bell.
636 693 778 749 Alexandr.
978 777 982 787 ι
1032 694 1093 759 285

81 892 326 965 (existimatio
354 892 566 956 communis
588 891 762 957 omuibus
784 892 855 973 est)
878 895 911 958 at
931 893 1048 969 XXIII,
1082 895 1134 973 41,

78 996 331 1074 ileommuuis
364 996 601 1062 existimatio
633 998 714 1075 est).
764 997 975 1065 decoriter
997 984 1135 1083 superio-

74 1102 147 1169 ribus
169 1104 274 1169 audiri
301 1120 392 1186 posse
425 1101 553 1168 videtur.
602 1102 662 1181 Qui
689 1103 740 1168 hic
762 1102 891 1186 delenda
913 1104 1050 1188 quaedam
1076 1124 1134 1187 pu·

71 1212 170 1276 tarum
204 1208 385 1292 (Vielhaber
418 1210 449 1272 et
472 1208 677 1288 Duebaerus)
712 1225 816 1273 eorum
852 1209 1026 1293 suspicione
1058 1211 1133 1277 nihil

69 1314 182 1381 inanius
207 1334 279 1380 esse
300 1316 411 1396 potest.

100 1420 197 1487 C
222 1420 263 1482 66
292 1420 390 1484 eiecto
415 1436 520 1503 provo,
555 1418 635 1500 quod
668 1418 797 1483 editores
828 1418 1032 1495 addiderunt,
1058 1440 1133 1505 sup-

66 1462 222 1608 plemento
259 1525 399 1603 (verrit),
437 1523 534 1588 oratio
569 1523 614 1588 sic
635 1524 841 1590 continuanda
874 1526 935 1589 est:
973 1526 1130 1592 biduum

5 1644 8 1653 '
65 1631 228 1706 llazscae
261 1632 471 1696 commoret
477 1647 518 1694 us
541 1627 1060 1706 Comana-vetustissimum
1095 1635 1133 1696 et

65 1735 362 1804 sanctissimum
394 1735 431 1799 iu
468 1733 706 1817 Cappadocia
735 1735 899 1800 Bellouae
921 1734 1132 1818 templum,

69 1891 147 1920 ...,
170 1840 214 1906 id
248 1839 390 1905 homiui
425 1839 671 1931 nobilissimo
709 1839 911 1924 lycomedi
951 1840 1136 1925 Bithyuio·
1234 1916 1237 1921 ,

63 1947 314 2012 adiudicavit.
361 1946 505 2011 Pluribus
527 1946 718 2029 interpositis
740 1945 1130 2022 nominis‘inmemoriam

62 2052 225 2120 revocandi
247 2070 340 2117 cansa
360 2069 539 2133 pronomen
559 2051 621 2129 (id)
655 2050 880 2134 superadditur.
934 2052 1064 2119 Tollitur
1086 2052 1131 2118 sio

61 2159 242 2232 difficultas,
277 2175 344 2239 quae
364 2175 426 2222 uon
448 2174 543 2239 parva
564 2158 596 2221 iu
620 2175 654 2222 eo
674 2160 757 2235 erat,
790 2153 879 2240 quod-
893 2156 995 2224 daesar
1017 2177 1033 2222 o
1054 2159 1130 2224 Oili-

63 2265 112 2329 cia
130 2263 294 2327 Mazacam
316 2280 495 2347 progressus
515 2261 632 2328 iedisse
657 2261 791 2329 Comaue
813 2265 894 2347 (quae
917 2259 1133 2349 cilicio-pro-

60 2370 150 2454 piora
172 2370 258 2446 sunt)
279 2367 448 2433 videbatur.
491 2368 640 2444 Mazuca„
669 2386 727 2433 non
751 2369 912 2448 Comanis,
945 2370 983 2436 de
1011 2372 1129 2454 templo

163 2579 202 2646 (1.-
232 2580 272 2641 67
307 2578 431 2662 egregie
469 2579 646 2645 Marklaodi
678 2578 875 2658 emendatio»
895 2579 1133 2662 (excitusque
1206 2564 1208 2567 ’

61 2685 262 2768 imperiis)
280 2684 453 2749 adiuvando
484 2686 529 2751 sic
553 2687 696 2752 rideturc
726 2687 879 2749 enciens.
902 2685 1029 2749 uerbis
1056 2685 1150 2749 im·-

62 2791 305 2874 pcriisque.¹)
359 2791 416 2863 (De
451 2809 477 2855 e.
516 2791 556 2854 72
577 2791 640 2858 dixi
661 2791 897 2874 ml.lp.-48.)
960 2831 963 2835 <
1002 2806 1011 2842 ἰ
1057 2830 1059 2834 ⁴

95 2931 100 2938 ·
167 2895 201 2960 C.
237 2894 292 2959 73:
336 2896 416 2960 Huc
452 2914 598 2961 omnem
636 2898 916 2980 comportatum
953 2912 1130 2979 aggerem

61 3021 105 3067 er
126 3001 274 3066 castris
296 3003 460 3067 servitiu
480 3006 642 3086 agerent
672 3003 828 3087 (plerique
855 3002 942 3068 codd.
970 3019 1134 3085 ageren-

58 3113 136 3186 tur)
170 3108 302 3174 iussit.
356 3107 558 3174 Scribendum
592 3116 767 3193 pec-erent
798 3104 968 3192 (penerel)
1000 3107 1128 3173 iussit.

59 3214 189 3280 (lenitur
210 3232 315 3298 agger,
336 3232 395 3278 nou
425 3215 544 3298 agitur,
581 3233 597 3278 e
618 3214 685 3280 loeo
706 3215 737 3278 in
750 3213 855 3279 alium
876 3214 991 3281 locum.
1014 3214 1056 3291 (A
1076 3213 1131 3278 lit-

58 3324 126 3386 tera
149 3319 198 3384 bis
221 3319 335 3402 scripta
357 3321 427 3400 est.)

161 3424 308 3508 Sequitur
340 3425 419 3491 liber
450 3424 527 3492 belli
559 3424 707 3492 Africani
740 3427 789 3491 ot·
809 3443 920 3510 genere
953 3427 1019 3490 toto
1055 3443 1132 3489 nar-

61 3531 148 3595 randi
185 3535 217 3597 et
239 3530 387 3596 orationis
420 3530 520 3596 forma
542 3531 640 3598 multo
663 3531 783 3616 longius
807 3550 826 3596 a
847 3532 967 3597 Cessare
999 3530 1047 3595 od¹
1060 3529 1129 3612 ple

64 3770 262 3778 w„-

94 3938 114 4004 ¹)
132 3938 161 3994 C.
181 3942 216 3996 68
235 3937 306 3993 male
324 3937 503 4009 Nipperdeius
530 3941 558 3993 et
574 3895 742 3993 Duebncruc'
753 3936 922 4013 desciverunt
944 3935 1131 3994 acertiesimt

84 4030 236 4109 Clarlxii
256 4031 449 4099 emendatione,
478 4033 533 4085 ium
563 4031 591 4084 iu
610 4030 744 4084 codicibus
767 4029 873 4108 aliquot
899 4029 1043 4097 praeopta,
1063 4027 1128 4081 reti·

135 4102 303 4193 uueruutque
322 4125 370 4180 has
394 4125 495 4180 sordes:
523 4104 755 4178 defensionem
784 4121 1023 4211 (defectionem
1052 4117 1128 4174 Olor-

0 4258 1 4264 ,
108 4207 204 4282 ’1119)
223 4216 296 4270 eius
324 4217 453 4273 nullom
478 4232 573 4288 poseo
600 4192 865 4271 exeusationem
892 4215 966 4268 eius
994 4219 1055 4273 lom.
1065 4202 1129 4278 Ol.)
1231 4242 1235 4246 -

138 4307 378 4377 imprudentia
406 4309 567 4379 recipere.
617 4310 729 4364 Factum
757 4310 853 4379 recipit
880 4303 1130 4373 satuenrecipit
1185 4335 1187 4338 -

141 4396 313 4457 defensionem
340 4402 589 4471 excusationemque
612 4401 809 4471 imprudentia.
833 4437 841 4452 ·,
853 4400 882 4456 G.
903 4402 937 4457 71
953 4381 1015 4464 init.
1035 4398 1127 4453 Duab-

8 4507 10 4544 l
142 4505 213 4547 neruo
230 4493 389 4563 prudentior
406 4494 467 4548 fuit.
