2654 5010
481 669 602 726 Tscitus.
971 670 1032 736 233

56 864 279 931 rcnmdedit
300 885 413 950 qnam
434 866 511 932 illa
533 868 751 943 colluvies,
773 868 838 933 sive
854 867 972 952 potius:
1008 888 1083 934 nec<

56 969 93 1035 ta
114 1017 121 1032 .
146 1015 153 1032 .
176 1016 184 1032 .
207 972 392 1059 <pestis>
413 973 504 1055 plns
526 975 603 1050 oet.;
626 992 696 1038 nam
714 974 862 1055 stantius
881 975 930 1039 est
954 976 1084 1057 pestis

74 1076 193 1142 facilius
225 1081 298 1143 ante
326 1077 415 1160 plns
438 1078 576 1145 excidere
597 1079 711 1162 potuit.
756 1079 890 1157 (Vitium
913 1080 1083 1145 sententies

56 1181 184 1247 restium
200 1182 339 1262 offendit,
356 1183 409 1268 qui
423 1184 577 1251 intellexit
592 1187 707 1269 requiri
730 1187 791 1251 fero
813 1205 940 1269 neque
963 1186 1074 1269 quid·

61 1295 145 1364 em.)
188 1289 222 1355 lu
245 1290 353 1356 codem
375 1292 475 1374 capito
497 1292 589 1374 paulo
611 1291 699 1368 inira,
722 1292 774 1357 ubi
798 1310 879 1357 nunc
895 1292 940 1357 sio
955 1292 1082 1357 editurs

56 1400 257 1461 ›stremum
289 1398 375 1480 ipse
412 1415 569 1462 scenam
608 1396 781 1476 incedit,
818 1397 945 1462 multa
983 1415 1076 1463 cura

56 1503 212 1582 mptans
234 1501 431 1568 citharam
455 1505 494 1568 et
514 1505 801 1586 praemeditans
829 1502 1079 1568 assistenti·

61 1625 77 1672 s
104 1606 330 1690 phonascis.
376 1610 620 1690 Accesserat
648 1608 792 1674 cohors
816 1609 991 1675 militum
1016 1612 1074 1675 cet.

56 1713 155 1778 dursti
178 1713 364 1793 coniectore,
386 1714 564 1799 longissime
579 1715 768 1781 caudicibus
784 1716 955 1781 discedenti
967 1735 1022 1781 neo
1036 1715 1076 1780 ad

56 1837 73 1882 n
105 1823 198 1898 recta,
232 1822 375 1904 quoniam
408 1822 576 1888 citharistis
608 1822 640 1886 in
674 1823 742 1904 ipsa
773 1840 864 1887 scena
892 1821 1084 1887 canentibus·

56 1942 179 1990 onascos
211 1927 348 1992 astitisse
381 1945 531 2010 nusquam
566 1927 758 2012 significatur·
791 1946 889 2010 neque
918 1927 1083 2009 probabile·

56 2079 63 2107 ‚
86 2029 277 2098 redeundum
308 2034 428 2098 ridetur
457 2033 641 2117 simpliciter
668 2035 705 2099 sd
729 2035 867 2100 codicum
891 2033 1073 2114 scripturum

56 2184 60 2212 ‚
83 2138 119 2201 ut
140 2137 177 2202 fit
200 2138 230 2202 in
255 2138 481 2221 antiquissimis
502 2138 699 2216 editionibus,
722 2141 964 2222 interpunctum:
979 2175 1020 2187 -
1036 2140 1084 2203 et-

57 2243 302 2309 aemeditans.
346 2245 656 2312 desistentibus
686 2245 813 2311 facies
842 2247 1075 2312 accesserat

56 2348 151 2413 hors
173 2350 348 2416 militum
372 2358 431 2416 cet.
460 2352 684 2418 Assistentium
699 2360 731 2418 ot
745 2353 939 2418 audientium
955 2371 1074 2418 corunae

56 2453 195 2537 gularem
217 2457 352 2541 aliquam
374 2457 508 2540 speciem
535 2458 601 2540 (cin
615 2457 899 2524 korokterastsscbes
915 2457 1083 2541 Geprc'iqc)

56 2559 165 2626 iidisse
186 2564 344 2628 cohortem
359 2563 507 2642 militum,
531 2564 721 2630 centuriones
737 2565 935 2649 tribunosque
950 2565 1084 2629 Tacitus-

56 2665 172 2733 nifioet.
215 2668 353 2734 Faciei
380 2670 512 2735 nominis
533 2669 564 2735 iu
588 2669 646 2735 hoo
666 2670 735 2735 loco
755 2689 846 2735 usum
867 2672 951 2735 recta
971 2670 1076 2734 decla·

56 2773 88 2837 'it
109 2772 271 2839 Botticbor
291 2774 325 2838 in
346 2774 440 2840 lerino
462 2777 588 2842 Taciteo
611 2775 733 2840 collatis
756 2774 863 2841 multis
882 2775 981 2840 Taciti
997 2776 1073 2840 locis

63 2880 146 2945 Anu.
168 2881 193 2958 1,
215 2883 254 2942 41
280 2882 312 2946 et
333 2881 413 2947 Hist.
436 2882 477 2957 11,
500 2881 552 2959 89,
573 2885 632 2947 cet.

107 2997 185 3063 Ibid.
212 3001 249 3062 16
276 2999 328 3075 (de
357 3002 480 3066 Nerone
509 2999 680 3066 carminum
710 2999 848 3063 studium
879 2999 1082 3075 affectante).-

60 3105 254 3181 ntractis‚
298 3107 444 3190 quibus
487 3105 625 3189 aliquo
660 3105 861 3188 pangendi
899 3104 1075 3169 facultas

63 3208 176 3276 cdum
211 3212 390 3296 insignis
422 3214 559 3278 aetatis
592 3214 677 3277 nati
710 3210 921 3276 considere
952 3210 1076 3276 simul

68 3315 219 3383 allatos
241 3319 303 3383 vel
326 3318 474 3383 ibidem
491 3319 675 3400 repertos
691 3335 830 3382 versus
848 3320 1082 3383 connectere·

56 3439 127 3504 que
159 3424 290 3505 ipsius
322 3424 443 3489 verba
472 3422 769 3507 quoquomodo
799 3422 959 3507 prolata
982 3442 1075 3507 sup·

56 3545 120 3593 ere
136 3530 194 3594 oet.
228 3528 425 3596 Coniecturae
447 3530 478 3595 in
500 3530 849 3595 verbisaetatisuati
866 3530 1083 3596 cousidere-

56 3635 144 3700 rtatas
167 3635 307 3702 refellere
335 3634 529 3718 supersedeo,
560 3635 693 3701 marimo
722 3635 843 3700 illatam
866 3637 971 3719 inepte
993 3656 1076 3702 oeuae
1101 3684 1102 3687 ,

56 3741 198 3806 ontionem
231 3742 369 3826 mireque
400 3745 544 3807 voratum
577 3741 714 3807 etatis
744 3743 927 3808 vocabulum
949 3743 1077 3807 minime

56 3865 172 3913 sumens
194 3849 234 3914 ab
255 3850 425 3914 narratione
447 3854 543 3914 coetus
564 3865 583 3912 a
604 3847 722 3913 Nerone
741 3847 938 3914 adolescente
953 3847 1074 3930 (vigint'

56 3973 141 4018 orum
157 3963 319 4033 annornm)
341 3974 410 4021 cum
427 3954 497 4021 aliis
514 3973 572 4019 non
587 3953 708 4038 longius
722 3953 874 4038 provectis
886 3951 1082 4030 (necdum)

58 4059 163 4138 tituti3
197 4060 275 4126 illud
297 4079 392 4126 unum
414 4060 618 4125 animadverti
638 4060 746 4137 uelim,
768 4079 804 4124 ex
826 4058 961 4125 ablativo
983 4077 1075 4124 con·

56 4168 158 4233 notis
174 4185 332 4249 apparere,
349 4167 460 4232 debere
474 4168 608 4248 primum
624 4166 711 4249 sequi
723 4167 849 4231 verbum
862 4165 900 4231 sd
913 4163 1075 4243 Neronem,

56 4291 69 4335 n
102 4272 142 4337 ad
164 4276 291 4350 ceteros,
325 4275 491 4355 pertinens,
521 4271 655 4356 reliquos
684 4272 852 4337 infinitivos
874 4262 964 4338 recte
980 4271 1017 4335 do
1038 4270 1078 4336 iis

57 4378 153 4459 elligi,
178 4396 253 4462 quos
274 4377 357 4443 Nero
379 4380 579 4444 contraxerat.
615 4376 787 4462 Scripserat
801 4377 927 4444 Tacitus
943 4378 981 4443 sd
997 4377 1081 4444 hanc

57 4503 160 4550 mam:
194 4485 447 4562 Contractis,
480 4485 626 4568 quibus
659 4485 870 4568 aliqua...
893 4484 1079 4569 insignis,
