2656 5056
245 300 306 364 562
599 297 659 354 nan.
668 297 745 353 v111.
755 298 819 368 cap.
827 297 874 352 vr.

80 522 84 531 ·
205 500 344 585 praelecti
381 498 574 582 appellantur
605 497 809 584 equestres
842 496 1005 581 dignitatis
1034 501 1164 565 nornine
1194 508 1267 575 (narn

205 609 242 672 de
275 606 362 683 ΙΙΙΙΙ,
400 604 439 667 10
473 603 652 680 dubitatur),
685 606 789 667 tamen
820 601 985 667 admodum
1022 604 1144 685 dubito,
1178 608 1268 672 diuino

205 713 337 797 potuerit
362 712 497 796 pedester
525 732 558 774 eo
586 729 639 794 pro
662 728 714 787 eu,
748 709 828 792 quod
861 710 910 773 est
936 710 1031 793 pedes
1057 716 1116 778 aut
1135 715 1268 799 pertidum

205 840 260 886 neo
295 820 379 890 reete
411 819 639 902 coniunguntur
671 834 764 881 usus
796 817 855 880 est
891 817 927 878 et
1079 821 1267 903 pedester.

206 926 287 992 bled.
322 925 519 1009 pedestre.
562 923 691 988 Fuerat:
729 923 767 986 ot
794 925 884 987 ante
912 921 1028 1007 signa
1056 927 1182 1008 pedes
1212 931 1268 1001 tre,

205 1032 401 1105 horridus,
424 1034 482 1094 oet.
842 1018 845 1024 ’

307 1136 451 1202 lbd.12:
495 1133 779 1199 Blandiebatur
803 1133 941 1216 ooeptis
975 1134 1159 1213 fortuna,
1187 1159 1268 1223 pos·

207 1265 317 1313 sessa
348 1261 413 1327 por
444 1260 550 1307 mare
584 1242 622 1305 et
660 1258 779 1328 nares
811 1240 957 1305 maiore
989 1242 1071 1316 (cod.
1109 1247 1148 1310 et
1179 1246 1268 1321 mai.)

206 1351 331 1417 ltaliae
384 1353 496 1433 parte
539 1346 619 1425 (uod.
662 1346 809 1429 partes)
853 1337 1012 1429 penitus
1064 1368 1187 1434 usquo
1228 1351 1267 1415 ad

206 1457 363 1523 initium
389 1455 670 1520 maritimarum
693 1451 858 1533 Alpium.
888 1451 988 1517 Maior
1003 1454 1104 1519 ltaliae
1120 1477 1192 1539 pars
1212 1476 1267 1522 nou

206 1583 279 1641 sane
311 1582 365 1646 per
386 1580 471 1627 mare
494 1563 526 1626 et
555 1577 648 1624 nares
683 1557 909 1641 possidebatur,
945 1558 1000 1622 sed
1033 1559 1209 1644 legionibus
1240 1567 1268 1627 et

207 1670 387 1757 cohortibus.
424 1664 621 1732 Scribeudum
645 1667 779 1730 retracta
800 1681 883 1738 voce,
906 1682 973 1746 quae
985 1670 1114 1747 propter
1126 1670 1266 1735 similitu-

206 1777 307 1843 dinem
321 1775 494 1839 litterarum
516 1772 631 1837 omissa
652 1763 715 1836 eat:
738 1771 877 1835 maiore
898 1792 971 1832 oroe
993 1772 1128 1839 ltaliae
1152 1782 1266 1859 parte.

307 1880 372 1946 lbd.
414 1878 454 1941 28
487 1882 577 1943 extr:
611 1897 682 1943 non
715 1877 1002 1960 abrumpendos
1040 1882 1083 1943 ut
1119 1882 1265 1965 corpori

207 1987 472 2053 validissimos
494 1986 610 2049 artus.
640 1984 708 2049 Non
730 1986 837 2066 aptum
858 1987 914 2059 ut,
937 1984 1081 2066 quoniam
1105 2006 1169 2052 non
1191 2007 1266 2052 oom-

206 2093 324 2177 paratio
347 2094 471 2178 ponitur
492 2091 570 2168 (aba.
594 2091 725 2153 cobortes
747 2100 778 2150 ut
801 2111 881 2173 corp.
905 2089 964 2154 vul.
980 2090 1064 2173 ort),
1089 2095 1147 2158 sed
1160 2095 1264 2179 imago,

207 2203 339 2285 putoque
392 2199 501 2262 luisse:
550 2195 950 2278 non.abrumpondos
998 2219 1067 2260 erro
1120 2201 1264 2284 corpori

205 2307 319 2374 valid.
341 2308 458 2371 artus.
502 2302 567 2387 [Sia
591 2301 760 2386 Heinsius]
771 2302 796 2384 ¹)

183 2430 185 2433 ’
304 2412 371 2477 Lib.
395 2411 442 2475 Ill
467 2411 521 2472 16:
556 2429 622 2475 neo
646 2413 784 2492 sponte
807 2409 973 2473 Antonii
996 2417 1264 2493 properatum,

206 2525 243 2585 et
284 2521 382 2595 loro,
428 2535 506 2599 quae
549 2514 792 2589 acciderant,
836 2515 1002 2580 rebatur.
1063 2516 1149 2582 Imo:
1192 2538 1264 2602 qnae

205 2633 324 2710 (reapse
357 2623 439 2707 post)
480 2623 710 2688 aeciderunt.
768 2621 841 2701 Qoae
870 2622 931 2686 iam
973 2626 1044 2688 ante
1080 2625 1266 2703 acciderant

204 2752 263 2799 non
283 2732 406 2796 robatur
428 2729 499 2793 fore.

217 2888 219 2892 Α
304 2836 369 2901 Lib.
392 2835 443 2910 ΙΙΙ,
466 2835 501 2899 b:
546 2833 747 2899 Helvidius
778 2835 934 2899 Priscus
956 2833 1118 2915 regione
1141 2836 1263 2901 ltaliae

205 2943 396 3011 Carecina
418 2939 811 3023 municipiodluvios,
829 2941 1009 3025 patrecet.
1033 2940 1260 3007 Sicllediceus.

204 3053 261 3117 Vir
277 3049 359 3117 aredi
380 3050 491 3132 potest,
511 3046 671 3112 Canacenae
683 3047 794 3130 (potius
817 3066 908 3130 quam
921 3045 1133 3124 Careoinae)
1157 3065 1259 3113 nomen

204 3176 370 3244 perrarum,
390 3154 446 3221 sed
457 3173 561 3219 verum
572 3152 818 3235 testimoniisque
833 3152 992 3217 Ptolemaei
1004 3154 1037 3217 el
1052 3152 1180 3218 Zonarae
1196 3172 1258 3218 cou-

142 3267 144 3269 ’
204 3263 360 3329 firmatum
375 3262 590 3343 (praeterquam
602 3257 682 3342 quod
694 3258 773 3341 apud
787 3259 919 3324 Plinium
933 3258 1004 3324 mai.
1017 3259 1076 3334 ΙΙΙ,
1089 3259 1257 3324 rosbare

204 3369 523 3449 tiniSupernates
543 3365 810 3430 alluseruates
835 3366 1045 3441 nominantur)
1060 3365 1255 3431 alienamanu

204 3477 342 3542 additum
365 3490 447 3548 essm
486 3472 513 3537 si
549 3472 617 3554 quis
647 3474 752 3536 tamen
780 3472 810 3536 id
837 3470 953 3535 laetum
981 3473 1080 3555 putat,
1104 3473 1252 3538 dicendum

92 3609 96 3615 ·
204 3584 231 3648 ei
253 3586 310 3658 est,
343 3600 413 3647 uum
446 3581 599 3663 legeretur
620 3578 710 3644 nimis
732 3577 850 3643 infinite
869 3577 1034 3662 regione
1058 3578 1197 3654 ltaliae,
1229 3574 1252 3641 id

204 3806 400 3815 -...—-—-—-

225 3937 246 4003 ¹)
275 3936 315 3991 De
332 3936 377 4001 11,
405 3940 442 3994 40
459 3935 516 3991 dixi
533 3933 679 3990 emendata
698 3933 774 3989 Lina.
792 3914 827 4004 p.
851 3935 902 3991 135
924 3952 952 3991 n.
989 3935 1058 3990 llire
1083 3935 1190 3990 Heraens
1209 3942 1248 3996 „aa
1282 3918 1284 3923 ’

274 4029 362 4084 einum
383 4028 541 4099 ueldrnger.
586 4027 638 4095 Qui
663 4027 713 4083 hoo
731 4042 896 4097 comprare
914 4028 1047 4098 snperbia
1063 4025 1247 4097 signifieatiouo

274 4122 436 4176 contrarium
454 4121 533 4175 alteri
555 4137 618 4176 non
636 4125 673 4175 nt
690 4120 731 4176 ad
749 4136 895 4191 pugnam
915 4122 978 4203 poni
998 4122 1119 4192 potestl·
