2678 5016
251 302 319 366 ras
617 298 758 411 annm,
785 297 890 366 uon-1.
940 339 944 352 .

316 499 384 565 Ibd.
406 519 436 581 p.
463 494 524 559 38:
559 495 751 571 aratrum,
781 494 875 580 quod
898 492 1002 560 amit
1024 496 1173 572 terram
1196 495 1281 561 eine

217 606 373 669 ferrum.
429 603 590 675 vomer,
613 587 725 680 ’qnod
760 588 965 663 nominee
1000 598 1089 678 plus
1122 601 1280 667 terram

217 708 311 773 Nihib
326 705 512 780 osterum
536 721 625 786 nuga
648 702 684 768 de
707 721 830 771 uomere
852 721 887 779 eo
910 702 979 783 plus
1001 704 1281 774 tamamvomente.

218 811 391 902 Sumpserat
422 801 535 875 Vairo:
573 806 774 883 Ar'atrum,
807 806 918 890 quod·
943 807 1080 872 arruit
1111 809 1281 887 terram

204 906 301 982 weine
333 917 478 981 ferrum
512 932 655 991 vomer,
686 913 785 996 quod
816 912 935 977 vomit
966 930 1009 976 eo
1042 911 1129 992 plue
1163 922 1282 977 terea.

218 1020 324 1086 Aratri
362 1021 476 1085 sermm
513 1019 660 1101 appellari
698 1036 852 1083 vomerem
883 1016 968 1094 dicit,
1003 1017 1083 1099 quod
1122 1035 1158 1082 eo
1194 1021 1284 1084 emta

202 1118 252 1192 ‘et
282 1126 414 1212 *subacta
447 1127 528 1188 terra
560 1122 630 1205 plna
662 1125 766 1187 vomat
802 1122 834 1186 et
860 1138 895 1184 er
930 1140 963 1185 ee
995 1121 1075 1188 edat.
1130 1123 1283 1197 (Arrnit

219 1229 404 1310 Turnebus.)
1149 1301 1151 1306 ,

319 1334 386 1400 lbd.
408 1354 437 1417 p.
461 1333 502 1396 39
523 1334 604 1414 apud
627 1330 810 1395 Muellemm
833 1329 878 1395 sie
900 1330 1060 1396 scribitur:
1097 1331 1143 1394 at
1163 1331 1283 1413 oppi-

219 1439 304 1504 dum
329 1441 373 1503 ab
399 1430 658 1520 opi'diotum,
690 1436 788 1519 qnod
822 1437 996 1501 munitur·
1028 1436 1116 1518 opis
1148 1453 1283 1512 eausa,

219 1544 284 1608 ubi
316 1545 368 1609 eit
402 1543 461 1625 (eie
494 1562 573 1608 unna
609 1543 673 1607 eod.
706 1541 923 1624 interpolatum
964 1542 1058 1606 eeteri
1091 1539 1210 1622 sint),
1243 1539 1284 1603 et

220 1648 316 1732 quod
338 1667 429 1731 opus
452 1647 576 1713 estad
598 1646 973 1730 vitamgarundam„
1005 1646 1069 1711 Uti
1091 1645 1285 1709 haberent

220 1757 249 1831 (e
271 1754 457 1828 oonieotura;
481 1752 568 1818 codd.
591 1753 654 1817 ubi
675 1753 859 1829 habeant)
884 1755 973 1816 tuta
994 1750 1150 1835 oppida,
1174 1748 1284 1832 quod

222 1859 351 1940 operis
372 1858 624 1935 muniebant,
656 1857 789 1921 moenia
823 1856 939 1921 diota.
996 1854 1149 1920 Nonnulla
1170 1853 1285 1919 molius

221 1960 412 2043 Spengelius.
467 1961 528 2024 Sed
560 1981 598 2025 ne
634 1964 660 2026 ia
698 1961 837 2043 quidem,
873 1961 954 2042 quod
985 1960 1107 2025 initium
1136 1963 1167 2024 et
1192 1961 1285 2042 caput

221 2064 444 2129 emendationis
466 2068 523 2149 eet,
545 2051 768 2131 sententiamm
790 2065 1018 2131 terminoerere
1031 2066 1126 2138 rexit;
1148 2064 1285 2130 atenim

220 2184 302 2233 nune
337 2169 492 2247 scribitur,
524 2173 609 2235 tuta
645 2171 735 2234 inane
771 2171 804 2233 et
834 2189 963 2250 pravum
987 2174 1043 2236 ost,
1098 2171 1197 2236 Recta
1218 2171 1284 2234 baeo

221 2277 329 2340 erunt:
372 2275 417 2338 Et
439 2275 621 2356 oppidum
642 2274 686 2338 ab
709 2275 771 2357 opi
794 2272 957 2351 dietum,
990 2276 1085 2357 quod
1108 2275 1285 2339 munitur

208 2378 305 2460 ,opis
339 2398 469 2453 eausa,
504 2381 565 2445 ubi
598 2381 678 2444 sint
710 2381 764 2451 et,
800 2379 898 2460 quod
930 2397 1021 2461 opus
1054 2383 1112 2444 est
1145 2378 1194 2442 ad
1227 2378 1285 2442 vi·

220 2484 296 2547 tam
317 2485 550 2568 gerundam,
585 2484 648 2549 ubi
669 2484 839 2575 habeant
862 2494 941 2545 toto
963 2484 1036 2564 (hoo
1058 2486 1121 2556 eat,
1152 2482 1207 2547 ubi
1229 2482 1285 2547 ba·

220 2587 318 2652 bitent
340 2593 371 2654 et
393 2594 459 2655 tuto
481 2591 614 2656 habeant
634 2609 683 2654 res
706 2588 745 2653 ad
766 2589 863 2653 vitam
876 2589 1088 2664 necessariae).
1127 2586 1285 2669 Oppida

221 2694 319 2775 quod
342 2696 472 2776 operis
496 2695 743 2770 muniebant,
767 2695 904 2759 moenia
928 2693 1043 2759 diota.

320 2799 387 2863 Ibd.
411 2820 440 2881 p.
463 2799 518 2862 43:
563 2801 854 2882 AEquimelium,
887 2799 984 2881 qnod
1013 2798 1167 2879 aequata
1190 2794 1284 2861 Meli

220 2902 358 2968 domus
381 2904 568 2985 publico,
604 2906 701 2988 quod
734 2924 900 2987 regnum
923 2921 1123 2994 oocupare
1155 2902 1284 2966 voluit

220 3006 264 3072 ia.
307 3008 431 3074 Looua
464 3009 510 3072 ad
540 3011 652 3076 busta
686 3011 857 3087 Gallina,
893 3010 988 3092 quod
1027 3006 1108 3073 oet
1141 3006 1283 3070 Ridicula

220 3111 411 3193 ponituris;
447 3118 530 3179 reete
559 3117 619 3180 sio:
654 3116 753 3199 qnod
790 3134 961 3199 regnum
994 3130 1184 3194 occupare
1218 3129 1284 3176 vo-

220 3215 304 3282 luit.
363 3219 400 3283 Is
433 3220 538 3284 loeus
575 3221 621 3286 ad
654 3222 768 3287 busta
791 3220 960 3293 Gallica,
998 3218 1096 3303 quod
1120 3219 1179 3282 eet
1217 3218 1285 3294 (hoe

221 3324 279 3400 eet,
301 3324 340 3388 ad
362 3325 453 3391 bustu
474 3326 605 3400 Gallica,
638 3346 705 3409 quae
726 3326 795 3390 ideo
816 3326 972 3409 appellata
995 3328 1077 3401 eunt,
1109 3322 1190 3406 quod
1213 3324 1283 3399 eet)

220 3425 320 3493 Busta
341 3428 461 3495 Gallica
495 3432 547 3496 ubi
569 3431 693 3506 fuerint,
732 3447 884 3514 nusquam
906 3431 979 3496 alibi
1001 3430 1143 3495 traditur.
1190 3427 1282 3492 Cete-

220 3548 289 3594 mm
317 3533 388 3597 'eine
421 3535 513 3599 dnbio
535 3538 619 3600 reete
641 3535 739 3599 Aldus
774 3538 807 3600 ot
827 3536 919 3618 vulgo
940 3535 1088 3600 editiones
1109 3534 1283 3617 publium

221 3652 293 3699 nam
316 3639 380 3702 eolo
402 3643 523 3722 aeqnata
544 3642 653 3706 domus
675 3643 802 3705 estnon
825 3640 954 3722 publico,
976 3640 1031 3705 aed
1053 3639 1184 3722 publice.

321 3739 390 3807 Ibd.
423 3765 452 3826 p.
483 3744 809 3829 mensurnorum
843 3748 905 3833 est:
949 3744 1141 3826 Sequitur
1175 3746 1284 3825 portu

220 3841 362 3920 Navia,
385 3848 484 3930 quod
506 3849 542 3912 in
565 3851 784 3915 nemoribus
806 3848 968 3925 Naeviis3
1005 3851 1148 3915 etenim
1182 3849 1284 3926 loca,

220 3949 286 4012 ubi
309 3968 365 4028 ea,
380 3953 437 4017 eie
458 3953 574 4017 diota·
618 3954 774 4036 Spengelii
795 3957 827 4019 et
849 3955 990 4020 Muelleri
1011 3956 1158 4022 eorrectio
1181 3955 1283 4019 minue
