2654 5010
251 301 312 363 246
620 298 682 353 Lib.
701 297 738 352 ll.
757 299 826 368 Cap
843 300 876 349 V.

215 499 295 565 Nam
319 496 402 561 riam
423 497 492 579 ipso
514 495 670 561 montium
690 497 843 561 vocabulo
864 496 1043 578 significari
1058 498 1259 578 posisuaiueptt
1306 477 1307 483 ἵ

213 606 391 690 tingeretur,
414 603 559 687 quouiam
581 603 725 667 incursus
748 621 804 684 per
825 610 954 668 montes
973 605 1149 667 eoutnrim
1167 612 1207 665 est
1223 603 1261 664 ria

216 712 319 794 planis
340 711 417 776 locis
438 711 576 774 munitae⁴
609 708 789 773 Admodum
811 712 960 792 suspicor
980 729 1002 774 a
1018 710 1128 774 Tucito
1147 709 1262 791 auipuu

216 819 327 882 inimo:
349 815 426 881 alii
448 816 501 882 ria
522 814 635 879 inter
654 818 865 897 (uates)
888 815 1184 900 Mosellamque
1210 816 1266 878 iln-

218 943 303 988 meu
319 925 388 997 cet,
404 940 598 1002 erroremque
614 922 762 986 obiecisse
776 920 935 1004 ayllahm
953 943 1016 987 mo
1031 924 1122 987 initio
1137 921 1268 1002 utrimque

219 1028 353 1094 nominis
374 1028 519 1109 positam.

322 1191 400 1256 lbid.
424 1193 462 1264 V,
484 1194 503 1253 4
525 1193 591 1268 (ubi
613 1192 718 1277 agitur
738 1192 777 1258 de
799 1195 911 1271 causis,
940 1213 1001 1259 cur
1022 1195 1158 1276 septimo
1178 1210 1272 1276 quoque

222 1297 273 1363 dic
296 1296 393 1363 ludaei
413 1298 512 1362 otium
535 1304 658 1382 agano:
687 1317 757 1364 acu
778 1298 880 1383 quod
902 1301 951 1365 de
975 1308 1136 1383 septem
1156 1296 1274 1363 sideri·

221 1405 312 1480 bus,
333 1403 423 1488 quis
444 1406 639 1471 mortales
661 1412 875 1490 reguntur,
903 1406 1125 1472 altissimo
1149 1406 1232 1470 orbe
1249 1409 1275 1466 et
1314 1395 1315 1418 ³

222 1509 424 1593 precipua
460 1512 645 1594 potentia
679 1512 806 1578 stella
837 1511 1013 1577 Saturni
1049 1514 1217 1583 teratur,
1246 1528 1276 1572 ac

223 1618 417 1701 pleraque
450 1618 674 1684 calcstium
707 1619 783 1682 vim
817 1637 926 1682 suam
961 1622 1003 1682 et
1037 1638 1180 1684 cursus
1206 1634 1277 1696 sep·

224 1723 347 1789 timos
375 1743 445 1806 per
466 1719 657 1791 'numeros
687 1730 968 1790 commearent
1024 1725 1081 1792 Sic
1102 1724 1194 1790 codex
1214 1720 1278 1785 lled.

225 1828 346 1895 Omitto
368 1830 572 1897 substitutum
603 1832 633 1896 iu
662 1831 768 1897 multis
797 1831 988 1897 editionibus
1022 1851 1063 1896 ex
1097 1828 1280 1896 deterioribus

224 1933 381 2000 codicibus
404 1937 588 2003 infinitivum
610 1956 847 2015 commeare,
878 1939 1006 2003 sublata
1026 1940 1177 2003 orationis
1199 1935 1280 2002 cone

225 2043 334 2118 tentia,
356 2044 607 2127 accusativosque
629 2045 704 2110 rim
728 2047 759 2108 et
780 2063 922 2109 cursus
938 2047 971 2108 in
988 2044 1146 2110 ablativos
1165 2045 1280 2108 mutatos

225 2165 296 2211 cum
318 2147 502 2215 inanissima
521 2150 708 2216 abundantia
723 2157 754 2226 (v
763 2135 781 2215 i
795 2155 834 2215 et
857 2168 977 2215 cursu
998 2168 1220 2217 commeare
1239 2164 1285 2234 pro·

225 2271 272 2331 eo,
297 2253 381 2337 quod
405 2257 454 2321 cst
474 2256 604 2339 simplex
627 2266 869 2335 commeare).
921 2257 1019 2323 Rccte
1044 2257 1170 2340 Lipsius
1191 2252 1280 2319 etalii

224 2359 422 2427 transitivum
443 2363 570 2428 verbum
593 2363 707 2449 requiri
727 2362 959 2439 intellexerant3
982 2364 1038 2428 sed
1054 2362 1140 2448 quod
1161 2361 1281 2446 plerique

224 2467 453 2533 conficient
473 2469 564 2535 scribi
587 2472 758 2549 voluerunt,
789 2478 822 2535 et
851 2469 973 2553 longius
995 2469 1132 2535 discedit
1153 2489 1172 2532 a
1192 2485 1282 2532 com·

226 2580 405 2640 mearent
437 2579 469 2640 et
501 2577 602 2642 miuus
633 2578 794 2645 sententia
825 2581 933 2660 aptum
971 2578 1038 2650 est;
1076 2594 1178 2659 neque
1211 2574 1281 2637 enin

226 2677 327 2745 sidera
347 2681 450 2746 omnia
470 2702 577 2751 cursus
599 2686 747 2751 conticere
768 2703 823 2767 por
844 2682 994 2766 septimos
1013 2701 1159 2747 numeros
1174 2684 1280 2745 veteru

227 2786 378 2867 putabant
399 2789 470 2865 (boc
502 2792 559 2867 ost,
592 2810 647 2875 per
678 2795 795 2874 septem
825 2809 920 2856 annos
950 2807 1116 2854 mensuare
1144 2790 1198 2852 aut
1218 2784 1283 2856 dia.

227 2892 286 2957 etsi
308 2892 472 2960 dicendum
495 2901 561 2961 crat
582 2915 652 2979 per
681 2901 870 2980 septenos
899 2903 1117 2972 numeros),
1139 2891 1202 2968 aed,
1223 2908 1281 2956 cum

225 2997 288 3065 alia
316 3000 404 3087 alios,
426 3021 533 3068 cursus
566 3002 721 3082 haberent,
755 3003 887 3086 septimo
917 3018 1040 3086 quoquc
1071 3019 1151 3065 anno
1179 3005 1230 3063 aut
1252 3012 1281 3057 ec

227 3124 355 3172 numero
378 3108 582 3194 multiplicato
609 3109 812 3176 adsimilem
841 3108 995 3192 quendam
1025 3109 1146 3172 statum
1173 3106 1205 3170 et
1225 3120 1282 3167 cur·

226 3209 316 3276 s'unm
348 3219 531 3282 concentum
566 3217 675 3283 redire.
729 3217 829 3281 Huius
862 3215 906 3280 rei
939 3213 1131 3297 significatio
1167 3210 1284 3276 efficitur

226 3315 385 3382 lenissima
407 3323 596 3390 mutatione:
624 3323 700 3388 vim
722 3341 829 3388 suam
853 3323 892 3387 et
917 3338 1060 3386 cursus
1083 3319 1162 3395 (sive
1182 3336 1217 3382 ex
1237 3314 1284 3378 dc-

226 3422 392 3493 terioribus
425 3428 513 3495 libris
546 3447 703 3495 cursum
737 3429 867 3494 scribere
900 3426 1072 3503 malumus)
1101 3423 1285 3509 septimos

229 3549 296 3615 per
319 3552 503 3601 numeros
525 3537 724 3622 comparent.

325 3699 402 3765 lbid.
436 3702 491 3764 22:
526 3709 649 3786 utquc
679 3701 725 3768 ad
755 3701 977 3768 fallendum
1009 3699 1202 3770 silentio.
1237 3695 1285 3757 ita

225 3809 355 3888 coepta
376 3811 499 3887 cudo,
521 3829 595 3893 qno
617 3811 707 3894 plus
729 3807 901 3876 terroris
923 3805 1141 3881 adderent,
1159 3803 1287 3869 cuncta

226 3909 474 3981 clamoribus
495 3917 731 3983 miscebant
772 3915 942 3981 Dorissimo
965 3910 1014 3977 vel
1037 3910 1145 3994 potius
1169 3907 1286 3974 incredi·

225 4014 282 4080 bili
317 4025 479 4106 zeugmate
512 4023 686 4090 silentio
723 4023 920 4106 coniungitur
952 4032 1024 4082 cum
1060 4015 1116 4082 illo
1154 4016 1287 4082 concta

223 4117 474 4195 clamoribus
497 4132 738 4206 miscebant,
763 4128 907 4212 quoniam
929 4123 1014 4190 nulla
1036 4125 1087 4189 cst
1108 4117 1288 4188 intermedia
