2656 5056
418 659 558 719 Ciceronis
576 659 721 719 orationes.
1001 659 1061 723 153

26 858 187 921 tautam
211 872 340 922 rerum
367 855 679 939 repugnantiam
706 875 780 922 nen
809 856 948 925 rideas
977 874 1102 940 prorsus

28 961 191 1027 inutiliter
212 960 339 1027 additur
354 962 458 1045 gravis
472 959 657 1028 asseveratio
672 962 889 1044 (prolecto).
932 961 968 1027 lu
984 962 1103 1030 Halmii

28 1067 223 1134 correctione
244 1086 368 1153 prorsus
390 1085 531 1150 peruerse
553 1069 739 1133 concurrunt
761 1068 828 1133 dua
849 1065 1011 1134 sententiae
1030 1085 1103 1139 cau·

27 1174 115 1241 sales
128 1174 237 1242 eodem
253 1176 429 1257 spectantes
443 1171 723 1257 (quia-nihil
744 1173 873 1256 sapis,
895 1173 1100 1256 qui-non

28 1280 200 1357 rideas).
237 1280 343 1346 Cicero
365 1281 527 1364 postquem
551 1278 721 1346 Antonium
745 1281 880 1347 audacia
901 1279 1102 1356 insimulavit,

27 1404 91 1450 nou
116 1388 219 1466 potest
239 1403 352 1470 negare
374 1385 533 1458 audaciam
555 1384 635 1452 hauc
655 1405 732 1462 ease.
755 1387 810 1453 sed
831 1405 902 1455 cum
924 1385 1103 1468 exceptione

28 1498 65 1556 et
87 1491 265 1558 condicione
287 1490 398 1569 dicere,
420 1492 446 1556 si
468 1491 597 1558 audacia
618 1491 685 1559 hae
704 1511 763 1559 nen
785 1494 837 1571 sit,
852 1490 1020 1559 stultitiam
1035 1508 1101 1556 csse

29 1602 65 1662 et
86 1616 122 1663 er
144 1597 202 1663 hac
224 1616 284 1662 una
305 1595 442 1662 stultitia
463 1596 607 1681 intelligi,
635 1617 727 1682 quam
751 1598 830 1664 nihil
853 1597 977 1664 omnino
1000 1599 1104 1680 sapiat

31 1702 196 1768 Antonius.
221 1703 330 1785 ltaque
341 1703 386 1768 sic
397 1702 755 1786 scripsitt<Si>haec
777 1708 819 1769 tu
841 1722 914 1769 nen
937 1708 1102 1785 propter

30 1810 242 1874 audaciam
265 1806 369 1875 dicis
390 1811 469 1873 tam
491 1809 765 1894 impudenter,
794 1809 862 1875 sed
893 1810 985 1892 qnia
1014 1813 1102 1874 tan·

29 1919 115 1981 tam
136 1933 267 1980 rerum
288 1914 602 1999 repugnantiam
624 1934 697 1982 non
720 1914 875 1996 rideas,
892 1912 1101 1996 nihilpre·

29 2023 141 2087 tecto
163 2019 282 2103 sapis.
336 2021 401 2085 lem
423 2021 540 2087 rectum
571 2023 619 2085 eat
639 2019 796 2099 rideas,
826 2020 899 2104 quia
929 2019 1102 2087 condicioni

28 2129 159 2194 incertae
183 2127 344 2192 subiicitur
366 2144 468 2192 cansa.
524 2125 647 2192 Excidit
680 2130 712 2192 si
745 2130 815 2209 post
847 2127 880 2192 ri
914 2127 1102 2203 (circum-

30 2233 191 2310 sederi).
900 2230 902 2233 ’

134 2338 213 2405 Ibid.
226 2337 284 2402 91:
308 2357 381 2421 quo
403 2337 562 2422 quidem
585 2340 693 2405 iacto
715 2340 873 2405 tautum
896 2343 933 2404 te
949 2340 1102 2420 cepisse

30 2444 168 2510 odium
205 2445 320 2529 regui
357 2442 590 2523 videbatur,
634 2448 676 2510 ut
714 2446 779 2511 eiu
815 2464 924 2513 omen
962 2464 1101 2511 nemen

29 2557 199 2634 propter
233 2549 449 2633 proximum
488 2550 709 2618 dictatoris
743 2553 889 2617 metum
919 2550 1102 2617 tolleres.

31 2657 87 2724 Sic
103 2657 173 2722 Vat.
200 2657 352 2723 Διιιοιιίιιι
375 2675 430 2720 ιιι
451 2656 520 2740 lege
542 2655 727 2722 dictaturam
749 2656 910 2723 sustulisse
932 2657 1100 2734 videbatur,

30 2765 116 2849 quod
138 2764 205 2829 eius
227 2764 348 2829 nemine
372 2763 473 2829 (laesar
494 2780 569 2827 usus
591 2763 675 2834 esset
692 2762 807 2844 aliique
822 2762 909 2827 usuri
924 2763 1105 2828 riderentur

30 2871 73 2937 ad
105 2889 233 2955 reguum
266 2868 484 2952 obtegendum.
539 2868 648 2950 ltaque
678 2885 738 2934 non
764 2886 894 2952 regnum
928 2870 983 2937 aut
1015 2869 1099 2951 regni

29 2995 146 3044 nomen
166 2977 292 3059 propter
313 2973 471 3040 dictatoris
494 2975 622 3052 metum,
652 2973 706 3039 sed
728 2977 853 3057 propter
874 2975 958 3056 regni
984 2976 1101 3038 metum

32 3084 191 3149 dictatura
211 3080 334 3147 sublata
356 3083 411 3145 est.
445 3079 594 3145 Nomen
617 3080 852 3146 -tolleres
874 3081 943 3162 post
963 3077 1105 3161 superius
1194 3070 1196 3079 ’

29 3188 112 3256 illud
134 3206 273 3267 nomeu
307 3223 347 3232 -
380 3183 595 3259 sustulisti
622 3185 857 3252 vitiosissimum
880 3185 976 3252 habet
999 3185 1106 3252 tauto·

30 3294 159 3379 logiem.
201 3292 378 3359 Ciceronem
400 3289 558 3375 scripsisse
579 3293 718 3373 suspicor
732 3293 772 3358 ad
787 3292 865 3358 hanc
879 3292 942 3359 iere
957 3293 1101 3359 termam:

29 3405 76 3467 ut
105 3402 193 3467 eius
219 3417 330 3466 omen
356 3397 576 3483 proximum
605 3397 825 3465 dictatoris
854 3404 998 3465 metum
1021 3399 1102 3464 tol·

30 3511 151 3575 leres.
185 3505 233 3570 Ad
257 3523 368 3571 emen
389 3504 927 3587 proptersuperioratdictaturae
950 3514 1107 3583 nomen)

30 3614 202 3695 ascriptum
229 3612 277 3677 est
298 3629 446 3677 nornen.
483 3610 560 3676 Cum
584 3629 644 3676 nou
659 3610 886 3695 intelligeretur
900 3611 1102 3694 appositionis

30 3723 140 3798 forma,
158 3737 219 3802 qus
233 3719 265 3781 in
281 3715 441 3782 dictatoris
456 3719 542 3780 metu
556 3734 647 3781 omen
669 3717 757 3802 regni
778 3718 879 3783 inesse
901 3717 1108 3801 significatur*

30 3824 176 3893 additum
199 3825 247 3890 est
268 3824 433 3906 prepter.

135 3930 214 3996 ibid.
237 3930 274 4006 V,
297 3930 333 3994 l:
368 3927 493 4009 Quid?
527 3929 637 3994 Hane
666 3929 795 4013 legem
830 3926 1002 4011 populus
1025 3926 1101 3992 Ro·
1199 3914 1203 3921 ’

30 4036 369 4120 manusaccepit?
391 4033 517 4115 Quina
540 4031 1102 4117 Perauapiciaierripotuit?

31 4143 109 4209 Sed
132 4160 257 4226 augur
279 4140 528 4208 verecundus
550 4140 637 4206 sine
653 4137 1105 4224 collegisdaauapieiis.

30 4250 131 4314 Deest
152 4249 280 4313 verbum
302 4247 451 4325 (dicere
485 4266 558 4313 non
593 4245 717 4311 audet
749 4247 804 4310 aut
829 4242 932 4309 simile
959 4242 1101 4326 aliquid).

31 4358 175 4438 superest
195 4354 347 4436 particula
368 4352 570 4418 adversativa.
624 4353 739 4417 Verum
772 4352 803 4415 iu
838 4350 895 4418 hac
927 4351 994 4434 ipsa
1024 4350 1108 4415 latet

31 4461 100 4527 sine
123 4460 226 4538 dubie,
250 4460 331 4543 quod
361 4458 561 4542 requirimus:
590 4457 670 4524 Silet
696 4475 824 4542 augur
850 4455 1104 4525 verecundus

30 4587 57 4633 s.
80 4587 107 4634 c.
130 4567 176 4632 de
198 4566 406 4648 auspiciis.
