2648 5084
466 729 594 789 Gellius..
838 678 844 690 ι
960 732 1022 798 599

96 930 164 996 Lib.
193 929 255 1004 lx,
287 929 325 1004 4,
353 928 389 994 6:
414 929 524 996 elios
561 930 652 997 item
688 950 773 996 esse
801 931 979 999 homines
1104 935 1108 943 '

43 1036 182 1121 *stigio
205 1036 342 1120 pedum
375 1034 569 1105 hebentes
610 1039 715 1103 retro
736 1042 935 1120 porrecte.
971 1058 1064 1118 non,

72 1144 284 1209 ceterorum
318 1143 534 1213 hominnm,
556 1143 829 1226 ,prosprofium
860 1145 1065 1227 petetsnti

43 1251 227 1316 ostentis.
265 1248 316 1315 Sis
337 1249 458 1316 eodinus
480 1249 598 1332 optimi.
636 1247 749 1315 Subest
770 1250 953 1317 manifesto:
973 1268 1063 1325 non,

70 1356 281 1423 ceterorum
312 1355 526 1428 hominnm,
552 1375 793 1440 provorsum
825 1359 1063 1440 speotsntin
1125 1383 1128 1390 ·

60 1480 290 1545 provorsum
320 1463 382 1526 iem
406 1460 593 1539 (lussovium
615 1462 677 1529 ,sed
701 1466 849 1546 praeteree
870 1464 987 1550 aliquid
1010 1483 1063 1531 ex·

43 1569 136 1653 ripere
166 1587 201 1634 ex
231 1568 375 1652 proximis
413 1567 526 1633 litteris
559 1569 742 1641 oonabstur.
788 1590 856 1653 qus
888 1590 923 1636 er
957 1574 1064 1654 spertu

43 1676 205 1742 minutione
243 1676 311 1742 orte
350 1676 439 1750 sunt,
495 1675 656 1741 oberrante
698 1676 831 1758 primum
869 1677 993 1744 lihrerio
1029 1678 1062 1742 in

50 1781 238 1857 estantis3
286 1800 341 1846 neo
377 1780 576 1848 tentandum:
619 1800 847 1865 provorsum
891 1787 930 1848 et
972 1787 1063 1848 unte

47 1887 320 1964 estuntiu(vid.
346 1888 383 1953 ds
404 1891 494 1954 unte
516 1888 556 1953 ad
570 1886 634 1952 (lio.
650 1888 715 1953 lin.
732 1888 768 1962 V,
791 1887 831 1952 35
847 1909 876 1972 p.
893 1887 968 1964 668)
992 1907 1064 1954 eum

43 1994 105 2061 rtili
126 1992 305 2078 tautologia.
360 1995 450 2073 (Tum
474 1996 555 2061 resto
577 1995 637 2060 Iso
661 1994 829 2061 Gronovius
852 2012 869 2060 s
890 1993 955 2060 nod.
980 1993 1064 2078 regio

43 2122 67 2166 2r
102 2104 256 2168 nostem
298 2120 412 2184 quum
449 2100 638 2176 interdiu3
681 2100 760 2183 qnod
804 2100 903 2166 editur
943 2117 1065 2183 prorsus

43 2208 199 2274 rsitutnm:
243 2225 350 2290 qoem
386 2207 495 2274 inter
535 2207 651 2279 diem,
698 2225 734 2274 ex
776 2206 885 2289 prioris
929 2207 1062 2273 membri

44 2314 171 2381 itetione
192 2316 293 2379 ortum
316 2315 386 2390 est.)
960 2369 962 2375 ,
998 2338 1000 2341 ·

103 2416 171 2486 ltu.
194 2420 213 2482 9
237 2420 269 2485 in
291 2420 437 2487 lemmate
458 2418 672 2485 seribendnm:
715 2419 809 2499 Quis
845 2419 974 2486 modus
1008 2420 1066 2485 sit

43 2526 184 2593 utendi
207 2525 320 2590 verbe
351 2526 387 2589 in
415 2520 552 2587 Groeoa
581 2528 790 2603 sententia,
819 2544 878 2590 non
899 2526 938 2593 in
961 2525 1065 2593 Girre-

43 2652 66 2697 ,ε
95 2632 329 2700 sententies.
387 2631 500 2715 Agitur
522 2635 642 2698 tentum
669 2631 706 2698 de
730 2631 845 2698 Grecis
866 2634 900 2697 in
920 2633 1065 2700 Latinum

43 2738 167 2805 rtendis.

102 2845 168 2912 Ibd.
200 2845 249 2920 11,
279 2845 314 2909 3;
359 2843 603 2911 Adolescens
638 2844 710 2910 tali
746 2863 890 2929 genere
933 2845 1066 2912 editus

51 3003 58 3015 .
85 2953 136 3019 tit
157 2953 337 3018 tribunus
358 2951 563 3019 militaris.
588 2949 701 3025 Nihil,
724 2969 783 3034 quo
805 2952 971 3026 referetur,
992 2952 1067 3016 teli

43 3059 103 3124 bet.
171 3058 342 3142 scripserat
383 3055 518 3123 Gellius:
568 3055 814 3124 Adolescens
858 3056 1067 3121 consulari

43 3184 148 3231 unsre
182 3164 330 3230 editus
380 3161 533 3243 Quattuor
564 3166 706 3229 extremm
734 3162 845 3229 littorae
866 3164 1065 3248 pruoedentis
1199 3161 1200 3165 ’

43 3274 87 3339 cis
118 3277 230 3350 (oeus)
258 3270 433 3343 effoderunt,
454 3272 491 3336 ut
510 3270 703 3336 omitteretur
726 3280 858 3343 sensu,
896 3270 1006 3336 deiude
1029 3289 1065 3336 ex

44 3380 76 3444 ri
98 3379 214 3445 lentum
235 3379 283 3443 est
305 3376 391 3442 teli.
419 3377 575 3453 {Haeserst
597 3376 717 3458 Lipsius
742 3380 774 3442 et
796 3377 870 3455 ulii.)
895 3375 956 3443 Sed
977 3375 1070 3443 initio

43 3485 112 3569 pitis
139 3484 217 3568 quod
248 3484 294 3550 sio
319 3483 478 3550 scribitur:
525 3484 574 3549 lle
605 3483 767 3551 Maximo
790 3483 958 3558 Valerio,
999 3484 1064 3566 qui

43 3592 198 3657 ›rvinns
220 3590 442 3675 appelletur
479 3591 540 3655 est
562 3590 606 3654 ob
635 3589 822 3654 auxilium
845 3607 1068 3674 propugne-

43 3716 224 3781 onumque
274 3697 381 3762 oorvi
424 3696 557 3773 alitis,
611 3694 713 3760 hund
757 3695 962 3779 quisquan
1006 3699 1067 3762 est

43 3804 190 3871 »billum
213 3803 459 3885 scriptorum,
493 3801 559 3885 qui
580 3819 692 3866 secus
725 3801 893 3871 dixerit.
927 3802 1066 3885 ineptum

43 3912 108 3976 tet
127 3928 219 3976 seusu
240 3926 364 4005 osseum
385 3907 473 3981 illud,
487 3907 650 3974 ¹neminem
670 3927 758 3975 senus
781 3909 903 3984 dixisse,
929 3909 1068 4003 absolute

43 4017 150 4083 situm.
194 4016 323 4081 Fuerat:
366 4015 417 4080 De
452 4014 617 4079 Maximo
648 4015 822 4090 Valerio,
859 4017 952 4101 quis
976 4016 1069 4083 Cor·

48 4142 119 4188 nns
141 4122 367 4206 appellatus
391 4120 450 4191 ¹eit
484 4164 558 4197 ...,.
586 4121 691 4186 huud
721 4122 924 4206 quisquam
954 4123 1018 4187 est
1038 4141 1069 4188 n.

43 4251 88 4307 u,
111 4230 175 4314 qui
196 4247 309 4295 seeus
330 4228 487 4295 dixerit
541 4225 927 4294 Consonsnsomniumin
949 4227 1066 4313 origine
1163 4227 1167 4233 ’

43 4335 193 4423 gnominis
228 4334 414 4402 declaranda
444 4333 641 4419 signifioetur.
707 4334 754 4398 De
783 4333 927 4418 loquendi
958 4353 1070 4420 genere
1122 4383 1124 4386 ψ

43 4465 60 4510 r.
82 4442 209 4527 quaeed
232 4442 296 4509 (lio.
320 4442 372 4510 tin.
394 4442 431 4519 V,
454 4440 495 4505 32
517 4462 546 4525 p.
569 4440 627 4506 661
652 4438 723 4512 dixi.

993 4674 1087 4730 ¹2*
