2580 5054
454 669 613 724 Athenoeus.
986 668 1025 731 63

22 865 225 941 >metebant
266 866 345 947 apud
379 865 568 950 Diogenem:
602 862 702 949 ἄρας,’
732 861 819 953 οἵας
850 857 906 950 ἦν,
936 861 1069 952 κατή-

24 972 180 1045 &aem

100 1113 134 1178 P.
151 1114 213 1175 402
236 1112 265 1178 b.
296 1110 340 1176 Ut
362 1111 588 1176 demonstretur
609 1114 640 1177 in
665 1113 756 1178 ltalia
772 1112 936 1195 Siciliaque
958 1131 1065 1196 aprnm

22 1219 146 1302 opettari
170 1211 365 1304 α’σχὲὅωραν,
398 1219 554 1299 ponuntur
588 1238 694 1285 versus
727 1220 785 1284 duo
819 1216 941 1284 Soteriae
964 1222 1066 1301 pootae

22 1323 166 1400 arentini,
190 1326 242 1408 qni
266 1320 418 1409 φλύακας
440 1326 619 1408 scripserat:

78 1425 185 1498 Ἔνθ’
207 1430 285 1497 οὔτε
308 1426 441 1515 ποιμήν
463 1424 550 1506 α’ξισῑ
573 1437 688 1516 νέμειν
710 1427 797 1515 βσταῖ

81 1530 154 1603 οὔτ’
175 1532 361 1624 α’σχέὃσιρσς
383 1531 575 1621 νεμόμενος
598 1534 816 1623 καπρώζεται.

98 1671 199 1751 Atque
220 1667 300 1733 hano
322 1667 549 1746 scripturatum
566 1670 666 1744 verbo,
683 1669 765 1751 qnod
782 1668 829 1733 est
845 1663 1062 1750 καπρώζεται,

22 1773 158 1839 infirmat
172 1774 351 1839 Eustathius
373 1772 427 1858 (ad
447 1773 503 1838 Od.
523 1773 609 1847 XIX,
624 1775 700 1858 439)
721 1775 903 1839 anctoritate
921 1772 1064 1863 ‘Atheoaei

22 1884 98 1955 tene,
133 1881 164 1945 in
197 1901 255 1963 qno
289 1884 393 1945 tamen
425 1881 491 1963 ipso
525 1880 671 1945 vooobuio
704 1880 908 1945 certissimum
942 1881 1064 1944 tenetur

22 1987 152 2051 tendum.
176 1986 256 2051 Nom
270 2005 370 2069 nequo
386 1980 627 2069 κατραζεαθαι
640 2005 693 2068 pro
706 2005 751 2065 eo,
764 1986 845 2069 quod
858 1987 905 2050 est
917 1985 1062 2068 κακρᾶα,

22 2100 48 2157 nt
71 2091 144 2157 alibi
168 2093 315 2175 reperitur
337 2101 389 2157 aut
412 2093 476 2157 ullo
497 2093 637 2176 analogia
665 2092 849 2164 defenditur.
879 2111 974 2175 neque
1002 2090 1060 2156 looi

22 2200 222 2282 arborumque
245 2198 443 2264 insalubritas
466 2216 516 2273 t--
537 2219 605 2264 eam
621 2199 703 2265 onim
719 2218 738 2262 a
752 2203 843 2282 poete
856 2197 1060 2283 significatam

22 2323 65 2368 ise
99 2305 382 2369 manifestissimum
416 2307 465 2370 est
496 2325 531 2370 ex
553 2307 670 2371 verbis:
698 2299 805 2373 Ἔνθ’
827 2303 905 2372 οὔτε
929 2301 1070 2390 ποιμήν

22 2418 84 2487 „icoo
106 2417 222 2494 νέμειν
243 2406 329 2496 βατά
352 2420 405 2487 -)
428 2430 464 2475 ex
486 2431 521 2477 eo
544 2411 726 2490 ostenditur,
749 2412 829 2495 quod
851 2432 924 2496 aper
942 2413 986 2478 ibi
1001 2430 1061 2477 non

22 2519 128 2590 noivit,
151 2521 229 2601 qnod
254 2519 353 2601 potino
374 2518 505 2584 salubris
529 2519 677 2600 pastionis
691 2517 839 2584 indicium
856 2521 912 2585 est.
949 2501 1062 2584 Dinon·

22 2645 71 2690 nm
103 2630 177 2703 emt,
211 2645 250 2689 ne
283 2644 389 2707 aprum
420 2625 544 2707 quidem
572 2625 604 2689 in
633 2625 686 2689 illo
709 2626 775 2690 loeo
796 2627 921 2708 impuno
943 2628 975 2691 et
996 2627 1062 2691 sine

22 2730 103 2795 ande
135 2733 226 2813 posci,
261 2731 354 2814 idque
386 2735 478 2813 poeto
513 2728 590 2793 dixit
623 2732 714 2796 verbo
747 2731 777 2794 in
799 2724 868 2796 =¹hoo
897 2731 1063 2800 sententiae

22 2854 105 2901 onere
127 2836 241 2902 usitato
263 2843 293 2901 et
316 2837 488 2901 litterarum
511 2835 654 2901 ductibus
676 2836 852 2901 simillimo:

74 2938 180 3008 Ἔνθ’
202 2939 280 3008 οὔτε
304 2940 437 3027 ποιμήν
460 2937 546 3019 α’ξισῑ
568 2949 684 3027 νέμειν
704 2936 792 3028 βοτιῖ

79 3041 151 3136 οὔτ’
172 3040 356 3135 α’σχὲδωρσς
379 3043 570 3133 νεμόμενος
594 3078 638 3114 κα
649 3077 666 3115 τ
678 3079 697 3114 α
708 3077 731 3113 π
744 3075 761 3133 ρ
772 3075 788 3114 o
800 3050 811 3111 ι’
820 3055 836 3125 ξ
845 3075 860 3114 ε
870 3073 917 3113 τα
930 3075 952 3112 ι.

22 3178 66 3243 σα
100 3178 179 3243 feret
210 3180 344 3262 impune,
378 3179 404 3245 si
438 3189 544 3262 pastos
577 3179 677 3245 fuerit.
732 3178 819 3245 Solet
847 3178 927 3245 enim
949 3177 981 3242 in
1003 3178 1062 3243 hoo

22 3285 86 3349 nbo
109 3284 246 3351 tutorum
269 3291 390 3368 tompus
412 3287 499 3369 qnasi
523 3287 554 3350 in
581 3285 816 3351 comminatione
838 3286 918 3369 poni.

97 3425 130 3489 P.
152 3428 214 3492 405
236 3446 255 3491 α
277 3427 320 3500 (in
343 3429 514 3510 fragmento
537 3446 572 3491 ex
594 3427 734 3510 Dionysii
761 3420 982 3513 Θεσμοφόρῳ,
1008 3427 1061 3492 ubi

22 3553 110 3617 »quus
132 3553 220 3598 soom
243 3536 340 3598 artem
362 3552 431 3598 oum
453 3533 650 3616 imperatoria
671 3537 856 3615 comparati:

181 3648 369 3737 στρατηγός
390 3652 460 3725 πᾶς
482 3645 615 3717 καλεῖθ’
636 3645 675 3725 ὃς
697 3645 741 3716 ἄν
764 3647 854 3738 λάβῃ

81 3752 241 3840 δύναμιν,
264 3753 284 3826 ὁ
304 3763 422 3842 μέντοι
447 3752 639 3844 δυνάμενος
663 3751 726 3823 κσῖν
748 3755 947 3847 πράγμασιν

80 3859 339 3950 α’ναστραφῇναι
364 3869 417 3931 καὶ
442 3866 621 3953 διαβλέψαι
646 3870 678 3930 τι
701 3890 769 3933 που

22 4039 128 4046 -ι-ψ-
136 4039 228 4044 ...av

49 4136 75 4202 *t
94 4135 123 4188 Ρ.
133 4134 211 4190 onte
229 4143 292 4204 post
310 4137 393 4200 verbo
414 4140 462 4208 ζῆν
480 4136 532 4206 γὰρ
551 4138 601 4208 τὴν
619 4134 770 4204 πορφύραν
789 4135 835 4206 ἔτη
853 4134 882 4203 ἕξ
902 4136 1062 4192 exciderunt

97 4229 250 4283 huiusmodi
278 4229 415 4297 quaedem:
443 4230 503 4286 τὸν
531 4230 567 4287 δὲ
595 4231 728 4301 κήρυκα
753 4250 800 4300 -;
829 4230 928 4287 deinde
955 4230 1063 4286 videtur

65 4343 68 4350 ¹
97 4321 269 4377 scribendum
296 4320 388 4379 κόθεν
417 4323 475 4390 <ὄ’
503 4317 575 4395 ἦν)
604 4321 679 4397 αὐτῷ
706 4323 807 4380 εἰδέναι
814 4347 823 4388 ‚·
851 4325 880 4379 Ρ.
899 4323 986 4382 388σ
1011 4338 1062 4378 sor.

98 4416 124 4469 el
148 4413 185 4484 μὴ
210 4416 447 4486 περιπατήσει
472 4418 560 4473 τόπον
578 4415 641 4472 τινὰ
659 4416 780 4486 ἐξευρὼν
798 4415 887 4492 ἑαυτῷ
905 4414 1063 4487 ἐπιτήδειον

97 4509 310 4579 (αωσαΙαῑὶσσθ;
326 4527 376 4580 pro
395 4511 587 4581 περιπατήσῃ).
