2662 5046
169 254 310 344 'm
607 275 871 346 mmmm

204 476 263 541 hoo
292 492 404 559 genera
430 472 485 547 iis,
518 492 586 557 qua
607 475 700 539 antea
723 471 850 551 contuli,
883 471 934 536 hie
965 470 1078 537 addam
1109 491 1172 538 non
1199 490 1275 540 sane

207 579 308 645 multa
328 597 386 644 nec
407 597 519 663 magna
541 579 573 644 in
596 577 784 645 orationibus
806 577 989 643 mendorum
1010 576 1122 660 plenis.

306 682 425 762 11‚13:
471 683 546 749 Lex
566 683 686 749 initio
713 682 822 748 nulla
850 682 1096 764 propositum
1129 683 1277 748 contio·

206 806 291 853 nem
312 787 349 852 in
371 787 508 869 primis
530 787 713 854 advocari
736 788 852 853 iubet.
896 786 984 851 Nihil
1005 789 1055 852 cst
1074 788 1113 852 in
1135 788 1276 869 primis

137 968 138 971 Ἴ
207 891 429 957 contionem
457 892 660 970 advocari,
692 911 749 956 nec
772 891 895 957 omnino
916 891 1070 967 Latinum,
1104 891 1278 957 nisiinter

102 1026 107 1036 ·
206 995 305 1076 plura,
327 1014 394 1078 quae
415 995 535 1078 agenda
554 996 687 1074 fuerunt,
702 998 761 1062 hoc
781 995 915 1061 mamma
937 996 970 1060 et
992 995 1147 1076 praecipuo
1172 996 1277 1061 studio

204 1099 324 1166 factum
359 1100 560 1184 significatur,
595 1101 677 1183 quod
707 1101 850 1184 ineptum
880 1101 939 1165 est.
992 1100 1059 1164 Ant
1093 1100 1279 1184 simpliciter

212 1207 386 1273 convocare
415 1203 475 1269 dici
510 1204 701 1280 cebetem,
737 1204 817 1288 qnod
851 1222 938 1286 paene
963 1204 1101 1287 postulat
1129 1207 1278 1285 narratio,

208 1312 331 1392 tompus
363 1310 465 1392 ipsum
488 1308 617 1388 otniae,
648 1311 680 1375 in
715 1328 807 1392 quam
832 1309 981 1375 advocata
1000 1309 1102 1390 fuerit,
1134 1311 1276 1378 indicari

86 1470 90 1478 .
206 1415 365 1499 Scriptum
383 1415 479 1480 fuisse
499 1413 616 1481 iudico:
640 1415 868 1480 contionem
894 1414 932 1478 in
953 1413 1082 1498 pridie
1102 1414 1197 1478 Idae
1219 1416 1279 1482 ad-

209 1520 344 1586 vocari
364 1519 489 1594 iubet,
512 1518 569 1584 hoc
592 1521 650 1598 est,
681 1519 864 1585 intertium
888 1518 1061 1585 tribunatus
1084 1519 1178 1598 diem,
1202 1540 1280 1605 quo·

211 1625 295 1689 niam
317 1644 345 1692 a.
368 1626 396 1691 d.
421 1625 466 1690 IV
488 1624 656 1696 ldussDac.
677 1625 704 1689 is
726 1624 871 1690 inibatur.

306 1730 374 1795 Ibd.
397 1730 452 1796 22:
496 1730 569 1796 Vir
589 1730 811 1795 mehercule
836 1729 962 1796 servis
983 1729 1052 1796 hoc
1073 1750 1154 1796 aum
1174 1731 1279 1810 suis,

207 1850 279 1898 uon
311 1835 440 1913 vobis,
476 1835 646 1901 omnium
666 1835 845 1918 gentium
868 1836 1051 1908 dominis,
1085 1835 1280 1918 probatu·

209 1957 291 2003 rum
313 1940 499 2006 arbitror.
533 1938 615 2005 Usus
636 1939 779 2023 loquendi
801 1941 952 2022 postulat:
974 1958 1049 2006 non
1070 1941 1183 2003 medo
1210 1960 1281 2007 vo·

208 2042 276 2110 bis.
289 2042 450 2127 [Gulielm.
469 2063 517 2109 ne
538 2044 589 2110 val
610 2045 770 2129 nedum]
794 2045 937 2131 (De§33
953 2045 1015 2110 dixi
1035 2045 1095 2111 vol.
1117 2045 1134 2109 I
1154 2065 1185 2128 p.
1214 2044 1280 2123 38.)

309 2148 377 2215 Ibd.
400 2147 441 2210 34
463 2148 509 2238 sic
531 2148 626 2215 verba
645 2150 889 2235 interpungenda
909 2153 996 2216 sunt:
1027 2170 1112 2217 cum
1133 2149 1281 2228 velint,

209 2249 340 2318 Romae
363 2273 464 2334 esse,
485 2274 566 2320 cnm
591 2256 832 2349 commodum
854 2255 924 2331 sit,
948 2273 1182 2339 quacunque
1210 2273 1281 2321 va·

208 2356 379 2435 lint,
408 2361 543 2445 vagari
565 2364 608 2426 ut
639 2362 774 2437 liceat,
803 2361 1046 2439 conceditur,
1078 2362 1115 2424 ut
1135 2379 1172 2424 ox
1193 2378 1282 2443 aequo

209 2469 363 2546 ponantn
397 2465 463 2530 haec
503 2489 572 2541 cam
602 2465 695 2529 velint
725 2470 758 2533 ct
791 2489 860 2529 cam
893 2465 1085 2530 commodam
1115 2466 1162 2531 ait.
1207 2465 1283 2531 Mox

204 2567 231 2654 ξ
252 2568 292 2634 35
315 2570 432 2645 dubito,
455 2589 495 2635 an
517 2571 611 2636 scribi
636 2571 764 2636 debeat:
785 2570 935 2654 partim
958 2569 1086 2637 libera
1112 2590 1133 2636 a
1159 2571 1280 2647 vobis,

213 2673 358 2757 partim
394 2675 525 2740 etiam·
555 2676 690 2760 iyaotc
725 2676 837 2743 vobis
878 2678 1053 2758 suntpro
1079 2677 1281 2761 ignorata,

212 2779 272 2843 atei
293 2778 431 2857 memini,
455 2780 528 2862 quid
550 2781 703 2847 scribatur
722 2777 846 2844 Tuscul.
859 2779 902 2859 V,
934 2779 985 2859 23,
1008 2781 1062 2858 64;
1085 2782 1141 2846 sed
1162 2782 1208 2848 ibi
1232 2783 1282 2848 ast

206 2882 437 2976 ignoratum
474 2885 519 2950 ab
547 2884 816 2970 Syracusanis,
851 2885 958 2951 addita
978 2886 1207 2969 praeposition03
1246 2888 1281 2953 in

210 2987 306 3054 Bruto
352 2989 410 3050 176
446 2988 585 3055 fuerat
619 2992 807 3077 ignorata
838 2994 903 3056 est:
948 2992 1183 3071 „animadversa
1218 3013 1281 3060 non

210 3093 342 3174 fuerat“,
365 3085 535 3177 ἐλελήθει,
558 3098 593 3162 nt
614 3098 696 3180 apud
707 3097 888 3164 Sallustium
909 3097 977 3181 lug.
999 3097 1040 3161 54
1060 3099 1280 3183 ignoratus

213 3199 286 3280 „qui
308 3217 389 3264 nunc
411 3197 514 3281 ipsum
536 3201 610 3284 quid
633 3203 744 3281 iaciat,
775 3204 964 3287 ignoratum,
985 3197 1185 3279 λανθάνων,
1217 3223 1282 3269 non

206 3299 349 3388 «ἄδηλος,
371 3300 554 3392 ἄγνωστος.
609 3306 698 3388 Quod
730 3309 820 3392 paulo
852 3310 922 3391 posu
942 3308 975 3374 in
996 3308 1153 3375 codicibus
1176 3310 1226 3374 cst
1249 3296 1282 3375 e't

210 3505 411 3521 ῃ,-

282 3680 344 3720 uam
374 3667 515 3720 edmarum
532 3667 634 3719 mentio
654 3663 694 3718 ibi
713 3664 806 3735 inepta
831 3667 891 3733 eet).
927 3663 1087 3734 Exemplum
1104 3666 1281 3721 correctionis

283 3756 382 3812 imbec
401 3773 454 3811 uno
472 3755 562 3811 codice
579 3756 663 3820 facta,
684 3770 744 3826 qua
764 3756 880 3824 speciem
897 3755 997 3811 babeat
1013 3738 1094 3821 recti,
1112 3757 1204 3827 ipsum
1223 3773 1282 3812 rec·

283 3849 342 3903 turn
360 3848 485 3912 occultet,
504 3846 658 3903 monstrabo
676 3848 706 3902 in
724 3848 761 3912 11,
780 3850 813 3903 97
843 3846 1034 3918 (continet).
1069 3846 1181 3903 Maneat
1208 3863 1282 3919 ergo,

282 3939 388 4008 aliquid
413 3938 539 3994 tribuisse
562 3939 800 4010 Lagomarsinieno
819 3938 864 3993 illi
881 3937 1036 4008 gravissimi
1061 3938 1146 3994 fuisse
1173 3940 1283 4004 erroris,

283 4030 397 4100 posthac
413 4029 533 4085 tribuere
550 4046 659 4085 summa
677 4029 820 4101 imperitia
837 4028 903 4087 iore.
