2656 5056
252 318 314 381 482
613 314 759 372 unuln.
772 309 891 386 oaprv'.

213 540 294 604 quae
319 524 469 583 aeternu
486 518 589 578 sunt.
622 514 708 579 Inter
722 533 771 580 res
785 514 949 581 imbecille
959 520 1088 589 neturae,
1103 518 1207 600 quales
1217 518 1269 600 ipsi

214 633 365 707 (corpore)
377 638 494 693 sumus,
507 621 674 684 consistere
686 639 741 685 nos
752 620 951 702 dicit;petius
962 621 1100 686 animum
1113 623 1153 687 ed
1165 627 1285 688 eterne

215 729 410 796 mittendum.
470 725 553 790 Infra
574 724 592 808 ἓ
613 725 652 789 31
676 724 764 805 (28),
792 729 954 808 postquam
977 724 1096 792 Senece
1119 729 1268 794 Platonem
1323 763 1324 818 3

215 852 308 898 unum
331 833 363 896 et
384 831 602 916 octogesimum
625 847 737 895 ennum
758 831 935 913 implevisse
955 835 987 898 et
1009 833 1038 897 ei
1060 835 1098 899 ot
1121 853 1190 900 eum
1212 853 1269 899 rem
1323 843 1324 860 ¹

216 958 235 1003 e
268 938 368 1020 megis
407 936 614 1001 sacrificatum
652 954 720 1000 esse
756 935 846 1014 dixit,
882 936 947 1000 haee
980 937 1155 1005 secuntur:
1197 941 1270 1005 Non

214 1044 373 1117 dubito,
409 1043 500 1124 quin
533 1043 652 1123 paret
682 1045 721 1105 et
749 1059 893 1124 pancos
916 1041 971 1116 (P3
1005 1048 1214 1126 pperutus
1236 1051 1272 1111 et

214 1155 376 1233 peuces)
409 1147 497 1211 dies
526 1163 568 1208 er
590 1144 675 1209 iste
701 1165 851 1211 summe
872 1151 911 1211 et
930 1149 1189 1216 sucrificium
1214 1170 1271 1215 re-

215 1256 392 1319 mittere.
448 1251 574 1315 Frustra
607 1250 672 1314 haee
706 1252 836 1317 editores
858 1251 897 1316 ed
919 1252 1020 1334 ipsum
1043 1254 1203 1321 Platonem
1225 1275 1272 1320 ao-

216 1357 410 1426 commodere
440 1355 566 1421 student
602 1357 709 1430 (etiem
744 1357 935 1440 Heuptinsl
963 1377 994 1440 p.
1026 1359 1094 1436 13),
1133 1361 1272 1445 quiquid

217 1468 342 1549 paratus
364 1465 405 1527 sit
426 1462 557 1525 fueritve
578 1463 694 1538 iecere,
730 1462 853 1528 omnino
885 1463 961 1527 nihil
986 1463 1111 1529 adrem
1136 1467 1273 1547 pertinet

216 1569 415 1637 Scribendum
450 1568 514 1631 est:
551 1567 646 1650 quin
677 1576 844 1650 paratus
876 1569 932 1630 sis
964 1573 1170 1651 etpsncos
1192 1572 1275 1635 dies

217 1680 274 1742 oet.
336 1673 459 1739 Ludens
492 1671 609 1737 Seneca
641 1670 803 1755 significet,
840 1672 991 1738 Lucilium
1020 1675 1159 1741 Plutonis
1189 1680 1276 1741 setute

216 1783 310 1847 etiam
343 1781 447 1863 paucis
481 1779 588 1844 diebus
610 1777 756 1842 detractis
787 1781 966 1844 contentum
988 1779 1061 1844 fore.
1106 1780 1277 1864 Sequuntur

16 1949 21 1956 .
81 1910 83 1915 ·
216 1888 233 1970 ξ
255 1886 296 1949 34
318 1886 393 1963 (31),
416 1888 578 1968 postquem
602 1884 717 1948 Seneca
737 1884 937 1964 questionem
962 1884 999 1949 de
1021 1887 1086 1950 vite
1108 1887 1279 1951 voluntarie

217 1994 314 2056 morte
358 1991 493 2056 finiende
535 1990 654 2074 attigit,
705 1989 787 2052 haec:
832 1989 982 2055 Peuces
1030 1991 1276 2076 longissime

217 2101 408 2164 senectus
430 2095 476 2160 ed
498 2097 666 2161 mortem
689 2095 776 2159 sine
798 2094 952 2161 iniuria
969 2098 1160 2178 pertulit;
1184 2099 1279 2162 mul·

216 2206 271 2270 tis
312 2203 421 2267 iners
463 2202 549 2265 vite
591 2198 678 2264 sine
720 2219 790 2264 usu
827 2200 888 2265 sui
923 2202 1063 2267 iacuit.
1120 2203 1281 2281 Quanto

217 2308 360 2375 deinde
392 2306 601 2370 crudelius
631 2306 794 2370 iudicas
827 2307 987 2389 aliquid
1008 2325 1050 2371 ex
1072 2308 1158 2372 vita
1191 2328 1279 2391 per-

216 2415 375 2479 didisse
400 2411 576 2495 quemris
599 2411 806 2476 finiende?
855 2412 962 2494 Neque
985 2412 1022 2476 de
1043 2413 1227 2479 crudelitate
1249 2414 1279 2477 h.

215 2523 235 2586 l.
248 2521 360 2605 agitur,
384 2534 490 2600 neque,
512 2535 571 2599 quo
595 2519 782 2599 comparatio
805 2520 932 2599 spectet
954 2523 1091 2600 apparet,
1115 2522 1147 2584 et
1168 2521 1280 2604 igneve

215 2646 307 2692 sensu
343 2641 464 2689 cessum
509 2621 648 2686 additur:
688 2612 869 2705 quemuis
912 2622 1103 2688 finiende.
1167 2625 1280 2690 Omnis

215 2734 298 2795 recte
324 2733 356 2794 et
388 2729 461 2809 epte
491 2727 555 2791 haee
586 2727 700 2791 efficiet
729 2728 895 2809 scripture:
940 2729 1098 2808 Quanto
1135 2729 1279 2795 deinde

216 2836 344 2898 levius
378 2831 705 2917 [Geertzius'otr'tr'ce]
737 2832 895 2899 iudicas
928 2834 1084 2917 eiiqnid
1117 2854 1160 2900 ex
1194 2837 1279 2900 rite

214 2940 448 3026 perdidisse
470 2957 583 3021 quem
606 2940 663 2999 ios
688 2938 900 3022 finiende?
929 2939 1022 3022 (quod
1044 2941 1140 3006 Stoici
1177 2941 1276 3023 dent).

214 3051 265 3122 Ad
286 3050 345 3114 hoo
365 3047 414 3111 ins
435 3045 507 3109 uitse
528 3043 669 3109 finiende
690 3045 855 3127 pertinent,
877 3064 943 3128 quse
965 3045 1177 3111 subiiciuntur.

313 3154 370 3234 Ep.
394 3151 444 3222 61,
470 3150 503 3211 l:
547 3150 805 3222 Desinemus,
828 3149 930 3232 quod
947 3151 1155 3217 ‘noluimus
1176 3152 1275 3229 (codd.

214 3256 534 3334 volumus)velle.
583 3257 662 3338 Epo
685 3255 854 3320 certeid
888 3274 957 3339 ugo
989 3274 1107 3320 senen
1143 3257 1276 3320 eadem

213 3366 339 3441 velle,
376 3382 457 3445 quae
490 3380 587 3443 puer
629 3362 748 3426 volui.
805 3360 856 3425 Sic
889 3361 1015 3426 codices.
1074 3360 1276 3425 Scribendum

212 3473 349 3538 videtur:
371 3469 410 3532 id
433 3485 521 3551 ego,
542 3487 584 3527 ne
605 3485 726 3532 senex
749 3466 885 3531 eedem
908 3465 1039 3540 velim,
1077 3486 1157 3549 quse
1178 3485 1278 3548 puer

212 3577 328 3644 volui.
383 3564 506 3636 Ouiisso
528 3592 570 3634 ne
591 3574 661 3636 unte
684 3592 722 3634 ee
751 3575 906 3636 mutatum
928 3574 976 3635 cst
997 3571 1139 3648 velim,
1162 3591 1275 3655 preecc-

213 3686 304 3750 dente
327 3678 495 3764 praesertim
521 3676 637 3741 velle.
683 3678 761 3742 Tum
781 3675 832 3762 §3
854 3676 1048 3742 scribendum
1070 3683 1118 3742 est
1141 3679 1278 3760 proxime

103 3827 104 3831 =
211 3783 1280 3873 vestigieeodicisprQuicquidnecesseost,tuturumest

212 3889 644 3974 (esterrprepugnantm
668 3890 826 3974 volenti
852 3888 1086 3952 necessitas
1107 3908 1182 3954 non
1208 3895 1278 3955 est

310 4000 366 4081 Ep.
390 3997 439 4069 65,v
465 3996 519 4059 15:
562 3995 641 4079 Ego
674 3995 830 4078 quidem
867 3996 1005 4075 priore
1038 3993 1113 4057 illu
1141 4014 1215 4079 ego
1237 4016 1281 4061 sc

209 4100 364 4175 tracto,
407 4102 551 4183 quibus
583 4102 751 4183 pacetur
785 4101 958 4177 enimus,
995 4102 1034 4164 et
1069 4119 1126 4164 me
1165 4102 1280 4183 prius
