2580 5054
206 281 248 344 36
571 275 632 329 ιιι.
651 275 674 327 ι
694 276 759 342 cap.
777 272 828 325 ιιι

168 505 196 544 ιι.
218 504 247 543 ν.
275 502 305 542 σ.
339 472 377 541 τό
401 468 562 559 ιρρόννρια
593 469 631 538 τό
655 473 717 554 τῆς
739 465 870 544 πόλεως
891 480 1039 536 ἕκαστον
1059 463 1145 552 όμιόν
1169 466 1201 530 δεῖ
1230 463 1232 466 ’

170 612 198 649 ει.
222 611 251 649 τ.
274 586 304 647 λ.

268 735 354 807 ΧΙΧ,
376 735 454 798 231:
477 732 510 798 σι’
525 723 590 798 οὖν
604 730 692 812 praeci
715 731 844 800 ταύτας
866 723 1061 815 Ἀθηναῖοι
1077 721 1207 814 λαβόντες
1235 743 1238 796 ζ

169 841 309 932 (ᾔδεσαν
330 845 396 927 μὲν
417 834 482 926 γόρ
506 833 630 915 πόλοι)
652 839 686 904 σι’
707 839 758 912 δός
789 835 871 910 σούς
895 842 963 922 μὲν
986 831 1127 925 χρήματ’
1146 837 1209 916 ciir-
1239 895 1240 898 ,

170 944 276 1031 φόνος
298 949 352 1013 καὶ
377 947 466 1032 δῶρα
492 948 546 1013 καὶ
564 938 853 1031 καταισχύναντας
867 938 1028 1019 ἑαυτούς,
1044 941 1109 1029 τήν
1123 936 1210 1008 πόλιν.

170 1053 252 1130 τούς
283 1056 412 1121 ἑαυτῶν
435 1054 574 1130 παῖδας,
603 1047 749 1136 α’φεῑσαν
778 1054 831 1118 καὶ
855 1053 942 1117 νοῦν
973 1060 1065 1137 ἔχειν
1095 1047 1213 1138 νξγοόνιι

174 1165 226 1228 καὶ
261 1157 326 1246 τήν
360 1155 464 1226 πόλιν
496 1154 734 1226 εόθενεῑσθαι·
767 1155 829 1225 τόν
850 1161 883 1225 δὲ
908 1161 1215 1246 κατηναρσῡνιαιίε
1245 1217 1246 1220 ,

170 1271 489 1354 ἐμβεβροντῆσθαι,
523 1263 587 1350 τήν
619 1263 722 1334 πόλιν
753 1260 903 1352 α’γνοεῑν,
938 1260 1003 1332 οὐκ
1046 1275 1131 1354 ἔχειν
1158 1262 1217 1331 ὅσοι

171 1373 212 1442 aci
248 1377 373 1442 ἑαυτοῦ
405 1377 520 1461 pinse.
564 1375 633 1440 Non
664 1375 822 1457 quaeritur,
855 1374 931 1456 quid
963 1373 1169 1439 Athenienses
1194 1372 1219 1435 de

172 1483 457 1564 statureipublicae
480 1481 693 1560 indicaverint,
715 1481 769 1547 sed
791 1480 865 1563 quid
887 1481 926 1543 de
942 1480 1071 1545 illorum
1087 1481 1220 1545 hominm

174 1589 373 1671 reipublicae
395 1589 670 1654 administratione.
715 1588 823 1668 Itaque
844 1587 896 1652 ubi
919 1586 1070 1653 scribitur
1091 1582 1222 1654 εὐθενεῖ-

69 1780 74 1790 ,
173 1704 269 1770 σθαι,
294 1696 464 1761 necessario
485 1695 651 1779 requiritur
665 1693 774 1758 activae
795 1692 1034 1777 significationis
1057 1697 1178 1760 verbum
1195 1692 1223 1757 ad
1255 1696 1256 1711 ¹

173 1803 242 1867 illos
276 1802 418 1867 homines
450 1802 618 1883 pertinens,
651 1800 909 1883 quemadmodum
931 1800 963 1864 in
986 1801 1088 1866 altero
1110 1801 1223 1867 membro

173 1909 278 1974 omnia
302 1909 460 1991 pertinent
489 1907 528 1973 cd
559 1902 621 1974 τόν
644 1907 908 1992 κατηγοροῦντα.
959 1907 1132 1973 Sententia
1151 1908 1224 1972 satis

174 2016 249 2080 facit
269 2017 323 2080 καὶ
347 2009 412 2099 τήν
434 2009 537 2081 πόλιν
559 2006 605 2081 εὖ
628 2015 871 2091 διαθεῖναι,
900 2013 1080 2079 litterarum
1107 2013 1225 2097 vestigia

173 2122 285 2197 minus,
308 2123 347 2187 ad
370 2142 438 2204 quae
460 2123 585 2205 propius
607 2122 765 2187 accederet
791 2111 837 2185 τό
859 2124 1044 2200 θέοθαις
1078 2122 1133 2188 sed
1152 2120 1181 2185 id
1199 2120 1226 2184 de

172 2228 264 2293 robus
286 2229 362 2292 bene
385 2246 438 2293 suo
460 2229 529 2293 usui
552 2227 819 2294 accommodandis
841 2227 965 2305 dicitnr,
998 2227 1082 2309 qnod
1104 2226 1226 2294 hocloco

173 2334 275 2398 minus
299 2337 406 2416 aptum
429 2337 486 2399 est.
541 2333 638 2399 Paulo
670 2336 741 2399 ante
771 2353 869 2417 neque
898 2335 931 2398 τί
954 2335 991 2400 δε·
1011 2353 1112 2419 neque
1133 2336 1165 2400 τί
1183 2333 1226 2399 διό

173 2460 277 2506 vemm
310 2460 377 2506 esse
409 2443 528 2525 potest3
572 2441 702 2506 fortasse
742 2440 889 2523 seriptum
923 2440 1041 2507 fuerat:
1080 2436 1227 2527 λαβόντες

172 2544 312 2636 (ᾔδεσαν
332 2553 398 2633 μὲν
419 2543 484 2633 γαρ
508 2538 614 2613 πόλοι
639 2544 730 2633 ἤδη)
751 2542 832 2620 νοός
853 2552 918 2631 μὲν
941 2573 968 2612 κ.
992 2575 1022 2614 τ.
1047 2553 1078 2614 λ.

260 2713 337 2779 Ibid.
347 2713 407 2776 266
418 2713 470 2789 (de
480 2711 666 2797 Olynthiis:
690 2705 790 2778 ου’δὲν
802 2704 927 2785 αόσοδς
939 2706 1075 2778 τούτων
1088 2707 1226 2798 ἐδυνήθη

64 2833 70 2849 ⁴
173 2820 288 2896 σῶσαι,
320 2812 405 2885 οἷλλιό
437 2821 520 2904 πρὶν
547 2823 612 2904 μὲν
642 2821 793 2897 ἐξελθεῖν
823 2815 980 2885 ἐνιαυτόν
1003 2822 1067 2885 τοῦ
1091 2825 1227 2904 πολέμου

173 2923 235 3002 τός
257 2920 375 3000 πόλεις
397 2920 536 3000 danicae
557 2919 824 2992 α’νιοιλωλέιιεσαν
845 2921 906 2999 τός
929 2932 965 2991 ἐν
988 2929 1031 3016 τῇ
1047 2927 1227 3013 Χαλκιδικῇ

172 3029 404 3121 προδιδόντες.
465 3034 517 3099 Sic
541 3036 585 3111 Σ,
608 3034 701 3099 ceteri
724 3039 758 3114 οἱ
778 3027 1013 3117 προδιδόντες.
1070 3035 1228 3117 Utrumque

172 3159 258 3223 seque
279 3160 456 3223 perversum
479 3145 543 3223 est;
575 3157 645 3204 uam
674 3159 773 3223 neque
795 3140 1016 3224 Olynthiorum
1038 3143 1180 3225 populus,
1199 3140 1228 3204 de

172 3266 231 3330 qno
253 3248 365 3329 agitur,
389 3249 421 3313 et
441 3265 534 3331 quem
557 3246 674 3313 servari
685 3247 820 3330 potuisse
834 3251 934 3312 orator
950 3250 1054 3332 negat,
1069 3251 1138 3333 ipsc
1153 3250 1229 3314 urbes

171 3355 357 3436 prodiderat,
391 3374 489 3437 neque
523 3353 694 3437 proditores
727 3354 817 3420 nrbes
848 3355 1021 3420 omiserant
1042 3359 1100 3422 cut
1122 3357 1229 3423 omnino

169 3460 202 3524 in
225 3461 304 3526 hanc
325 3462 511 3526 seutentiam
534 3460 571 3524 de
594 3459 723 3524 interitu
739 3460 954 3544 Olynthiornm
971 3459 1090 3527 includi
1106 3462 1231 3547 possunt.

172 3566 357 3632 Tollendum
380 3566 563 3649 simpliciter
585 3560 817 3649 apodemium,
836 3567 939 3650 inepte
956 3566 1104 3634 additum
1120 3571 1231 3652 propter

169 3671 211 3751 id,
235 3673 317 3756 quod
336 3673 483 3756 sequitur,
496 3687 567 3747 τοῖς
582 3674 805 3759 προδιδοῦσιν
820 3673 998 3752 (sententiae
1013 3672 1232 3741 accommodari

170 3782 291 3861 poterat
313 3781 555 3863 νιροδοθείοας,
588 3800 692 3846 verum
722 3783 754 3846 et
784 3781 955 3846 abundaret
976 3799 1078 3863 neque
1101 3780 1233 3848 facilem

171 3880 392 3967 προδιδόντες
407 3888 593 3965 transisset).
633 3887 697 3966 [Sic
737 3889 801 3953 iam
835 3887 1042 3955 Marklaudus
1087 3894 1121 3956 et
1163 3887 1235 3963 alii]

171 3988 289 4053 Deinde
340 4009 407 4073 quae
450 3993 679 4079 subiunguntur
722 3995 760 4061 de
804 3994 996 4076 proditomm
1041 3994 1235 4062 multitudine

170 4094 210 4160 ad
243 4095 346 4161 omnia
389 4097 542 4166 offerenda
589 4102 740 4183 prompta,
791 4102 822 4166 in
865 4099 970 4167 codice
1015 4103 1050 4168 Σ
1079 4103 1125 4169 sie
1169 4101 1237 4168 scri·
