<?xml version="1.0" encoding="UTF-8"?>
<!DOCTYPE html PUBLIC "-//W3C//DTD XHTML 1.0 Transitional//EN"
    "http://www.w3.org/TR/xhtml1/DTD/xhtml1-transitional.dtd">
<html xmlns="http://www.w3.org/1999/xhtml" xml:lang="en" lang="en">
 <head>
  <title>
</title>
<meta http-equiv="Content-Type" content="text/html;charset=utf-8" />
  <meta name='ocr-system' content='tesseract 3.04.00' />
  <meta name='ocr-capabilities' content='ocr_page ocr_carea ocr_par ocr_line ocrx_word'/>
</head>
<body>
  <div class='ocr_page' id='page_1' title='image "./ioniemadvigiiad00madvgoog_0654.png"; bbox 0 0 2648 5084; ppageno 0'>
   <div class='ocr_carea' id='block_1_1' title="bbox 446 721 1073 793">
    <p class='ocr_par' dir='ltr' id='par_1_1' title="bbox 446 721 1073 793">
     <span class='ocr_line' id='line_1_1' title="bbox 446 721 1073 793; baseline 0.002 -17"><span class='ocrx_word' id='word_1_1' title='bbox 446 721 543 792; x_wconf 81' lang='lat' dir='ltr'><strong>Script.</strong></span> <span class='ocrx_word' id='word_1_2' title='bbox 563 722 636 785; x_wconf 76' lang='lat' dir='ltr'><strong>nisa</strong></span> <span class='ocrx_word' id='word_1_3' title='bbox 655 722 723 793; x_wconf 74' lang='lat' dir='ltr'><strong>bug.</strong></span> <span class='ocrx_word' id='word_1_4' title='bbox 1011 724 1073 788; x_wconf 79' lang='lat'><strong>643</strong></span> 
     </span>
    </p>
   </div>
   <div class='ocr_carea' id='block_1_2' title="bbox 1 918 1318 4091">
    <p class='ocr_par' dir='ltr' id='par_1_2' title="bbox 52 918 1224 1218">
     <span class='ocr_line' id='line_1_2' title="bbox 52 918 1117 1009; baseline 0.009 -28"><span class='ocrx_word' id='word_1_5' title='bbox 52 919 238 983; x_wconf 79' lang='lat' dir='ltr'><strong>tetendit.</strong></span> <span class='ocrx_word' id='word_1_6' title='bbox 293 918 371 983; x_wconf 82' lang='lat' dir='ltr'><strong>Nam</strong></span> <span class='ocrx_word' id='word_1_7' title='bbox 406 940 514 982; x_wconf 81' lang='lat' dir='ltr'><strong>manos</strong></span> <span class='ocrx_word' id='word_1_8' title='bbox 546 918 717 983; x_wconf 79' lang='lat' dir='ltr'><strong>bominibus</strong></span> <span class='ocrx_word' id='word_1_9' title='bbox 748 930 844 984; x_wconf 73' lang='lat' dir='ltr'><strong>unae</strong></span> <span class='ocrx_word' id='word_1_10' title='bbox 879 931 944 1006; x_wconf 82' lang='lat' dir='ltr'><strong>(pro</strong></span> <span class='ocrx_word' id='word_1_11' title='bbox 969 945 1016 1002; x_wconf 79' lang='lat' dir='ltr'><strong>eo,</strong></span> <span class='ocrx_word' id='word_1_12' title='bbox 1039 925 1117 1009; x_wconf 86' lang='lat' dir='ltr'><strong>quod</strong></span> 
     </span>
     <span class='ocr_line' id='line_1_3' title="bbox 53 1025 1224 1110; baseline 0.007 -18"><span class='ocrx_word' id='word_1_13' title='bbox 53 1029 106 1093; x_wconf 84' lang='lat' dir='ltr'><strong>est</strong></span> <span class='ocrx_word' id='word_1_14' title='bbox 137 1027 307 1106; x_wconf 65' lang='lat' dir='ltr'><strong>mennam)</strong></span> <span class='ocrx_word' id='word_1_15' title='bbox 345 1044 442 1110; x_wconf 89' lang='lat' dir='ltr'><strong>neque</strong></span> <span class='ocrx_word' id='word_1_16' title='bbox 476 1026 536 1091; x_wconf 88' lang='lat' dir='ltr'><strong>dici</strong></span> <span class='ocrx_word' id='word_1_17' title='bbox 567 1025 687 1091; x_wconf 86' lang='lat' dir='ltr'><strong>videtur</strong></span> <span class='ocrx_word' id='word_1_18' title='bbox 720 1045 817 1110; x_wconf 87' lang='lat' dir='ltr'><strong>neque</strong></span> <span class='ocrx_word' id='word_1_19' title='bbox 852 1049 917 1094; x_wconf 89' lang='lat' dir='ltr'><strong>rem</strong></span> <span class='ocrx_word' id='word_1_20' title='bbox 951 1031 1022 1097; x_wconf 89' lang='lat' dir='ltr'><strong>huic</strong></span> <span class='ocrx_word' id='word_1_21' title='bbox 1053 1033 1117 1100; x_wconf 89' lang='lat' dir='ltr'><strong>loco</strong></span> <span class='ocrx_word' id='word_1_22' title='bbox 1221 1030 1224 1038; x_wconf 82' lang='grc'><strong>’</strong></span> 
     </span>
     <span class='ocr_line' id='line_1_4' title="bbox 52 1129 695 1218; baseline 0.002 -21"><span class='ocrx_word' id='word_1_23' title='bbox 52 1138 160 1217; x_wconf 87' lang='lat' dir='ltr'><strong>aptum</strong></span> <span class='ocrx_word' id='word_1_24' title='bbox 182 1132 365 1218; x_wconf 83' lang='lat' dir='ltr'><strong>significare.</strong></span> <span class='ocrx_word' id='word_1_25' title='bbox 691 1129 695 1137; x_wconf 85' lang='grc'><strong>’</strong></span> 
     </span>
    </p>

    <p class='ocr_par' dir='ltr' id='par_1_3' title="bbox 50 1238 1151 1537">
     <span class='ocr_line' id='line_1_5' title="bbox 159 1238 1151 1326; baseline 0.006 -22"><span class='ocrx_word' id='word_1_26' title='bbox 159 1239 224 1304; x_wconf 89' lang='lat' dir='ltr'><strong>lbd.</strong></span> <span class='ocrx_word' id='word_1_27' title='bbox 260 1239 315 1302; x_wconf 86' lang='lat'><strong>13:</strong></span> <span class='ocrx_word' id='word_1_28' title='bbox 373 1238 699 1317; x_wconf 77' lang='lat' dir='ltr'><strong>adclamationes</strong></span> <span class='ocrx_word' id='word_1_29' title='bbox 742 1240 909 1322; x_wconf 88' lang='lat' dir='ltr'><strong>primum</strong></span> <span class='ocrx_word' id='word_1_30' title='bbox 954 1244 1151 1326; x_wconf 73' lang='lat' dir='ltr'><strong>publicae&#39;</strong></span> 
     </span>
     <span class='ocr_line' id='line_1_6' title="bbox 53 1345 1117 1429; baseline 0.006 -19"><span class='ocrx_word' id='word_1_31' title='bbox 53 1345 232 1424; x_wconf 82' lang='lat' dir='ltr'><strong>inerunt,</strong></span> <span class='ocrx_word' id='word_1_32' title='bbox 267 1360 350 1429; x_wconf 80' lang='lat' dir='ltr'><strong>&#39;qnae</strong></span> <span class='ocrx_word' id='word_1_33' title='bbox 379 1345 535 1410; x_wconf 87' lang='lat' dir='ltr'><strong>milites</strong></span> <span class='ocrx_word' id='word_1_34' title='bbox 567 1346 851 1429; x_wconf 85' lang='lat' dir='ltr'><strong>contingerent.</strong></span> <span class='ocrx_word' id='word_1_35' title='bbox 916 1347 1117 1416; x_wconf 88' lang='lat' dir='ltr'><strong>Scribondnm</strong></span> 
     </span>
     <span class='ocr_line' id='line_1_7' title="bbox 50 1451 1117 1537; baseline 0.006 -20"><span class='ocrx_word' id='word_1_36' title='bbox 50 1453 226 1537; x_wconf 79' lang='lat' dir='ltr'><strong>publicae</strong></span> <span class='ocrx_word' id='word_1_37' title='bbox 248 1452 427 1516; x_wconf 80' lang='lat' dir='ltr'><strong>luerunt</strong></span> <span class='ocrx_word' id='word_1_38' title='bbox 449 1454 493 1527; x_wconf 86' lang='lat' dir='ltr'><strong>(et</strong></span> <span class='ocrx_word' id='word_1_39' title='bbox 513 1469 700 1528; x_wconf 89' lang='lat' dir='ltr'><strong>communes,</strong></span> <span class='ocrx_word' id='word_1_40' title='bbox 732 1455 766 1516; x_wconf 92' lang='lat' dir='ltr'><strong>ut</strong></span> <span class='ocrx_word' id='word_1_41' title='bbox 783 1451 925 1535; x_wconf 72' lang='lat' dir='ltr'><strong>publicus</strong></span> <span class='ocrx_word' id='word_1_42' title='bbox 947 1455 1004 1520; x_wconf 88' lang='lat' dir='ltr'><strong>bac</strong></span> <span class='ocrx_word' id='word_1_43' title='bbox 1025 1459 1117 1522; x_wconf 81' lang='lat' dir='ltr'><strong>orbate</strong></span> 
     </span>
    </p>

    <p class='ocr_par' dir='ltr' id='par_1_4' title="bbox 4 1558 1178 1962">
     <span class='ocr_line' id='line_1_8' title="bbox 4 1558 1118 1646; baseline 0.004 -23"><span class='ocrx_word' id='word_1_44' title='bbox 4 1641 7 1646; x_wconf 21' lang='grc' dir='ltr'>Ι</span> <span class='ocrx_word' id='word_1_45' title='bbox 54 1558 195 1636; x_wconf 87' lang='lat' dir='ltr'><strong>dicitur),</strong></span> <span class='ocrx_word' id='word_1_46' title='bbox 232 1577 313 1640; x_wconf 83' lang='lat' dir='ltr'><strong>qnae</strong></span> <span class='ocrx_word' id='word_1_47' title='bbox 349 1558 508 1624; x_wconf 78' lang='lat' dir='ltr'><strong>milites</strong></span> <span class='ocrx_word' id='word_1_48' title='bbox 542 1580 612 1620; x_wconf 82' lang='lat' dir='ltr'><strong>noa</strong></span> <span class='ocrx_word' id='word_1_49' title='bbox 647 1568 862 1641; x_wconf 70' lang='lat' dir='ltr'><strong>tooyereoe.</strong></span> <span class='ocrx_word' id='word_1_50' title='bbox 928 1559 1048 1640; x_wconf 82' lang='lat' dir='ltr'><strong>Postea,</strong></span> <span class='ocrx_word' id='word_1_51' title='bbox 1073 1564 1118 1627; x_wconf 41' lang='lat' dir='ltr'><strong>xnt</strong></span> 
     </span>
     <span class='ocr_line' id='line_1_9' title="bbox 52 1663 1118 1748; baseline 0.003 -19"><span class='ocrx_word' id='word_1_52' title='bbox 52 1664 163 1729; x_wconf 87' lang='lat' dir='ltr'><strong>statim</strong></span> <span class='ocrx_word' id='word_1_53' title='bbox 193 1664 349 1736; x_wconf 76' lang='lat' dir='ltr'>narratur,</span> <span class='ocrx_word' id='word_1_54' title='bbox 382 1663 412 1728; x_wconf 90' lang='lat' dir='ltr'><strong>in</strong></span> <span class='ocrx_word' id='word_1_55' title='bbox 446 1664 553 1728; x_wconf 86' lang='lat' dir='ltr'><strong>senatu</strong></span> <span class='ocrx_word' id='word_1_56' title='bbox 586 1663 781 1738; x_wconf 82' lang='lat' dir='ltr'><strong>dictasunt,</strong></span> <span class='ocrx_word' id='word_1_57' title='bbox 814 1684 882 1748; x_wconf 82' lang='lat' dir='ltr'><strong>quse</strong></span> <span class='ocrx_word' id='word_1_58' title='bbox 907 1666 1022 1733; x_wconf 87' lang='lat' dir='ltr'><strong>milites</strong></span> <span class='ocrx_word' id='word_1_59' title='bbox 1049 1666 1118 1732; x_wconf 87' lang='lat' dir='ltr'><strong>irni-</strong></span> 
     </span>
     <span class='ocr_line' id='line_1_10' title="bbox 52 1769 1178 1855; baseline 0.003 -20"><span class='ocrx_word' id='word_1_60' title='bbox 52 1773 177 1847; x_wconf 84' lang='lat' dir='ltr'><strong>larent,</strong></span> <span class='ocrx_word' id='word_1_61' title='bbox 220 1788 289 1835; x_wconf 85' lang='lat' dir='ltr'><strong>curn</strong></span> <span class='ocrx_word' id='word_1_62' title='bbox 329 1772 527 1852; x_wconf 86' lang='lat' dir='ltr'><strong>imperatores</strong></span> <span class='ocrx_word' id='word_1_63' title='bbox 559 1790 578 1835; x_wconf 92' lang='lat' dir='ltr'><strong>a</strong></span> <span class='ocrx_word' id='word_1_64' title='bbox 612 1769 764 1836; x_wconf 79' lang='lat' dir='ltr'><strong>militibus</strong></span> <span class='ocrx_word' id='word_1_65' title='bbox 804 1769 876 1855; x_wconf 77' lang='lat' dir='ltr'><strong>eligi</strong></span> <span class='ocrx_word' id='word_1_66' title='bbox 914 1790 971 1837; x_wconf 91' lang='lat' dir='ltr'><strong>non</strong></span> <span class='ocrx_word' id='word_1_67' title='bbox 1006 1772 1117 1838; x_wconf 83' lang='lat' dir='ltr'><strong>debere</strong></span> <span class='ocrx_word' id='word_1_68' title='bbox 1175 1787 1178 1795; x_wconf 86' lang='lat'>·</span> 
     </span>
     <span class='ocr_line' id='line_1_11' title="bbox 48 1877 284 1962; baseline 0.004 -20"><span class='ocrx_word' id='word_1_69' title='bbox 48 1877 284 1962; x_wconf 80' lang='lat' dir='ltr'><strong>significaretur.</strong></span> 
     </span>
    </p>

    <p class='ocr_par' dir='ltr' id='par_1_5' title="bbox 47 1982 1200 2603">
     <span class='ocr_line' id='line_1_12' title="bbox 92 1982 1115 2065; baseline 0.002 -17"><span class='ocrx_word' id='word_1_70' title='bbox 92 2045 99 2057; x_wconf 86' lang='grc'>,</span> <span class='ocrx_word' id='word_1_71' title='bbox 155 1982 308 2048; x_wconf 81' lang='lat' dir='ltr'><strong>Valerius.</strong></span> <span class='ocrx_word' id='word_1_72' title='bbox 332 1999 357 2047; x_wconf 92' lang='lat' dir='ltr'><strong>o.</strong></span> <span class='ocrx_word' id='word_1_73' title='bbox 380 1982 399 2045; x_wconf 88' lang='grc'><strong>6</strong></span> <span class='ocrx_word' id='word_1_74' title='bbox 421 1982 479 2060; x_wconf 75' lang='lat'><strong>(2):</strong></span> <span class='ocrx_word' id='word_1_75' title='bbox 523 1982 576 2046; x_wconf 83' lang='lat' dir='ltr'><strong>Tu</strong></span> <span class='ocrx_word' id='word_1_76' title='bbox 599 1983 782 2047; x_wconf 91' lang='lat' dir='ltr'><strong>censibus</strong></span> <span class='ocrx_word' id='word_1_77' title='bbox 804 1983 959 2048; x_wconf 89' lang='lat' dir='ltr'><strong>modum</strong></span> <span class='ocrx_word' id='word_1_78' title='bbox 982 2002 1115 2065; x_wconf 87' lang='lat' dir='ltr'><strong>porres,</strong></span> 
     </span>
     <span class='ocr_line' id='line_1_13' title="bbox 50 2087 1117 2175; baseline 0.001 -20"><span class='ocrx_word' id='word_1_79' title='bbox 50 2094 96 2155; x_wconf 91' lang='lat' dir='ltr'><strong>tu</strong></span> <span class='ocrx_word' id='word_1_80' title='bbox 118 2089 339 2175; x_wconf 87' lang='lat' dir='ltr'><strong>vectigalia</strong></span> <span class='ocrx_word' id='word_1_81' title='bbox 360 2090 565 2166; x_wconf 81' lang='lat' dir='ltr'><strong>firmabis,</strong></span> <span class='ocrx_word' id='word_1_82' title='bbox 601 2087 760 2154; x_wconf 83' lang='lat' dir='ltr'><strong>divides</strong></span> <span class='ocrx_word' id='word_1_83' title='bbox 782 2091 893 2154; x_wconf 88' lang='lat' dir='ltr'><strong>statu</strong></span> <span class='ocrx_word' id='word_1_84' title='bbox 915 2091 1117 2174; x_wconf 88' lang='lat' dir='ltr'><strong>respubli-</strong></span> 
     </span>
     <span class='ocr_line' id='line_1_14' title="bbox 51 2196 1200 2278; baseline 0 -16"><span class='ocrx_word' id='word_1_85' title='bbox 51 2216 122 2262; x_wconf 82' lang='lat' dir='ltr'><strong>cas</strong></span> <span class='ocrx_word' id='word_1_86' title='bbox 144 2198 384 2262; x_wconf 85' lang='lat' dir='ltr'><strong>recensebis.</strong></span> <span class='ocrx_word' id='word_1_87' title='bbox 419 2236 421 2242; x_wconf 90' lang='lat'><em>-</em></span> <span class='ocrx_word' id='word_1_88' title='bbox 448 2196 638 2262; x_wconf 80' lang='lat' dir='ltr'><strong>Vocabulum</strong></span> <span class='ocrx_word' id='word_1_89' title='bbox 662 2197 770 2260; x_wconf 87' lang='lat' dir='ltr'><strong>statu</strong></span> <span class='ocrx_word' id='word_1_90' title='bbox 791 2214 827 2259; x_wconf 88' lang='lat' dir='ltr'><strong>ex</strong></span> <span class='ocrx_word' id='word_1_91' title='bbox 845 2196 1000 2278; x_wconf 82' lang='lat' dir='ltr'><strong>superiore</strong></span> <span class='ocrx_word' id='word_1_92' title='bbox 1026 2216 1115 2263; x_wconf 87' lang='lat' dir='ltr'><strong>versu</strong></span> <span class='ocrx_word' id='word_1_93' title='bbox 1194 2260 1200 2272; x_wconf 65' lang='lat'><strong>,</strong></span> 
     </span>
     <span class='ocr_line' id='line_1_15' title="bbox 51 2300 1116 2386; baseline 0 -16"><span class='ocrx_word' id='word_1_94' title='bbox 51 2307 224 2381; x_wconf 84' lang='lat' dir='ltr'><strong>(statum)</strong></span> <span class='ocrx_word' id='word_1_95' title='bbox 238 2303 402 2386; x_wconf 88' lang='lat' dir='ltr'><strong>repetitum</strong></span> <span class='ocrx_word' id='word_1_96' title='bbox 413 2302 550 2378; x_wconf 68' lang='lat' dir='ltr'><strong>videtum</strong></span> <span class='ocrx_word' id='word_1_97' title='bbox 566 2320 625 2385; x_wconf 90' lang='lat' dir='ltr'><strong>quo</strong></span> <span class='ocrx_word' id='word_1_98' title='bbox 641 2300 761 2367; x_wconf 89' lang='lat' dir='ltr'><strong>subluto</strong></span> <span class='ocrx_word' id='word_1_99' title='bbox 777 2302 970 2367; x_wconf 88' lang='lat' dir='ltr'><strong>scribendum</strong></span> <span class='ocrx_word' id='word_1_100' title='bbox 987 2304 1116 2370; x_wconf 79' lang='lat' dir='ltr'><strong>fortusse</strong></span> 
     </span>
     <span class='ocr_line' id='line_1_16' title="bbox 52 2407 1116 2493; baseline -0.005 -16"><span class='ocrx_word' id='word_1_101' title='bbox 52 2413 119 2477; x_wconf 88' lang='lat' dir='ltr'><strong>est:</strong></span> <span class='ocrx_word' id='word_1_102' title='bbox 153 2413 195 2475; x_wconf 92' lang='lat' dir='ltr'><strong>tn</strong></span> <span class='ocrx_word' id='word_1_103' title='bbox 217 2408 440 2493; x_wconf 81' lang='lat' dir='ltr'><strong>vectigalia</strong></span> <span class='ocrx_word' id='word_1_104' title='bbox 462 2409 657 2484; x_wconf 80' lang='lat' dir='ltr'><strong>firmabis,</strong></span> <span class='ocrx_word' id='word_1_105' title='bbox 689 2408 822 2470; x_wconf 78' lang='lat' dir='ltr'><strong>debita</strong></span> <span class='ocrx_word' id='word_1_106' title='bbox 850 2407 1006 2487; x_wconf 82' lang='lat' dir='ltr'><strong>(desita)</strong></span> <span class='ocrx_word' id='word_1_107' title='bbox 1035 2413 1116 2473; x_wconf 78' lang='lat' dir='ltr'><strong>rei-</strong></span> 
     </span>
     <span class='ocr_line' id='line_1_17' title="bbox 47 2509 1031 2603; baseline 0.003 -25"><span class='ocrx_word' id='word_1_108' title='bbox 47 2516 227 2603; x_wconf 73' lang='lat' dir='ltr'><strong>publice</strong></span> <span class='ocrx_word' id='word_1_109' title='bbox 250 2516 483 2581; x_wconf 79' lang='lat' dir='ltr'><strong>recensebis.</strong></span> <span class='ocrx_word' id='word_1_110' title='bbox 529 2514 632 2597; x_wconf 87' lang='lat' dir='ltr'><strong>(Resp.</strong></span> <span class='ocrx_word' id='word_1_111' title='bbox 656 2533 715 2579; x_wconf 92' lang='lat' dir='ltr'><strong>non</strong></span> <span class='ocrx_word' id='word_1_112' title='bbox 737 2514 925 2579; x_wconf 85' lang='lat' dir='ltr'><strong>recensenda</strong></span> <span class='ocrx_word' id='word_1_113' title='bbox 942 2509 1031 2591; x_wconf 80' lang='lat' dir='ltr'><strong>crat)</strong></span> 
     </span>
    </p>

    <p class='ocr_par' dir='ltr' id='par_1_6' title="bbox 52 2620 1117 2916">
     <span class='ocr_line' id='line_1_18' title="bbox 156 2620 1117 2705; baseline 0.001 -17"><span class='ocrx_word' id='word_1_114' title='bbox 156 2620 288 2688; x_wconf 83' lang='lat' dir='ltr'><strong>Gallien.</strong></span> <span class='ocrx_word' id='word_1_115' title='bbox 314 2620 369 2684; x_wconf 80' lang='lat'><strong>12:</strong></span> <span class='ocrx_word' id='word_1_116' title='bbox 393 2621 482 2687; x_wconf 79' lang='lat' dir='ltr'><strong>Fuit</strong></span> <span class='ocrx_word' id='word_1_117' title='bbox 502 2625 692 2703; x_wconf 78' lang='lat' dir='ltr'><strong>preterea</strong></span> <span class='ocrx_word' id='word_1_118' title='bbox 713 2620 813 2685; x_wconf 86' lang='lat' dir='ltr'><strong>idern</strong></span> <span class='ocrx_word' id='word_1_119' title='bbox 835 2621 1117 2705; x_wconf 81' lang='lat' dir='ltr'><strong>ingeniosissi-</strong></span> 
     </span>
     <span class='ocr_line' id='line_1_19' title="bbox 52 2726 1116 2812; baseline 0.003 -20"><span class='ocrx_word' id='word_1_120' title='bbox 52 2747 153 2809; x_wconf 82' lang='lat' dir='ltr'><strong>mus,</strong></span> <span class='ocrx_word' id='word_1_121' title='bbox 175 2726 283 2793; x_wconf 86' lang='lat' dir='ltr'><strong>cuiue</strong></span> <span class='ocrx_word' id='word_1_122' title='bbox 305 2728 559 2794; x_wconf 84' lang='lat' dir='ltr'><strong>ostendentia</strong></span> <span class='ocrx_word' id='word_1_123' title='bbox 581 2746 661 2791; x_wconf 90' lang='lat' dir='ltr'><strong>cnm</strong></span> <span class='ocrx_word' id='word_1_124' title='bbox 682 2728 718 2791; x_wconf 90' lang='lat' dir='ltr'><strong>in</strong></span> <span class='ocrx_word' id='word_1_125' title='bbox 741 2727 799 2792; x_wconf 90' lang='lat' dir='ltr'><strong>bis</strong></span> <span class='ocrx_word' id='word_1_126' title='bbox 821 2726 979 2792; x_wconf 90' lang='lat' dir='ltr'><strong>scilicet</strong></span> <span class='ocrx_word' id='word_1_127' title='bbox 999 2748 1116 2812; x_wconf 87' lang='lat' dir='ltr'><strong>pauca</strong></span> 
     </span>
     <span class='ocr_line' id='line_1_20' title="bbox 53 2829 1116 2916; baseline 0.002 -16"><span class='ocrx_word' id='word_1_128' title='bbox 53 2835 158 2900; x_wconf 91' lang='lat' dir='ltr'><strong>libet</strong></span> <span class='ocrx_word' id='word_1_129' title='bbox 178 2829 332 2916; x_wconf 83' lang='lat' dir='ltr'><strong>ponere.</strong></span> <span class='ocrx_word' id='word_1_130' title='bbox 376 2835 516 2899; x_wconf 88' lang='lat' dir='ltr'><strong>Dubitari</strong></span> <span class='ocrx_word' id='word_1_131' title='bbox 538 2834 659 2899; x_wconf 90' lang='lat' dir='ltr'><strong>omnino</strong></span> <span class='ocrx_word' id='word_1_132' title='bbox 682 2832 797 2916; x_wconf 84' lang='lat' dir='ltr'><strong>nequit,</strong></span> <span class='ocrx_word' id='word_1_133' title='bbox 819 2833 892 2915; x_wconf 81' lang='lat' dir='ltr'><strong>quin</strong></span> <span class='ocrx_word' id='word_1_134' title='bbox 907 2832 1019 2899; x_wconf 90' lang='lat' dir='ltr'><strong>litteris</strong></span> <span class='ocrx_word' id='word_1_135' title='bbox 1033 2839 1116 2902; x_wconf 90' lang='lat' dir='ltr'><strong>recte</strong></span> 
     </span>
    </p>

    <p class='ocr_par' dir='ltr' id='par_1_7' title="bbox 26 2938 1117 3023">
     <span class='ocr_line' id='line_1_21' title="bbox 26 2938 1117 3023; baseline 0.005 -21"><span class='ocrx_word' id='word_1_136' title='bbox 26 2941 227 3008; x_wconf 69' lang='lat' dir='ltr'><strong>⁸coniunctis</strong></span> <span class='ocrx_word' id='word_1_137' title='bbox 258 2943 289 3005; x_wconf 93' lang='lat' dir='ltr'><strong>et</strong></span> <span class='ocrx_word' id='word_1_138' title='bbox 321 2943 469 3022; x_wconf 83' lang='lat' dir='ltr'><strong>separetis</strong></span> <span class='ocrx_word' id='word_1_139' title='bbox 502 2941 682 3023; x_wconf 87' lang='lat' dir='ltr'><strong>sublatoque</strong></span> <span class='ocrx_word' id='word_1_140' title='bbox 710 2938 866 3004; x_wconf 84' lang='lat' dir='ltr'><strong>levissimo</strong></span> <span class='ocrx_word' id='word_1_141' title='bbox 895 2957 993 3004; x_wconf 90' lang='lat' dir='ltr'><strong>errore</strong></span> <span class='ocrx_word' id='word_1_142' title='bbox 1026 2943 1117 3008; x_wconf 90' lang='lat' dir='ltr'><strong>scribi</strong></span> 
     </span>
    </p>

    <p class='ocr_par' dir='ltr' id='par_1_8' title="bbox 1 3044 1117 3452">
     <span class='ocr_line' id='line_1_22' title="bbox 1 3044 1116 3134; baseline 0.002 -21"><span class='ocrx_word' id='word_1_143' title='bbox 1 3123 2 3134; x_wconf 9' lang='grc' dir='ltr'>χ</span> <span class='ocrx_word' id='word_1_144' title='bbox 54 3050 183 3115; x_wconf 84' lang='lat' dir='ltr'><strong>debeat:</strong></span> <span class='ocrx_word' id='word_1_145' title='bbox 207 3049 317 3114; x_wconf 88' lang='lat' dir='ltr'><strong>cuius</strong></span> <span class='ocrx_word' id='word_1_146' title='bbox 339 3046 571 3113; x_wconf 78' lang='lat' dir='ltr'><strong>ostendendi</strong></span> <span class='ocrx_word' id='word_1_147' title='bbox 590 3045 793 3109; x_wconf 79' lang='lat' dir='ltr'><strong>acuminis.</strong></span> <span class='ocrx_word' id='word_1_148' title='bbox 842 3044 890 3110; x_wconf 86' lang='lat' dir='ltr'><strong>nd</strong></span> <span class='ocrx_word' id='word_1_149' title='bbox 914 3046 978 3112; x_wconf 87' lang='lat' dir='ltr'><strong>inec</strong></span> <span class='ocrx_word' id='word_1_150' title='bbox 1000 3048 1116 3132; x_wconf 84' lang='lat' dir='ltr'><strong>relique</strong></span> 
     </span>
     <span class='ocr_line' id='line_1_23' title="bbox 54 3141 1116 3223; baseline 0.001 -2"><span class='ocrx_word' id='word_1_151' title='bbox 54 3155 148 3222; x_wconf 80' lang='lat' dir='ltr'><strong>facile</strong></span> <span class='ocrx_word' id='word_1_152' title='bbox 180 3155 465 3220; x_wconf 85' lang='lat' dir='ltr'><strong>accommodantur:</strong></span> <span class='ocrx_word' id='word_1_153' title='bbox 510 3152 623 3218; x_wconf 88' lang='lat' dir='ltr'><strong>cuins</strong></span> <span class='ocrx_word' id='word_1_154' title='bbox 656 3141 890 3217; x_wconf 89' lang='lat' dir='ltr'><strong>ostendendi</strong></span> <span class='ocrx_word' id='word_1_155' title='bbox 923 3156 1116 3223; x_wconf 88' lang='lat' dir='ltr'><strong>acuminis</strong></span> 
     </span>
     <span class='ocr_line' id='line_1_24' title="bbox 53 3259 1117 3342; baseline 0.001 -14"><span class='ocrx_word' id='word_1_156' title='bbox 53 3262 217 3330; x_wconf 85' lang='lat' dir='ltr'><strong>scilicet</strong></span> <span class='ocrx_word' id='word_1_157' title='bbox 239 3281 357 3323; x_wconf 82' lang='lat' dir='ltr'><strong>caasa</strong></span> <span class='ocrx_word' id='word_1_158' title='bbox 379 3277 496 3342; x_wconf 83' lang='lat' dir='ltr'><strong>panca</strong></span> <span class='ocrx_word' id='word_1_159' title='bbox 516 3278 659 3341; x_wconf 85' lang='lat' dir='ltr'><strong>ponere</strong></span> <span class='ocrx_word' id='word_1_160' title='bbox 681 3259 791 3323; x_wconf 85' lang='lat' dir='ltr'><strong>libet.</strong></span> <span class='ocrx_word' id='word_1_161' title='bbox 855 3259 975 3326; x_wconf 76' lang='lat' dir='ltr'><strong>Excidit</strong></span> <span class='ocrx_word' id='word_1_162' title='bbox 997 3280 1117 3329; x_wconf 87' lang='lat' dir='ltr'><strong>causa</strong></span> 
     </span>
     <span class='ocr_line' id='line_1_25' title="bbox 54 3368 317 3452; baseline -0.019 -16"><span class='ocrx_word' id='word_1_163' title='bbox 54 3378 128 3437; x_wconf 87' lang='lat' dir='ltr'><strong>ante</strong></span> <span class='ocrx_word' id='word_1_164' title='bbox 151 3368 317 3452; x_wconf 74' lang='lat' dir='ltr'><strong>paucs1).</strong></span> 
     </span>
    </p>

    <p class='ocr_par' dir='ltr' id='par_1_9' title="bbox 158 3470 1116 3557">
     <span class='ocr_line' id='line_1_26' title="bbox 158 3470 1116 3557; baseline 0.001 -19"><span class='ocrx_word' id='word_1_165' title='bbox 158 3474 223 3539; x_wconf 91' lang='lat' dir='ltr'><strong>lbd.</strong></span> <span class='ocrx_word' id='word_1_166' title='bbox 240 3470 557 3557; x_wconf 69' lang='lat' dir='ltr'><strong>13:1psaezmooia)</strong></span> <span class='ocrx_word' id='word_1_167' title='bbox 573 3472 747 3555; x_wconf 88' lang='lat' dir='ltr'><strong>suscepit</strong></span> <span class='ocrx_word' id='word_1_168' title='bbox 761 3471 962 3555; x_wconf 88' lang='lat' dir='ltr'><strong>imperinm</strong></span> <span class='ocrx_word' id='word_1_169' title='bbox 979 3473 1116 3557; x_wconf 90' lang='lat' dir='ltr'><strong>dinque</strong></span> 
     </span>
    </p>

    <p class='ocr_par' dir='ltr' id='par_1_10' title="bbox 19 3564 1318 4091">
     <span class='ocr_line' id='line_1_27' title="bbox 19 3564 1205 3662; baseline -0.004 -12"><span class='ocrx_word' id='word_1_170' title='bbox 19 3564 23 3591; x_wconf 58' lang='lat'><strong>&#39;³</strong></span> <span class='ocrx_word' id='word_1_171' title='bbox 53 3577 261 3650; x_wconf 74' lang='lat' dir='ltr'><strong>rerit&#39;non</strong></span> <span class='ocrx_word' id='word_1_172' title='bbox 292 3578 537 3644; x_wconf 91' lang='lat' dir='ltr'><strong>muliebriter</strong></span> <span class='ocrx_word' id='word_1_173' title='bbox 564 3596 685 3662; x_wconf 88' lang='lat' dir='ltr'><strong>nequo</strong></span> <span class='ocrx_word' id='word_1_174' title='bbox 712 3596 813 3643; x_wconf 89' lang='lat' dir='ltr'><strong>more</strong></span> <span class='ocrx_word' id='word_1_175' title='bbox 840 3579 1021 3657; x_wconf 80' lang='lat' dir='ltr'><strong>femineo,</strong></span> <span class='ocrx_word' id='word_1_176' title='bbox 1054 3582 1115 3645; x_wconf 90' lang='lat' dir='ltr'><strong>sed</strong></span> <span class='ocrx_word' id='word_1_177' title='bbox 1202 3588 1205 3594; x_wconf 88' lang='grc'><strong>’</strong></span> 
     </span>
     <span class='ocr_line' id='line_1_28' title="bbox 54 3683 1117 3769; baseline -0.001 -15"><span class='ocrx_word' id='word_1_178' title='bbox 54 3683 1117 3769; x_wconf 83' lang='lat' dir='ltr'><strong>nonsolnmGallienoquoqnevirgomelinsimperare</strong></span> 
     </span>
     <span class='ocr_line' id='line_1_29' title="bbox 52 3775 1118 3882; baseline 0.002 -24"><span class='ocrx_word' id='word_1_179' title='bbox 52 3793 269 3882; x_wconf 86' lang='lat' dir='ltr'><strong>potuisset,</strong></span> <span class='ocrx_word' id='word_1_180' title='bbox 306 3810 441 3856; x_wconf 88' lang='lat' dir='ltr'><strong>verum</strong></span> <span class='ocrx_word' id='word_1_181' title='bbox 478 3791 598 3856; x_wconf 85' lang='lat' dir='ltr'><strong>stiam</strong></span> <span class='ocrx_word' id='word_1_182' title='bbox 634 3775 774 3856; x_wconf 85' lang='lat' dir='ltr'><strong>multis</strong></span> <span class='ocrx_word' id='word_1_183' title='bbox 809 3791 1118 3875; x_wconf 83' lang='lat' dir='ltr'><strong>imperatoribus</strong></span> 
     </span>
     <span class='ocr_line' id='line_1_30' title="bbox 25 3895 1276 3999; baseline -0.002 -32"><span class='ocrx_word' id='word_1_184' title='bbox 25 3900 210 3968; x_wconf 79' lang='lat' dir='ltr'><strong>&#39;fortius</strong></span> <span class='ocrx_word' id='word_1_185' title='bbox 242 3901 362 3982; x_wconf 84' lang='lat' dir='ltr'><strong>etque</strong></span> <span class='ocrx_word' id='word_1_186' title='bbox 394 3897 618 3963; x_wconf 88' lang='lat' dir='ltr'><strong>sollertius.</strong></span> <span class='ocrx_word' id='word_1_187' title='bbox 683 3895 822 3962; x_wconf 88' lang='lat' dir='ltr'><strong>Primum</strong></span> <span class='ocrx_word' id='word_1_188' title='bbox 854 3916 976 3980; x_wconf 87' lang='lat' dir='ltr'><strong>prorsus</strong></span> <span class='ocrx_word' id='word_1_189' title='bbox 1009 3899 1118 3966; x_wconf 84' lang='lat' dir='ltr'><strong>vitiose</strong></span> <span class='ocrx_word' id='word_1_190' title='bbox 1224 3972 1228 3983; x_wconf 44' lang='lat'><strong>,</strong></span> <span class='ocrx_word' id='word_1_191' title='bbox 1266 3975 1276 3999; x_wconf 83' lang='lat'>.</span> 
     </span>
     <span class='ocr_line' id='line_1_31' title="bbox 55 4003 1318 4091; baseline -0.002 -21"><span class='ocrx_word' id='word_1_192' title='bbox 55 4023 213 4091; x_wconf 89' lang='lat' dir='ltr'><strong>quoqne</strong></span> <span class='ocrx_word' id='word_1_193' title='bbox 245 4005 385 4088; x_wconf 88' lang='lat' dir='ltr'><strong>ponitur,</strong></span> <span class='ocrx_word' id='word_1_194' title='bbox 417 4004 527 4068; x_wconf 88' lang='lat' dir='ltr'><strong>deinde</strong></span> <span class='ocrx_word' id='word_1_195' title='bbox 561 4003 684 4069; x_wconf 90' lang='lat' dir='ltr'><strong>omnino</strong></span> <span class='ocrx_word' id='word_1_196' title='bbox 716 4021 776 4068; x_wconf 92' lang='lat' dir='ltr'><strong>non</strong></span> <span class='ocrx_word' id='word_1_197' title='bbox 808 4003 937 4083; x_wconf 92' lang='lat' dir='ltr'><strong>dicitnr,</strong></span> <span class='ocrx_word' id='word_1_198' title='bbox 969 4004 1118 4090; x_wconf 85' lang='lat' dir='ltr'><strong>quomodo</strong></span> <span class='ocrx_word' id='word_1_199' title='bbox 1228 4007 1237 4031; x_wconf 70' lang='lat'>³</span> <span class='ocrx_word' id='word_1_200' title='bbox 1314 4058 1318 4068; x_wconf 92' lang='lat'>.</span> 
     </span>
    </p>
   </div>
   <div class='ocr_carea' id='block_1_3' title="bbox 50 4229 254 4240">
    <p class='ocr_par' dir='ltr' id='par_1_11' title="bbox 50 4229 254 4240">
     <span class='ocr_line' id='line_1_32' title="bbox 50 4229 254 4240; baseline -0.025 0"><span class='ocrx_word' id='word_1_201' title='bbox 50 4229 254 4240; x_wconf 52' lang='grc' dir='ltr'><strong>ς--ι-ου-,Μ</strong></span> 
     </span>
    </p>
   </div>
   <div class='ocr_carea' id='block_1_4' title="bbox 83 4342 1192 4617">
    <p class='ocr_par' dir='ltr' id='par_1_12' title="bbox 83 4342 1192 4617">
     <span class='ocr_line' id='line_1_33' title="bbox 83 4342 1192 4449; baseline -0.001 -14"><span class='ocrx_word' id='word_1_202' title='bbox 83 4383 104 4446; x_wconf 79' lang='lat'><strong>¹)</strong></span> <span class='ocrx_word' id='word_1_203' title='bbox 127 4380 228 4449; x_wconf 82' lang='lat' dir='ltr'><strong>Cap.3</strong></span> <span class='ocrx_word' id='word_1_204' title='bbox 256 4383 355 4434; x_wconf 87' lang='lat' dir='ltr'><strong>rectum</strong></span> <span class='ocrx_word' id='word_1_205' title='bbox 384 4385 425 4434; x_wconf 89' lang='lat' dir='ltr'><strong>est</strong></span> <span class='ocrx_word' id='word_1_206' title='bbox 452 4379 567 4449; x_wconf 86' lang='lat' dir='ltr'><strong>specie</strong></span> <span class='ocrx_word' id='word_1_207' title='bbox 595 4376 737 4434; x_wconf 87' lang='lat' dir='ltr'><strong>decoris.</strong></span> <span class='ocrx_word' id='word_1_208' title='bbox 786 4377 871 4431; x_wconf 89' lang='lat' dir='ltr'><strong>Decus</strong></span> <span class='ocrx_word' id='word_1_209' title='bbox 899 4342 1006 4434; x_wconf 73' lang='lat' dir='ltr'><strong>volebat</strong></span> <span class='ocrx_word' id='word_1_210' title='bbox 1033 4379 1118 4436; x_wconf 81' lang='lat' dir='ltr'><strong>rideri</strong></span> <span class='ocrx_word' id='word_1_211' title='bbox 1170 4358 1192 4399; x_wconf 72' lang='lat'>⁸</span> 
     </span>
     <span class='ocr_line' id='line_1_34' title="bbox 126 4469 1000 4542; baseline 0.001 -16"><span class='ocrx_word' id='word_1_212' title='bbox 126 4471 272 4536; x_wconf 85' lang='lat' dir='ltr'><strong>Gallienus,</strong></span> <span class='ocrx_word' id='word_1_213' title='bbox 292 4472 364 4542; x_wconf 91' lang='lat' dir='ltr'><strong>qnod</strong></span> <span class='ocrx_word' id='word_1_214' title='bbox 383 4474 458 4540; x_wconf 85' lang='lat' dir='ltr'><strong>pater</strong></span> <span class='ocrx_word' id='word_1_215' title='bbox 477 4473 621 4526; x_wconf 77' lang='lat' dir='ltr'><strong>virtutis</strong></span> <span class='ocrx_word' id='word_1_216' title='bbox 640 4469 760 4526; x_wconf 90' lang='lat' dir='ltr'><strong>studio</strong></span> <span class='ocrx_word' id='word_1_217' title='bbox 779 4469 911 4539; x_wconf 63' lang='lat' dir='ltr'><strong>deceptus</strong></span> <span class='ocrx_word' id='word_1_218' title='bbox 923 4477 1000 4529; x_wconf 86' lang='lat' dir='ltr'><strong>esset.</strong></span> 
     </span>
     <span class='ocr_line' id='line_1_35' title="bbox 869 4565 919 4617; baseline 0.02 -1"><span class='ocrx_word' id='word_1_219' title='bbox 869 4565 919 4617; x_wconf 77' lang='lat'><strong>41*</strong></span> 
     </span>
    </p>
   </div>
   <div class='ocr_carea' id='block_1_5' title="bbox 0 0 1328 5084">
    <p class='ocr_par' dir='ltr' id='par_1_13' title="bbox 0 0 1328 5084">
     <span class='ocr_line' id='line_1_36' title="bbox 0 0 1328 5084; baseline 0 0"><span class='ocrx_word' id='word_1_220' title='bbox 0 0 1328 5084; x_wconf 95' lang='lat' dir='ltr'><strong> </strong></span> 
     </span>
    </p>
   </div>
  </div>
 </body>
</html>
