2648 5084
249 290 310 350 644
619 283 866 354 uit.1x.crp.11.

207 491 339 555 Zenobia
354 506 424 553 vere
439 486 601 566 imperium
616 486 757 568 gesserit.
781 484 834 547 sed
852 485 1063 567 ineptissime,
1089 488 1162 570 quid
1181 487 1257 551 frere

209 598 374 679 potuissem
408 610 548 675 perverse
570 591 664 655 etiem
686 592 752 672 ipsu
774 590 902 671 virginis
926 592 1056 656 nomine
1081 594 1259 677 significetur.

209 703 341 768 Odenati
363 701 452 765 vidua
476 704 507 762 et
529 718 563 761 ex
587 716 622 761 eo
644 698 755 778 saepius
778 700 887 759 meter.
933 697 1106 775 (Prasiore
1128 699 1188 763 nne
1207 699 1260 765 font

209 809 379 875 Salmasius
403 806 525 886 verique
548 803 659 867 indicio
682 802 825 871 sustulit.
852 802 1039 867 fortibus
1063 811 1186 888 atque
1206 806 1262 868 sol·

209 916 385 981 lertibus
407 912 566 981 scribens-l
590 910 710 973 Accidit
732 910 789 973 bie.
812 908 892 992 quod
915 908 946 973 in
970 909 1131 976 Alexand.
1154 909 1262 976 sets
1292 972 1293 976 ,

210 1021 358 1086 eccidisse
380 1017 521 1081 vidimus.
545 1023 579 1080 ut
601 1017 692 1080 uerba
714 1015 854 1098 quedem
878 1015 1017 1097 primum
1043 1036 1149 1082 errore
1170 1019 1263 1082 omisso

210 1131 281 1208 post
301 1126 400 1190 eliens
422 1122 488 1186 loco
511 1124 785 1204 interponerentur.
837 1121 918 1186 Num
951 1141 1024 1204 quae
1059 1123 1100 1188 ed
1136 1124 1209 1188 banc
1237 1121 1264 1184 de

211 1230 344 1296 Zenobio
376 1229 559 1293 sententium
583 1228 801 1292 absolvendum
826 1228 999 1309 pertinent,
1036 1233 1185 1312 quattuor
1212 1236 1263 1311 post

210 1337 345 1401 versibus
379 1335 522 1418 leguntur
553 1335 660 1399 contro
695 1334 853 1415 scriptoris
889 1338 1028 1398 mentem
1064 1336 1106 1400 de
1144 1337 1265 1402 Galim

210 1443 308 1507 diets:
336 1441 520 1506 sollertis
543 1439 741 1522 principis
763 1457 837 1502 rem
859 1440 1047 1521 gerebat,
1069 1460 1168 1525 preve
1189 1444 1265 1506 etiem

210 1552 346 1614 oratione
361 1566 415 1630 pro
437 1547 647 1612 sollerter.
692 1545 734 1609 Iis
750 1546 893 1609 retreotis
908 1545 980 1623 (nisi
996 1548 1079 1629 quod
1105 1548 1265 1635 sollertis

209 1673 246 1719 er
267 1654 479 1731 sollertius
501 1657 601 1717 ortum
624 1653 695 1731 est),
719 1651 855 1721 adhibite
871 1652 932 1717 leni
947 1652 1057 1718 mendi
1080 1655 1114 1718 in
1138 1670 1265 1738 quoque

113 1823 126 1843 ,„
212 1759 365 1824 manifesti
391 1759 587 1831 correctione,
621 1744 758 1822 uescitur·
779 1758 895 1839 optimu
919 1761 950 1821 et
971 1760 1060 1823 certe
1083 1760 1146 1826 looi
1169 1762 1265 1825 formu:
1301 1783 1302 1786 ¹

210 1864 279 1930 sed
302 1884 375 1928 uon
395 1864 524 1928 solum
547 1862 743 1933 Gallieno,
767 1863 965 1947 [peronne]
990 1887 1156 1951 qumque
1178 1870 1266 1949 virgo

213 1971 356 2035 melius
380 1971 576 2051 impetere
602 1970 817 2048 potuisset.
841 1972 1120 2038 verumetiam
1145 1973 1268 2038 multis

211 2076 520 2159 imperatoribus
543 2073 685 2139 fortius
706 2079 820 2156 utque
844 2075 1049 2142 sollertius
1067 2081 1268 2162 principis

211 2205 287 2245 reor
309 2183 481 2266 perabat.
540 2179 743 2245 Gallienus
766 2199 868 2254 sane,
913 2181 973 2246 ubi
996 2183 1034 2245 ei
1058 2186 1267 2251 nuntiatum

213 2295 315 2366 (est?)
359 2289 577 2354 Odenatum
600 2286 888 2370 interemptum,
910 2287 1056 2353 bellum
1082 2291 1213 2356 Persis
1233 2288 1267 2353 nd

212 2415 333 2463 serum
357 2396 477 2460 nimis
500 2393 714 2458 vindictam
744 2391 865 2476 putris
890 2394 1055 2478 pererit
1083 2397 1268 2461 collectis

211 2504 315 2587 (vulgo
337 2502 623 2581 collectisque,
657 2500 765 2569 ,addito
788 2520 855 2582 que
888 2503 958 2583 post
989 2502 1266 2584 benepositioneml

211 2607 604 2692 perHeruolienum
628 2605 764 2669 ducem
798 2606 1015 2679 militibus.
1055 2610 1124 2690 qui
1157 2614 1268 2673 temen

212 2716 476 2781 Heraclianus
510 2717 567 2778 oet.
632 2711 718 2795 (Cep.
743 2713 780 2773 ll
803 2712 953 2776 contremo
975 2731 1080 2778 errore
1103 2714 1166 2779 duo
1189 2716 1268 2780 verbo
1297 2793 1301 2806 .

210 2841 279 2886 cum
308 2820 426 2902 syllebe
459 2820 542 2884 tertii
577 2820 665 2903 [nec
698 2818 829 2883 defuit
861 2817 934 2900 An]
970 2836 1005 2881 er
1034 2819 1185 2887 inferiore
1213 2823 1267 2886 looo

209 2931 360 3009 praeoepta
383 2928 463 2994 sunt.
486 2943 576 3007 quem
601 2944 732 2988 emonem
758 2926 924 2989 Salmasius
947 2925 1106 3007 correxit.)

310 3033 449 3114 ungium
471 3035 530 3116 tyr.
563 3031 597 3096 l:
642 3050 660 3094 e
688 3034 798 3113 petre
826 3031 1050 3112 appellatus
1079 3031 1211 3098 Caeser
1235 3050 1267 3095 eo

210 3138 390 3221 deinceps
412 3139 449 3203 iu
472 3138 555 3202 eius
577 3137 718 3202 bonore
741 3140 946 3220 Augustus.
991 3138 1200 3205 Scribeudum
1212 3157 1266 3203 esse

208 3245 248 3308 in
271 3244 354 3309 eius
378 3242 562 3306 bonorem
584 3246 662 3320 (eius
676 3245 842 3310 honorandi
855 3261 958 3328 ceusu,
979 3246 1014 3306 ut
1035 3241 1122 3309 Gelli
1146 3246 1268 3329 loqum·

209 3353 277 3415 tur:
322 3367 359 3414 en
393 3351 484 3434 egerd
518 3350 556 3414 de
588 3349 645 3430 luit
691 3351 766 3414 setis
794 3336 919 3414 'oonstot
953 3367 990 3412 er
1021 3349 1078 3426 iis,
1112 3371 1182 3435 quse
1217 3351 1267 3415 diri

82 3530 90 3545 θ
207 3475 312 3541 opust.
330 3457 387 3540 lp.
406 3456 464 3519 168
487 3457 570 3522 med.
591 3455 674 3532 (add.
688 3456 755 3520 Vol.
773 3454 853 3520 Mn.
872 3456 922 3528 lv,
945 3456 974 3530 8,
998 3456 1028 3528 2,
1051 3456 1091 3531 V,
1114 3459 1144 3534 2,
1171 3460 1198 3531 1,
1224 3457 1268 3527 l'l,

34 3533 82 3568 “
165 3609 169 3616 .
207 3563 327 3640 sue,
362 3562 943 3654 senoe.ep.es‚ee‚ane015o.3‚
978 3564 1005 3630 1.
1039 3562 1077 3627 re
1100 3565 1201 3632 bonet.
1222 3564 1268 3632 m.

209 3668 250 3732 30
271 3670 350 3745 init..
381 3669 417 3742 V,
442 3669 489 3733 19.
522 3668 553 3747 8,
590 3669 667 3733 Plin.
694 3670 768 3733 min.
792 3689 839 3753 ep.
866 3670 935 3743 Vll,
968 3670 1034 3742 ⁴24).
1101 3671 1190 3751 Quod
1211 3669 1266 3737 ibd.

75 3762 78 3767 ’
208 3794 236 3856 p.
262 3776 320 3837 169
354 3776 439 3857 posui
472 3776 569 3840 tribus
596 3777 743 3858 exemplis
773 3776 928 3841 firmatum
962 3778 1000 3840 in
1035 3776 1166 3843 odium
1201 3778 1268 3841 sli-

119 3916 143 3957 0
208 3880 331 3956 euiust
355 3884 419 3946 eius
442 3884 500 3946 tria
522 3883 584 3949 ulia
606 3882 717 3947 eddam
736 3902 770 3946 er
790 3883 838 3945 bis
860 3873 1068 3964 scriptoribus,
1091 3884 1124 3947 in
1150 3884 1267 3947 Maxim.

208 3983 297 4049 duob.
325 3985 361 4046 13
384 3991 414 4049 et
443 3989 490 4066 14,
524 3990 596 4072 trig.
620 3995 677 4071 tyr.
706 3989 754 4050 22.
809 3987 892 4052 Infra
914 3988 967 4052 hoo
990 3988 1055 4071 ipso
1077 3987 1157 4054 libro
1192 3988 1267 4071 (trig.
