2656 5056
438 694 582 750 ¹Ciceronis
601 696 746 751 orationes.
1027 695 1085 758 137

27 891 287 956 {maioribus
324 893 482 958 nostris
517 893 614 969 fuit,
653 877 839 971 otscum
876 895 913 957 in
950 892 1128 974 privatis

59 997 179 1061 rebus
196 998 523 1064 ...tenuissimo
546 999 660 1064 cultu
682 999 886 1076 viverent,
902 1000 939 1064 in
955 1000 1126 1083 imperio

0 1121 35 1157 ν’
58 1107 181 1186 atque
214 1104 251 1168 in
284 1104 451 1186 publica
484 1102 691 1189 dignitate
722 1105 856 1171 omnia
884 1106 931 1170 ed
953 1104 1127 1189 gloriam

29 1209 403 1292 asplondoremque
436 1215 685 1277 revocarent.
733 1210 816 1291 Quid
848 1211 890 1277 eit
923 1213 954 1276 in
983 1212 1128 1277 extremis

14 1340 38 1378 ,κ
60 1315 161 1381 verbis
191 1314 271 1392 vitii,
294 1315 383 1381 tactle
405 1317 639 1396 animadvertet,
670 1318 723 1401 qni
754 1318 917 1402 diligenter
947 1317 1124 1384 attenderit.

29 1478 35 1484 .
57 1421 169 1504 Neque
190 1423 271 1487 enim
302 1421 333 1486 in
363 1422 515 1506 dignitate
545 1422 583 1488 de
611 1423 771 1505 splendore
802 1426 912 1508 agitur,
935 1423 989 1488 sed
1012 1423 1042 1490 in
1065 1423 1127 1488 im·

25 1553 34 1593 ‘J
56 1528 145 1610 perio
167 1530 269 1612 egitur
288 1529 328 1594 de
349 1529 502 1613 dignitate
525 1530 557 1595 et
578 1529 747 1615 splendore.
791 1529 931 1602 Accedit,
951 1528 1032 1613 qnod
1055 1550 1127 1613 pu·

25 1663 31 1700 ÷
59 1634 169 1699 blica
190 1634 373 1719 dignitas
395 1653 450 1717 pro
472 1637 532 1700 rei
554 1637 728 1718 publice
756 1635 975 1719 dignitate·
992 1638 1127 1702 insolen-

26 1786 29 1810 2
57 1742 178 1807 tissime
200 1741 321 1807 dicitur.
373 1741 548 1808 Admodum
578 1743 718 1826 suspicor
747 1741 925 1808 Ciceronem
950 1743 1127 1825 scripsisse:

20 1901 22 1905 .
56 1848 95 1911 in
119 1846 290 1929 imperio
311 1846 920 1932 atquein<ro>pnblica<ad>
933 1845 1127 1933 dignitatem

56 1955 192 2018 omnia
214 1952 553 2037 splendoremque
575 1959 823 2022 revocarent.
874 1954 952 2019 Cum
973 1954 1020 2019 ad
1046 1971 1125 2035 prae·

6 2044 26 2084 ἶ
56 2058 173 2143 positio
195 2061 275 2124 inter
296 2078 314 2124 a
337 2063 368 2124 ot
390 2060 410 2125 d
431 2060 647 2136 intercidisset.
672 2061 791 2145 reliqna
812 2060 902 2126 facile
920 2061 1029 2125 vitiata
1044 2061 1124 2124 sunt.

2 2153 21 2158 ’
57 2168 164 2249 Longe
194 2166 308 2231 rectius
342 2166 478 2251 dignitas
511 2185 604 2250 quam
632 2169 729 2253 gloria
760 2187 830 2233 cum
860 2166 1022 2251 splendore
1051 2184 1125 2231 cou-

53 2272 205 2357 iungitur.

159 2424 237 2490 ibid.
259 2427 317 2490 39:
351 2427 426 2493 Sed
455 2427 566 2524 aliud
598 2446 685 2493 esse
708 2445 835 2494 causae
857 2428 1125 2510 suspicamur,

55 2549 102 2596 ue
126 2530 232 2598 torte
254 2533 329 2598 isti
351 2551 490 2615 parum
520 2535 676 2598 versuti
707 2551 794 2598 esse
817 2533 1043 2598 videantur.
1088 2532 1124 2596 In

54 2639 104 2714 iis,
129 2657 197 2720 qnae
219 2637 509 2719 praecedunt‚'nullo
529 2639 657 2703 minima
679 2642 727 2704 est
749 2658 847 2703 causae
869 2638 1064 2722 significatio,
1086 2637 1125 2702 ed

54 2763 150 2825 qnam
174 2744 323 2809 referatur
344 2742 466 2810 alind.
510 2745 641 2811 Rectum
663 2748 712 2809 est
733 2744 856 2828 aliquid
879 2791 885 2806 .
910 2791 916 2806 .
940 2761 1076 2809 cousae.

160 2882 238 2948 lbid.
261 2886 318 2951 69:
355 2905 455 2952 nnnc
491 2904 582 2951 vero
620 2884 692 2950 hoc
730 2885 874 2967 magis,
911 2885 1014 2968 qnod
1048 2883 1127 2948 illa

51 2990 490 3075 gens(lndaeornm),quid
514 2991 718 3056 dorostro
742 2990 912 3073 imperio
935 2991 1124 3066 sentiret,

52 3093 245 3160 ostendit
274 3099 414 3175 armis,
448 3115 561 3181 quam
595 3114 685 3162 cara
721 3095 782 3162 dis
818 3095 1125 3163 immortalibus

52 3204 184 3273 esset.
219 3203 373 3277 docuit,
409 3203 512 3286 quod
545 3207 607 3268 est
639 3204 763 3274 victa,
803 3204 906 3286 qnod
943 3202 1121 3275 cleonte,

52 3307 159 3391 qnod
180 3310 350 3373 servata.
405 3310 482 3373 'lam
513 3312 617 3392 aperta
648 3310 681 3374 et
708 3309 832 3393 elegans
862 3314 910 3375 est
938 3308 1071 3373 victoriae
1094 3311 1127 3372 et

50 3413 162 3500 gentis
184 3415 360 3497 perdomita
382 3414 579 3498 amplificatio
602 3416 700 3481 tribus
721 3417 867 3480 membris
882 3414 1034 3497 anaphora
1051 3432 1125 3479 con·

51 3521 179 3594 iunctis,
212 3523 248 3586 ut
278 3521 372 3585 mirer
405 3540 443 3587 ne
474 3521 532 3588 hoc
568 3523 691 3606 quidem
725 3523 792 3588 loco
830 3521 1009 3606 Kayserum
1047 3520 1125 3586 duce

51 3635 158 3694 tamen
175 3628 348 3710 Bernaysio‚
359 3647 483 3710 pravam
498 3628 583 3693 illam
596 3628 729 3704 delendi,
742 3645 808 3710 qnae
821 3628 960 3709 expedire
972 3628 1124 3711 nequiret,

50 3733 307 3799 consuetudinem
331 3733 488 3799 abiecisse.
542 3735 591 3799 Ad
626 3736 799 3800 litteramm
827 3734 959 3816 vestigia
989 3733 1125 3817 proxime

50 3838 184 3913 accedit,
200 3840 326 3905 orationi
343 3843 374 3905 ot
389 3842 550 3905 sententiae
571 3841 723 3907 satislacit
744 3839 810 3905 haec
831 3839 999 3922 scriptura:
1023 3839 1124 3922 qnod

50 3949 118 4013 est
141 3946 264 4024 victa,
287 3946 388 4029 quod
416 3943 502 4012 bello
524 3948 631 4031 capta,
660 3946 765 4029 quod
792 3947 896 4013 servit
917 3944 996 4023 (Nic.
1018 3945 1123 4028 Ange-

50 4055 132 4119 lius:
155 4053 256 4135 quod
279 4059 416 4128 serua).

156 4193 235 4259 Ibid.
251 4195 325 4258 104:
351 4192 503 4272 Quotus
526 4193 910 4278 enimqnisqneest‚
927 4190 993 4275 qui
1006 4237 1119 4253 ......

51 4301 199 4384 optimi
229 4303 351 4383 atque
372 4299 619 4382 amplissimi
641 4299 835 4382 cuiusque
856 4297 1036 4363 hominis
1058 4299 1124 4363 at·

50 4427 128 4491 qne
162 4406 320 4472 ordinis
352 4405 630 4472 anctoritatem
664 4405 789 4489 rnagni
827 4406 959 4487 putet?
1007 4403 1122 4470 lllanr

51 4513 155 4579 viam
189 4513 264 4578 sibi
298 4512 432 4577 vident
466 4511 739 4594 expeditiorem
769 4511 811 4576 ad
835 4511 996 4577 honores
1019 4513 1056 4575 et
1079 4509 1124 4575 ad
1161 4543 1164 4549 ν
