<?xml version="1.0" encoding="UTF-8"?>
<!DOCTYPE html PUBLIC "-//W3C//DTD XHTML 1.0 Transitional//EN"
    "http://www.w3.org/TR/xhtml1/DTD/xhtml1-transitional.dtd">
<html xmlns="http://www.w3.org/1999/xhtml" xml:lang="en" lang="en">
 <head>
  <title>
</title>
<meta http-equiv="Content-Type" content="text/html;charset=utf-8" />
  <meta name='ocr-system' content='tesseract 3.04.00' />
  <meta name='ocr-capabilities' content='ocr_page ocr_carea ocr_par ocr_line ocrx_word'/>
</head>
<body>
  <div class='ocr_page' id='page_1' title='image "./ioniemadvigiiad00madvgoog_0473.png"; bbox 0 0 2662 5062; ppageno 0'>
   <div class='ocr_carea' id='block_1_1' title="bbox 270 286 908 358">
    <p class='ocr_par' dir='ltr' id='par_1_1' title="bbox 270 286 908 358">
     <span class='ocr_line' id='line_1_1' title="bbox 270 286 908 358; baseline -0.014 -8"><span class='ocrx_word' id='word_1_1' title='bbox 270 288 333 350; x_wconf 77' lang='lat'>462</span> <span class='ocrx_word' id='word_1_2' title='bbox 631 286 908 358; x_wconf 63' lang='lat' dir='ltr'>mourmeeprv.</span> 
     </span>
    </p>
   </div>
   <div class='ocr_carea' id='block_1_2' title="bbox 226 485 1277 1202">
    <p class='ocr_par' dir='ltr' id='par_1_2' title="bbox 227 485 1277 676">
     <span class='ocr_line' id='line_1_2' title="bbox 229 485 1277 570; baseline -0.002 -18"><span class='ocrx_word' id='word_1_3' title='bbox 229 506 298 552; x_wconf 89' lang='lat' dir='ltr'>rum</span> <span class='ocrx_word' id='word_1_4' title='bbox 338 487 466 552; x_wconf 87' lang='lat' dir='ltr'>interitu</span> <span class='ocrx_word' id='word_1_5' title='bbox 499 486 608 551; x_wconf 83' lang='lat' dir='ltr'>lseuna</span> <span class='ocrx_word' id='word_1_6' title='bbox 635 486 691 550; x_wconf 87' lang='lat' dir='ltr'>est</span> <span class='ocrx_word' id='word_1_7' title='bbox 734 485 770 549; x_wconf 94' lang='lat' dir='ltr'>In</span> <span class='ocrx_word' id='word_1_8' title='bbox 806 485 959 551; x_wconf 81' lang='lat' dir='ltr'>nonnullis</span> <span class='ocrx_word' id='word_1_9' title='bbox 990 487 1116 570; x_wconf 86' lang='lat' dir='ltr'>quidem</span> <span class='ocrx_word' id='word_1_10' title='bbox 1138 488 1223 564; x_wconf 89' lang='lat' dir='ltr'>loeis,</span> <span class='ocrx_word' id='word_1_11' title='bbox 1250 490 1277 552; x_wconf 89' lang='lat' dir='ltr'>ut</span> 
     </span>
     <span class='ocr_line' id='line_1_3' title="bbox 227 589 942 676; baseline -0.01 -17"><span class='ocrx_word' id='word_1_12' title='bbox 227 597 294 676; x_wconf 48' lang='lat' dir='ltr'>eps„</span> <span class='ocrx_word' id='word_1_13' title='bbox 304 593 373 668; x_wconf 85' lang='lat'>104,</span> <span class='ocrx_word' id='word_1_14' title='bbox 395 593 445 668; x_wconf 78' lang='lat'>27,</span> <span class='ocrx_word' id='word_1_15' title='bbox 468 609 591 673; x_wconf 91' lang='lat' dir='ltr'>prorsus</span> <span class='ocrx_word' id='word_1_16' title='bbox 603 589 667 654; x_wconf 90' lang='lat' dir='ltr'>sine</span> <span class='ocrx_word' id='word_1_17' title='bbox 689 608 781 654; x_wconf 85' lang='lat' dir='ltr'>esusn</span> <span class='ocrx_word' id='word_1_18' title='bbox 802 590 942 656; x_wconf 86' lang='lat' dir='ltr'>haeretur.</span> 
     </span>
    </p>

    <p class='ocr_par' dir='ltr' id='par_1_3' title="bbox 226 696 1276 1202">
     <span class='ocr_line' id='line_1_4' title="bbox 329 696 1276 765; baseline 0.002 -3"><span class='ocrx_word' id='word_1_19' title='bbox 329 699 408 763; x_wconf 79' lang='lat' dir='ltr'>Mese</span> <span class='ocrx_word' id='word_1_20' title='bbox 432 696 664 762; x_wconf 79' lang='lat' dir='ltr'>emendationes</span> <span class='ocrx_word' id='word_1_21' title='bbox 694 696 769 760; x_wconf 87' lang='lat' dir='ltr'>nribi</span> <span class='ocrx_word' id='word_1_22' title='bbox 802 696 875 760; x_wconf 89' lang='lat' dir='ltr'>olim</span> <span class='ocrx_word' id='word_1_23' title='bbox 898 696 1004 762; x_wconf 82' lang='lat' dir='ltr'>multae</span> <span class='ocrx_word' id='word_1_24' title='bbox 1035 699 1215 765; x_wconf 84' lang='lat' dir='ltr'>videbantur</span> <span class='ocrx_word' id='word_1_25' title='bbox 1233 717 1276 764; x_wconf 88' lang='lat' dir='ltr'>nee</span> 
     </span>
     <span class='ocr_line' id='line_1_5' title="bbox 227 802 1276 907; baseline 0.001 -39"><span class='ocrx_word' id='word_1_26' title='bbox 227 804 425 888; x_wconf 79' lang='lat' dir='ltr'>spernendae3</span> <span class='ocrx_word' id='word_1_27' title='bbox 460 821 560 875; x_wconf 80' lang='lat' dir='ltr'>nune,</span> <span class='ocrx_word' id='word_1_28' title='bbox 596 820 665 865; x_wconf 93' lang='lat' dir='ltr'>eum</span> <span class='ocrx_word' id='word_1_29' title='bbox 688 802 892 907; x_wconf 75' lang='lat' dir='ltr'>proponendas</span> <span class='ocrx_word' id='word_1_30' title='bbox 913 806 996 878; x_wconf 87' lang='lat' dir='ltr'>sunt,</span> <span class='ocrx_word' id='word_1_31' title='bbox 1037 809 1209 890; x_wconf 82' lang='lat' dir='ltr'>praegrurut</span> <span class='ocrx_word' id='word_1_32' title='bbox 1226 805 1276 869; x_wconf 84' lang='lat' dir='ltr'>sere</span> 
     </span>
     <span class='ocr_line' id='line_1_6' title="bbox 227 908 1275 991; baseline -0.003 -16"><span class='ocrx_word' id='word_1_33' title='bbox 227 928 334 975; x_wconf 86' lang='lat' dir='ltr'>eemm</span> <span class='ocrx_word' id='word_1_34' title='bbox 356 909 495 975; x_wconf 92' lang='lat' dir='ltr'>loeorum</span> <span class='ocrx_word' id='word_1_35' title='bbox 517 908 681 982; x_wconf 85' lang='lat' dir='ltr'>memorie,</span> <span class='ocrx_word' id='word_1_36' title='bbox 712 909 744 973; x_wconf 93' lang='lat' dir='ltr'>in</span> <span class='ocrx_word' id='word_1_37' title='bbox 771 908 882 991; x_wconf 89' lang='lat' dir='ltr'>quibus</span> <span class='ocrx_word' id='word_1_38' title='bbox 910 927 979 974; x_wconf 91' lang='lat' dir='ltr'>eum</span> <span class='ocrx_word' id='word_1_39' title='bbox 1008 910 1157 977; x_wconf 85' lang='lat' dir='ltr'>baererem</span> <span class='ocrx_word' id='word_1_40' title='bbox 1179 915 1229 977; x_wconf 85' lang='lat' dir='ltr'>sut</span> <span class='ocrx_word' id='word_1_41' title='bbox 1246 909 1275 973; x_wconf 90' lang='lat' dir='ltr'>de</span> 
     </span>
     <span class='ocr_line' id='line_1_7' title="bbox 230 1013 1275 1101; baseline -0.001 -22"><span class='ocrx_word' id='word_1_42' title='bbox 230 1014 424 1080; x_wconf 88' lang='lat' dir='ltr'>mendenen</span> <span class='ocrx_word' id='word_1_43' title='bbox 447 1013 635 1090; x_wconf 75' lang='lat' dir='ltr'>dubitarem,</span> <span class='ocrx_word' id='word_1_44' title='bbox 669 1017 790 1088; x_wconf 81' lang='lat' dir='ltr'>temen,</span> <span class='ocrx_word' id='word_1_45' title='bbox 818 1015 849 1078; x_wconf 95' lang='lat' dir='ltr'>in</span> <span class='ocrx_word' id='word_1_46' title='bbox 872 1033 931 1096; x_wconf 91' lang='lat' dir='ltr'>quo</span> <span class='ocrx_word' id='word_1_47' title='bbox 953 1015 1044 1098; x_wconf 75' lang='lat' dir='ltr'>plene·</span> <span class='ocrx_word' id='word_1_48' title='bbox 1067 1018 1275 1101; x_wconf 79' lang='lat' dir='ltr'>aequieseeren</span> 
     </span>
     <span class='ocr_line' id='line_1_8' title="bbox 226 1118 1096 1202; baseline -0.003 -17"><span class='ocrx_word' id='word_1_49' title='bbox 226 1125 263 1185; x_wconf 89' lang='lat' dir='ltr'>et</span> <span class='ocrx_word' id='word_1_50' title='bbox 286 1122 334 1185; x_wconf 90' lang='lat' dir='ltr'>oni</span> <span class='ocrx_word' id='word_1_51' title='bbox 357 1118 548 1193; x_wconf 84' lang='lat' dir='ltr'>confiderem,</span> <span class='ocrx_word' id='word_1_52' title='bbox 571 1138 631 1184; x_wconf 92' lang='lat' dir='ltr'>non</span> <span class='ocrx_word' id='word_1_53' title='bbox 654 1119 816 1202; x_wconf 57' lang='lat' dir='ltr'>repperio.</span> <span class='ocrx_word' id='word_1_54' title='bbox 1093 1126 1096 1131; x_wconf 81' lang='grc'>’</span> 
     </span>
    </p>
   </div>
   <div class='ocr_carea' id='block_1_3' title="bbox 227 1325 425 1332">
    <p class='ocr_par' dir='ltr' id='par_1_4' title="bbox 227 1325 425 1332">
     <span class='ocr_line' id='line_1_9' title="bbox 227 1325 425 1332; baseline -0.005 0"><span class='ocrx_word' id='word_1_55' title='bbox 227 1325 425 1332; x_wconf 45' lang='grc' dir='ltr'>-ῠ--ι</span> 
     </span>
    </p>
   </div>
   <div class='ocr_carea' id='block_1_4' title="bbox 199 1467 1294 4043">
    <p class='ocr_par' dir='ltr' id='par_1_5' title="bbox 255 1467 1276 1818">
     <span class='ocr_line' id='line_1_10' title="bbox 255 1467 1275 1541; baseline -0.004 -16"><span class='ocrx_word' id='word_1_56' title='bbox 255 1472 277 1539; x_wconf 87' lang='grc'>1)</span> <span class='ocrx_word' id='word_1_57' title='bbox 297 1469 421 1538; x_wconf 77' lang='lat' dir='ltr'>dmplsur</span> <span class='ocrx_word' id='word_1_58' title='bbox 440 1469 485 1522; x_wconf 92' lang='lat' dir='ltr'>bie</span> <span class='ocrx_word' id='word_1_59' title='bbox 502 1485 607 1540; x_wconf 85' lang='lat' dir='ltr'>qnoque</span> <span class='ocrx_word' id='word_1_60' title='bbox 624 1470 764 1524; x_wconf 73' lang='lat' dir='ltr'>materiem</span> <span class='ocrx_word' id='word_1_61' title='bbox 782 1470 903 1524; x_wconf 85' lang='lat' dir='ltr'>relietum</span> <span class='ocrx_word' id='word_1_62' title='bbox 926 1467 1071 1541; x_wconf 74' lang='lat' dir='ltr'>dotemque</span> <span class='ocrx_word' id='word_1_63' title='bbox 1091 1488 1148 1528; x_wconf 89' lang='lat' dir='ltr'>esse</span> <span class='ocrx_word' id='word_1_64' title='bbox 1167 1467 1275 1541; x_wconf 78' lang='lat' dir='ltr'>prudenti</span> 
     </span>
     <span class='ocr_line' id='line_1_11' title="bbox 295 1561 1275 1632; baseline -0.002 -14"><span class='ocrx_word' id='word_1_65' title='bbox 295 1562 393 1618; x_wconf 90' lang='lat' dir='ltr'>editori</span> <span class='ocrx_word' id='word_1_66' title='bbox 424 1563 452 1616; x_wconf 91' lang='lat' dir='ltr'>in</span> <span class='ocrx_word' id='word_1_67' title='bbox 471 1564 638 1632; x_wconf 83' lang='lat' dir='ltr'>superiorum</span> <span class='ocrx_word' id='word_1_68' title='bbox 665 1561 733 1617; x_wconf 89' lang='lat' dir='ltr'>bene</span> <span class='ocrx_word' id='word_1_69' title='bbox 751 1563 870 1617; x_wconf 86' lang='lat' dir='ltr'>inventis</span> <span class='ocrx_word' id='word_1_70' title='bbox 890 1562 1065 1618; x_wconf 76' lang='lat' dir='ltr'>retrahendis</span> <span class='ocrx_word' id='word_1_71' title='bbox 1078 1568 1112 1618; x_wconf 76' lang='lat' dir='ltr'>‚e‘t</span> <span class='ocrx_word' id='word_1_72' title='bbox 1129 1565 1204 1619; x_wconf 78' lang='lat' dir='ltr'>novis</span> <span class='ocrx_word' id='word_1_73' title='bbox 1220 1577 1275 1618; x_wconf 83' lang='lat' dir='ltr'>eno·</span> 
     </span>
     <span class='ocr_line' id='line_1_12' title="bbox 296 1653 1276 1727; baseline 0.001 -16"><span class='ocrx_word' id='word_1_74' title='bbox 296 1657 371 1711; x_wconf 88' lang='lat' dir='ltr'>ribus</span> <span class='ocrx_word' id='word_1_75' title='bbox 391 1654 564 1725; x_wconf 84' lang='lat' dir='ltr'>expellendis,</span> <span class='ocrx_word' id='word_1_76' title='bbox 591 1653 670 1709; x_wconf 79' lang='lat' dir='ltr'>fusile</span> <span class='ocrx_word' id='word_1_77' title='bbox 697 1658 756 1709; x_wconf 78' lang='lat' dir='ltr'>erut</span> <span class='ocrx_word' id='word_1_78' title='bbox 783 1656 857 1709; x_wconf 85' lang='lat' dir='ltr'>intre</span> <span class='ocrx_word' id='word_1_79' title='bbox 882 1670 935 1709; x_wconf 89' lang='lat' dir='ltr'>non</span> <span class='ocrx_word' id='word_1_80' title='bbox 952 1657 1100 1711; x_wconf 79' lang='lat' dir='ltr'>multorum</span> <span class='ocrx_word' id='word_1_81' title='bbox 1119 1657 1276 1727; x_wconf 74' lang='lat' dir='ltr'>epistolum</span> 
     </span>
     <span class='ocr_line' id='line_1_13' title="bbox 298 1746 1275 1818; baseline -0.005 -16"><span class='ocrx_word' id='word_1_82' title='bbox 298 1750 416 1818; x_wconf 77' lang='lat' dir='ltr'>spatium</span> <span class='ocrx_word' id='word_1_83' title='bbox 443 1747 636 1803; x_wconf 87' lang='lat' dir='ltr'>subsistentem</span> <span class='ocrx_word' id='word_1_84' title='bbox 664 1746 811 1801; x_wconf 88' lang='lat' dir='ltr'>ostendere.</span> <span class='ocrx_word' id='word_1_85' title='bbox 862 1747 914 1802; x_wconf 86' lang='lat' dir='ltr'>Sed</span> <span class='ocrx_word' id='word_1_86' title='bbox 951 1751 1096 1804; x_wconf 84' lang='lat' dir='ltr'>contentus</span> <span class='ocrx_word' id='word_1_87' title='bbox 1129 1766 1173 1805; x_wconf 90' lang='lat' dir='ltr'>ere</span> <span class='ocrx_word' id='word_1_88' title='bbox 1202 1747 1275 1802; x_wconf 88' lang='lat' dir='ltr'>tribus</span> 
     </span>
    </p>

    <p class='ocr_par' dir='ltr' id='par_1_6' title="bbox 262 1839 1277 2280">
     <span class='ocr_line' id='line_1_14' title="bbox 262 1839 1276 1913; baseline -0.003 -18"><span class='ocrx_word' id='word_1_89' title='bbox 262 1847 264 1850; x_wconf 69' lang='lat'>‘</span> <span class='ocrx_word' id='word_1_90' title='bbox 295 1845 456 1912; x_wconf 74' lang='lat' dir='ltr'>quattuorue</span> <span class='ocrx_word' id='word_1_91' title='bbox 485 1840 620 1911; x_wconf 76' lang='lat' dir='ltr'>exemplis„</span> <span class='ocrx_word' id='word_1_92' title='bbox 673 1839 739 1906; x_wconf 80' lang='lat' dir='ltr'>Quis</span> <span class='ocrx_word' id='word_1_93' title='bbox 771 1840 844 1893; x_wconf 89' lang='lat' dir='ltr'>enim</span> <span class='ocrx_word' id='word_1_94' title='bbox 876 1856 928 1893; x_wconf 93' lang='lat' dir='ltr'>non</span> <span class='ocrx_word' id='word_1_95' title='bbox 958 1841 1078 1907; x_wconf 87' lang='lat' dir='ltr'>miretur,</span> <span class='ocrx_word' id='word_1_96' title='bbox 1109 1844 1188 1913; x_wconf 87' lang='lat' dir='ltr'>epist.</span> <span class='ocrx_word' id='word_1_97' title='bbox 1218 1845 1241 1906; x_wconf 82' lang='lat'>5,</span> <span class='ocrx_word' id='word_1_98' title='bbox 1264 1840 1276 1892; x_wconf 83' lang='lat'>8</span> 
     </span>
     <span class='ocr_line' id='line_1_15' title="bbox 293 1933 1275 1995; baseline -0.005 -6"><span class='ocrx_word' id='word_1_99' title='bbox 293 1933 414 1989; x_wconf 89' lang='lat' dir='ltr'>eodienm</span> <span class='ocrx_word' id='word_1_100' title='bbox 457 1950 521 1988; x_wconf 82' lang='lat' dir='ltr'>sene</span> <span class='ocrx_word' id='word_1_101' title='bbox 562 1933 692 1989; x_wconf 85' lang='lat' dir='ltr'>bonorum</span> <span class='ocrx_word' id='word_1_102' title='bbox 737 1933 914 1995; x_wconf 73' lang='lat' dir='ltr'>anctoritate,</span> <span class='ocrx_word' id='word_1_103' title='bbox 956 1934 1002 1988; x_wconf 87' lang='lat' dir='ltr'>sed</span> <span class='ocrx_word' id='word_1_104' title='bbox 1044 1938 1140 1989; x_wconf 69' lang='lat' dir='ltr'>eonbs</span> <span class='ocrx_word' id='word_1_105' title='bbox 1179 1935 1275 1989; x_wconf 79' lang='lat' dir='ltr'>tormen</span> 
     </span>
     <span class='ocr_line' id='line_1_16' title="bbox 294 2025 1276 2089; baseline -0.002 -8"><span class='ocrx_word' id='word_1_106' title='bbox 294 2027 423 2081; x_wconf 85' lang='lat' dir='ltr'>emtionis</span> <span class='ocrx_word' id='word_1_107' title='bbox 453 2026 621 2089; x_wconf 86' lang='lat' dir='ltr'>rhetoricum,</span> <span class='ocrx_word' id='word_1_108' title='bbox 659 2028 752 2080; x_wconf 72' lang='lat' dir='ltr'>eontra</span> <span class='ocrx_word' id='word_1_109' title='bbox 787 2025 949 2079; x_wconf 77' lang='lat' dir='ltr'>sententiam</span> <span class='ocrx_word' id='word_1_110' title='bbox 975 2026 1019 2080; x_wconf 90' lang='lat' dir='ltr'>edi</span> <span class='ocrx_word' id='word_1_111' title='bbox 1049 2044 1134 2082; x_wconf 90' lang='lat' dir='ltr'>nune:</span> <span class='ocrx_word' id='word_1_112' title='bbox 1165 2031 1276 2081; x_wconf 86' lang='lat' dir='ltr'>utrum·</span> 
     </span>
     <span class='ocr_line' id='line_1_17' title="bbox 293 2105 1276 2189; baseline 0.002 -18"><span class='ocrx_word' id='word_1_113' title='bbox 293 2134 358 2188; x_wconf 91' lang='lat' dir='ltr'>que</span> <span class='ocrx_word' id='word_1_114' title='bbox 376 2118 565 2188; x_wconf 86' lang='lat' dir='ltr'>pendentis</span> <span class='ocrx_word' id='word_1_115' title='bbox 583 2118 688 2172; x_wconf 77' lang='lat' dir='ltr'>enimi</span> <span class='ocrx_word' id='word_1_116' title='bbox 707 2121 774 2183; x_wconf 90' lang='lat' dir='ltr'>est,</span> <span class='ocrx_word' id='word_1_117' title='bbox 806 2105 994 2187; x_wconf 84' lang='lat' dir='ltr'>utrumqne</span> <span class='ocrx_word' id='word_1_118' title='bbox 1017 2117 1129 2176; x_wconf 81' lang='lat' dir='ltr'>futuri</span> <span class='ocrx_word' id='word_1_119' title='bbox 1155 2134 1276 2189; x_wconf 79' lang='lat' dir='ltr'>exsper-</span> 
     </span>
     <span class='ocr_line' id='line_1_18' title="bbox 293 2210 1277 2280; baseline 0.001 -15"><span class='ocrx_word' id='word_1_120' title='bbox 293 2211 435 2266; x_wconf 87' lang='lat' dir='ltr'>tutiene</span> <span class='ocrx_word' id='word_1_121' title='bbox 453 2210 652 2265; x_wconf 85' lang='lat' dir='ltr'>sollieitnm</span> <span class='ocrx_word' id='word_1_122' title='bbox 679 2227 726 2280; x_wconf 92' lang='lat' dir='ltr'>pro</span> <span class='ocrx_word' id='word_1_123' title='bbox 745 2210 898 2269; x_wconf 80' lang='lat' dir='ltr'>solliciti</span> <span class='ocrx_word' id='word_1_124' title='bbox 922 2211 1119 2280; x_wconf 84' lang='lat' dir='ltr'>(pendentis</span> <span class='ocrx_word' id='word_1_125' title='bbox 1138 2255 1146 2269; x_wconf 87' lang='lat'><strong>.</strong></span> <span class='ocrx_word' id='word_1_126' title='bbox 1166 2257 1173 2271; x_wconf 88' lang='lat'><strong>.</strong></span> <span class='ocrx_word' id='word_1_127' title='bbox 1192 2257 1199 2270; x_wconf 90' lang='lat'><strong>.</strong></span> <span class='ocrx_word' id='word_1_128' title='bbox 1217 2212 1277 2267; x_wconf 92' lang='lat' dir='ltr'>sol·</span> 
     </span>
    </p>

    <p class='ocr_par' dir='ltr' id='par_1_7' title="bbox 259 2303 1294 3955">
     <span class='ocr_line' id='line_1_19' title="bbox 259 2303 1278 2377; baseline 0.007 -20"><span class='ocrx_word' id='word_1_129' title='bbox 259 2367 261 2372; x_wconf 70' lang='lat'>,</span> <span class='ocrx_word' id='word_1_130' title='bbox 292 2305 338 2358; x_wconf 93' lang='lat' dir='ltr'>lie</span> <span class='ocrx_word' id='word_1_131' title='bbox 347 2303 422 2372; x_wconf 86' lang='lat' dir='ltr'>iti)?</span> <span class='ocrx_word' id='word_1_132' title='bbox 432 2307 480 2358; x_wconf 83' lang='lat' dir='ltr'>sut</span> <span class='ocrx_word' id='word_1_133' title='bbox 489 2305 518 2358; x_wconf 92' lang='lat' dir='ltr'>in</span> <span class='ocrx_word' id='word_1_134' title='bbox 529 2319 570 2374; x_wconf 87' lang='lat' dir='ltr'>ep.</span> <span class='ocrx_word' id='word_1_135' title='bbox 582 2306 607 2368; x_wconf 89' lang='grc'>9,</span> <span class='ocrx_word' id='word_1_136' title='bbox 620 2306 637 2358; x_wconf 88' lang='grc'>4</span> <span class='ocrx_word' id='word_1_137' title='bbox 648 2306 696 2370; x_wconf 84' lang='grc'>(3),</span> <span class='ocrx_word' id='word_1_138' title='bbox 707 2304 756 2357; x_wconf 93' lang='lat' dir='ltr'>ubi</span> <span class='ocrx_word' id='word_1_139' title='bbox 765 2303 914 2358; x_wconf 81' lang='lat' dir='ltr'>rectissime</span> <span class='ocrx_word' id='word_1_140' title='bbox 923 2303 979 2358; x_wconf 76' lang='lat' dir='ltr'>hee</span> <span class='ocrx_word' id='word_1_141' title='bbox 987 2320 1016 2358; x_wconf 91' lang='lat' dir='ltr'>se</span> <span class='ocrx_word' id='word_1_142' title='bbox 1028 2304 1144 2361; x_wconf 77' lang='lat' dir='ltr'>hubent:</span> <span class='ocrx_word' id='word_1_143' title='bbox 1156 2308 1278 2377; x_wconf 79' lang='lat' dir='ltr'>(sepiens).</span> 
     </span>
     <span class='ocr_line' id='line_1_20' title="bbox 290 2395 1279 2467; baseline -0.002 -17"><span class='ocrx_word' id='word_1_144' title='bbox 290 2414 361 2467; x_wconf 74' lang='lat' dir='ltr'>quse</span> <span class='ocrx_word' id='word_1_145' title='bbox 389 2396 458 2451; x_wconf 87' lang='lat' dir='ltr'>sibi</span> <span class='ocrx_word' id='word_1_146' title='bbox 487 2395 623 2461; x_wconf 90' lang='lat' dir='ltr'>desunt,</span> <span class='ocrx_word' id='word_1_147' title='bbox 653 2412 721 2450; x_wconf 89' lang='lat' dir='ltr'>non</span> <span class='ocrx_word' id='word_1_148' title='bbox 739 2396 932 2463; x_wconf 77' lang='lat' dir='ltr'>desideret3</span> <span class='ocrx_word' id='word_1_149' title='bbox 956 2402 1035 2464; x_wconf 69' lang='lat' dir='ltr'>&#39;inum</span> <span class='ocrx_word' id='word_1_150' title='bbox 1059 2400 1133 2454; x_wconf 88' lang='lat' dir='ltr'>omni</span> <span class='ocrx_word' id='word_1_151' title='bbox 1161 2398 1279 2455; x_wconf 88' lang='lat' dir='ltr'>desiderio</span> 
     </span>
     <span class='ocr_line' id='line_1_21' title="bbox 295 2476 1279 2558; baseline 0.001 -14"><span class='ocrx_word' id='word_1_152' title='bbox 295 2490 438 2556; x_wconf 82' lang='lat' dir='ltr'>liberent,</span> <span class='ocrx_word' id='word_1_153' title='bbox 468 2491 616 2554; x_wconf 80' lang='lat' dir='ltr'>ettamen)</span> <span class='ocrx_word' id='word_1_154' title='bbox 640 2504 702 2542; x_wconf 91' lang='lat' dir='ltr'>non</span> <span class='ocrx_word' id='word_1_155' title='bbox 721 2487 841 2544; x_wconf 82' lang='lat' dir='ltr'>deesse</span> <span class='ocrx_word' id='word_1_156' title='bbox 865 2490 937 2544; x_wconf 91' lang='lat' dir='ltr'>sibi</span> <span class='ocrx_word' id='word_1_157' title='bbox 961 2492 1093 2545; x_wconf 80' lang='lat' dir='ltr'>mavult</span> <span class='ocrx_word' id='word_1_158' title='bbox 1123 2476 1200 2558; x_wconf 85' lang='lat' dir='ltr'>(num</span> <span class='ocrx_word' id='word_1_159' title='bbox 1219 2508 1279 2547; x_wconf 88' lang='lat' dir='ltr'>eern-</span> 
     </span>
     <span class='ocr_line' id='line_1_22' title="bbox 294 2579 1280 2655; baseline 0.003 -19"><span class='ocrx_word' id='word_1_160' title='bbox 294 2582 374 2637; x_wconf 86' lang='lat' dir='ltr'>modu</span> <span class='ocrx_word' id='word_1_161' title='bbox 400 2598 454 2636; x_wconf 91' lang='lat' dir='ltr'>uon</span> <span class='ocrx_word' id='word_1_162' title='bbox 473 2583 583 2650; x_wconf 74' lang='lat' dir='ltr'>spernit,</span> <span class='ocrx_word' id='word_1_163' title='bbox 613 2579 659 2635; x_wconf 90' lang='lat' dir='ltr'>sed</span> <span class='ocrx_word' id='word_1_164' title='bbox 678 2582 782 2650; x_wconf 91' lang='lat' dir='ltr'>sumit),</span> <span class='ocrx_word' id='word_1_165' title='bbox 802 2583 906 2637; x_wconf 85' lang='lat' dir='ltr'>tnrburi</span> <span class='ocrx_word' id='word_1_166' title='bbox 923 2584 952 2637; x_wconf 89' lang='lat' dir='ltr'>et</span> <span class='ocrx_word' id='word_1_167' title='bbox 968 2583 1070 2649; x_wconf 77' lang='lat' dir='ltr'>inferri,</span> <span class='ocrx_word' id='word_1_168' title='bbox 1097 2585 1170 2655; x_wconf 85' lang='lat' dir='ltr'>quod</span> <span class='ocrx_word' id='word_1_169' title='bbox 1188 2583 1280 2639; x_wconf 78' lang='lat' dir='ltr'>nebu</span> 
     </span>
     <span class='ocr_line' id='line_1_23' title="bbox 293 2672 1281 2744; baseline 0 -15"><span class='ocrx_word' id='word_1_170' title='bbox 293 2676 380 2729; x_wconf 90' lang='lat' dir='ltr'>tinnm</span> <span class='ocrx_word' id='word_1_171' title='bbox 399 2672 508 2744; x_wconf 86' lang='lat' dir='ltr'>quidem</span> <span class='ocrx_word' id='word_1_172' title='bbox 536 2673 574 2726; x_wconf 87' lang='lat' dir='ltr'>sit</span> <span class='ocrx_word' id='word_1_173' title='bbox 603 2676 683 2736; x_wconf 89' lang='lat' dir='ltr'>(non</span> <span class='ocrx_word' id='word_1_174' title='bbox 707 2673 884 2730; x_wconf 80' lang='lat' dir='ltr'>desideret</span> <span class='ocrx_word' id='word_1_175' title='bbox 908 2675 1059 2740; x_wconf 75' lang='lat' dir='ltr'>deesseJ?</span> <span class='ocrx_word' id='word_1_176' title='bbox 1096 2676 1281 2742; x_wconf 83' lang='lat' dir='ltr'>(Miroretien</span> 
     </span>
     <span class='ocr_line' id='line_1_24' title="bbox 295 2757 1282 2839; baseline -0.002 -17"><span class='ocrx_word' id='word_1_177' title='bbox 295 2768 446 2838; x_wconf 88' lang='lat' dir='ltr'>Huuptinm</span> <span class='ocrx_word' id='word_1_178' title='bbox 474 2767 486 2820; x_wconf 95' lang='lat' dir='ltr'>l</span> <span class='ocrx_word' id='word_1_179' title='bbox 515 2757 540 2836; x_wconf 83' lang='lat' dir='ltr'>p.</span> <span class='ocrx_word' id='word_1_180' title='bbox 576 2770 610 2822; x_wconf 87' lang='lat'>10</span> <span class='ocrx_word' id='word_1_181' title='bbox 640 2765 795 2829; x_wconf 73' lang='lat' dir='ltr'>oberrasse.)</span> <span class='ocrx_word' id='word_1_182' title='bbox 842 2768 882 2821; x_wconf 90' lang='lat' dir='ltr'>De</span> <span class='ocrx_word' id='word_1_183' title='bbox 904 2785 945 2837; x_wconf 84' lang='lat' dir='ltr'>ep.</span> <span class='ocrx_word' id='word_1_184' title='bbox 969 2770 994 2833; x_wconf 89' lang='lat'>8,</span> <span class='ocrx_word' id='word_1_185' title='bbox 1019 2770 1044 2832; x_wconf 84' lang='lat'>4,</span> <span class='ocrx_word' id='word_1_186' title='bbox 1064 2766 1136 2838; x_wconf 88' lang='lat' dir='ltr'>quod</span> <span class='ocrx_word' id='word_1_187' title='bbox 1154 2770 1282 2839; x_wconf 82' lang='lat' dir='ltr'>positurus</span> 
     </span>
     <span class='ocr_line' id='line_1_25' title="bbox 293 2858 1283 2929; baseline 0.001 -15"><span class='ocrx_word' id='word_1_188' title='bbox 293 2876 367 2914; x_wconf 81' lang='lat' dir='ltr'>erem</span> <span class='ocrx_word' id='word_1_189' title='bbox 388 2860 537 2928; x_wconf 84' lang='lat' dir='ltr'>exemplum</span> <span class='ocrx_word' id='word_1_190' title='bbox 565 2862 715 2929; x_wconf 85' lang='lat' dir='ltr'>spretorum</span> <span class='ocrx_word' id='word_1_191' title='bbox 746 2860 885 2927; x_wconf 83' lang='lat' dir='ltr'>bonorum,</span> <span class='ocrx_word' id='word_1_192' title='bbox 911 2861 977 2915; x_wconf 78' lang='lat' dir='ltr'>setis</span> <span class='ocrx_word' id='word_1_193' title='bbox 1003 2859 1075 2914; x_wconf 84' lang='lat' dir='ltr'>dixit</span> <span class='ocrx_word' id='word_1_194' title='bbox 1096 2860 1234 2929; x_wconf 81' lang='lat' dir='ltr'>Hauptins</span> <span class='ocrx_word' id='word_1_195' title='bbox 1251 2858 1283 2915; x_wconf 80' lang='lat'>11.</span> 
     </span>
     <span class='ocr_line' id='line_1_26' title="bbox 294 2950 1284 3023; baseline -0.001 -16"><span class='ocrx_word' id='word_1_196' title='bbox 294 2952 319 3023; x_wconf 82' lang='lat' dir='ltr'>p&#39;.</span> <span class='ocrx_word' id='word_1_197' title='bbox 341 2954 364 3018; x_wconf 87' lang='grc'>7,</span> <span class='ocrx_word' id='word_1_198' title='bbox 393 2952 470 3006; x_wconf 85' lang='lat' dir='ltr'>niodo</span> <span class='ocrx_word' id='word_1_199' title='bbox 488 2950 637 3007; x_wconf 81' lang='lat' dir='ltr'>addidisset</span> <span class='ocrx_word' id='word_1_200' title='bbox 654 2953 735 3006; x_wconf 83' lang='lat' dir='ltr'>etism</span> <span class='ocrx_word' id='word_1_201' title='bbox 755 2954 889 3007; x_wconf 81' lang='lat' dir='ltr'>evertit</span> <span class='ocrx_word' id='word_1_202' title='bbox 906 2958 935 3007; x_wconf 88' lang='lat' dir='ltr'>et</span> <span class='ocrx_word' id='word_1_203' title='bbox 953 2955 1097 3006; x_wconf 74' lang='lat' dir='ltr'>cernuat</span> <span class='ocrx_word' id='word_1_204' title='bbox 1124 2951 1284 3008; x_wconf 72' lang='lat' dir='ltr'>restituendi</span> 
     </span>
     <span class='ocr_line' id='line_1_27' title="bbox 290 3044 1284 3114; baseline 0.004 -14"><span class='ocrx_word' id='word_1_205' title='bbox 290 3061 350 3100; x_wconf 81' lang='lat' dir='ltr'>esse</span> <span class='ocrx_word' id='word_1_206' title='bbox 375 3061 424 3114; x_wconf 93' lang='lat' dir='ltr'>pro</span> <span class='ocrx_word' id='word_1_207' title='bbox 442 3045 554 3100; x_wconf 82' lang='lat' dir='ltr'>vertit</span> <span class='ocrx_word' id='word_1_208' title='bbox 580 3046 609 3099; x_wconf 90' lang='lat' dir='ltr'>et</span> <span class='ocrx_word' id='word_1_209' title='bbox 635 3045 803 3109; x_wconf 79' lang='lat' dir='ltr'>cernulat.</span> <span class='ocrx_word' id='word_1_210' title='bbox 856 3044 928 3112; x_wconf 82' lang='lat' dir='ltr'>Quid</span> <span class='ocrx_word' id='word_1_211' title='bbox 946 3045 1033 3100; x_wconf 80' lang='lat' dir='ltr'>diesm</span> <span class='ocrx_word' id='word_1_212' title='bbox 1050 3045 1084 3100; x_wconf 88' lang='lat' dir='ltr'>de</span> <span class='ocrx_word' id='word_1_213' title='bbox 1102 3050 1188 3114; x_wconf 83' lang='lat' dir='ltr'>ep.·9‚</span> <span class='ocrx_word' id='word_1_214' title='bbox 1207 3051 1224 3102; x_wconf 83' lang='grc'><strong>6</strong></span> <span class='ocrx_word' id='word_1_215' title='bbox 1240 3047 1284 3109; x_wconf 79' lang='lat' dir='ltr'>tl).</span> 
     </span>
     <span class='ocr_line' id='line_1_28' title="bbox 287 3135 1286 3210; baseline -0.003 -17"><span class='ocrx_word' id='word_1_216' title='bbox 287 3139 340 3194; x_wconf 87' lang='lat' dir='ltr'>nbi</span> <span class='ocrx_word' id='word_1_217' title='bbox 365 3139 496 3192; x_wconf 86' lang='lat' dir='ltr'>retinetur</span> <span class='ocrx_word' id='word_1_218' title='bbox 519 3140 549 3191; x_wconf 88' lang='lat' dir='ltr'>et</span> <span class='ocrx_word' id='word_1_219' title='bbox 572 3140 714 3192; x_wconf 71' lang='lat' dir='ltr'>exornetur</span> <span class='ocrx_word' id='word_1_220' title='bbox 738 3135 772 3190; x_wconf 86' lang='lat' dir='ltr'>sb</span> <span class='ocrx_word' id='word_1_221' title='bbox 797 3136 898 3192; x_wconf 81' lang='lat' dir='ltr'>Hunsio</span> <span class='ocrx_word' id='word_1_222' title='bbox 921 3137 1071 3193; x_wconf 85' lang='lat' dir='ltr'>udieetiene</span> <span class='ocrx_word' id='word_1_223' title='bbox 1093 3138 1286 3210; x_wconf 69' lang='lat' dir='ltr'>propositionis</span> 
     </span>
     <span class='ocr_line' id='line_1_29' title="bbox 293 3228 1286 3301; baseline -0.003 -15"><span class='ocrx_word' id='word_1_224' title='bbox 293 3233 391 3286; x_wconf 92' lang='lat' dir='ltr'>inter</span> <span class='ocrx_word' id='word_1_225' title='bbox 418 3229 544 3285; x_wconf 89' lang='lat' dir='ltr'>mendum</span> <span class='ocrx_word' id='word_1_226' title='bbox 570 3228 720 3301; x_wconf 81' lang='lat' dir='ltr'>certissime</span> <span class='ocrx_word' id='word_1_227' title='bbox 751 3231 800 3284; x_wconf 86' lang='lat' dir='ltr'>bue</span> <span class='ocrx_word' id='word_1_228' title='bbox 818 3231 918 3285; x_wconf 84' lang='lat' dir='ltr'>Mureti</span> <span class='ocrx_word' id='word_1_229' title='bbox 935 3230 1122 3286; x_wconf 72' lang='lat' dir='ltr'>emendatione</span> <span class='ocrx_word' id='word_1_230' title='bbox 1140 3232 1286 3288; x_wconf 75' lang='lat' dir='ltr'>subletum:</span> 
     </span>
     <span class='ocr_line' id='line_1_30' title="bbox 292 3322 1285 3402; baseline -0.002 -24"><span class='ocrx_word' id='word_1_231' title='bbox 292 3324 407 3378; x_wconf 76' lang='lat' dir='ltr'>Habet</span> <span class='ocrx_word' id='word_1_232' title='bbox 433 3322 672 3398; x_wconf 40' lang='lat' dir='ltr'>(c&#39;odd5bnbes)</span> <span class='ocrx_word' id='word_1_233' title='bbox 700 3325 810 3377; x_wconf 84' lang='lat' dir='ltr'>sutem</span> <span class='ocrx_word' id='word_1_234' title='bbox 840 3339 905 3377; x_wconf 90' lang='lat' dir='ltr'>nen</span> <span class='ocrx_word' id='word_1_235' title='bbox 924 3326 1070 3402; x_wconf 85' lang='lat' dir='ltr'>tuntum</span> <span class='ocrx_word' id='word_1_236' title='bbox 1098 3342 1179 3379; x_wconf 87' lang='lat' dir='ltr'>usus</span> <span class='ocrx_word' id='word_1_237' title='bbox 1204 3323 1285 3395; x_wconf 87' lang='lat' dir='ltr'>(eodd.</span> 
     </span>
     <span class='ocr_line' id='line_1_31' title="bbox 294 3408 1286 3489; baseline 0.001 -19"><span class='ocrx_word' id='word_1_238' title='bbox 294 3421 369 3478; x_wconf 77' lang='lat' dir='ltr'>usu)</span> <span class='ocrx_word' id='word_1_239' title='bbox 399 3408 565 3471; x_wconf 70' lang='lat' dir='ltr'>amicitis)</span> <span class='ocrx_word' id='word_1_240' title='bbox 593 3416 725 3471; x_wconf 80' lang='lat' dir='ltr'>veteris</span> <span class='ocrx_word' id='word_1_241' title='bbox 755 3419 913 3470; x_wconf 79' lang='lat' dir='ltr'>et&#39;eertae</span> <span class='ocrx_word' id='word_1_242' title='bbox 932 3416 1091 3489; x_wconf 77' lang='lat' dir='ltr'>¹mugnss&#39;m</span> <span class='ocrx_word' id='word_1_243' title='bbox 1125 3419 1286 3489; x_wconf 81' lang='lat' dir='ltr'>voluptu-</span> 
     </span>
     <span class='ocr_line' id='line_1_32' title="bbox 292 3500 1289 3578; baseline 0.003 -17"><span class='ocrx_word' id='word_1_244' title='bbox 292 3511 371 3573; x_wconf 85' lang='lat' dir='ltr'>tem,</span> <span class='ocrx_word' id='word_1_245' title='bbox 406 3508 464 3563; x_wconf 90' lang='lat' dir='ltr'>sed</span> <span class='ocrx_word' id='word_1_246' title='bbox 499 3500 777 3567; x_wconf 76' lang='lat' dir='ltr'>etieminitium</span> <span class='ocrx_word' id='word_1_247' title='bbox 803 3512 834 3562; x_wconf 91' lang='lat' dir='ltr'>et</span> <span class='ocrx_word' id='word_1_248' title='bbox 858 3510 1070 3578; x_wconf 83' lang='lat' dir='ltr'>eompurstio</span> <span class='ocrx_word' id='word_1_249' title='bbox 1096 3504 1183 3577; x_wconf 84' lang='lat' dir='ltr'>(oodd.</span> <span class='ocrx_word' id='word_1_250' title='bbox 1206 3527 1289 3564; x_wconf 91' lang='lat' dir='ltr'>eom·</span> 
     </span>
     <span class='ocr_line' id='line_1_33' title="bbox 293 3601 1292 3671; baseline 0.003 -17"><span class='ocrx_word' id='word_1_251' title='bbox 293 3601 522 3669; x_wconf 75' lang='lat' dir='ltr'>perationem)</span> <span class='ocrx_word' id='word_1_252' title='bbox 550 3602 659 3655; x_wconf 80' lang='lat' dir='ltr'>nosse?</span> <span class='ocrx_word' id='word_1_253' title='bbox 706 3601 764 3655; x_wconf 86' lang='lat' dir='ltr'>Hoc</span> <span class='ocrx_word' id='word_1_254' title='bbox 795 3602 867 3655; x_wconf 91' lang='lat' dir='ltr'>enim</span> <span class='ocrx_word' id='word_1_255' title='bbox 893 3604 993 3671; x_wconf 83' lang='lat' dir='ltr'>agitur,</span> <span class='ocrx_word' id='word_1_256' title='bbox 1015 3604 1097 3657; x_wconf 81' lang='lat' dir='ltr'>etism</span> <span class='ocrx_word' id='word_1_257' title='bbox 1115 3605 1292 3659; x_wconf 85' lang='lat' dir='ltr'>exinitioet</span> 
     </span>
     <span class='ocr_line' id='line_1_34' title="bbox 296 3693 1292 3770; baseline 0.008 -25"><span class='ocrx_word' id='word_1_258' title='bbox 296 3694 490 3770; x_wconf 77' lang='lat' dir='ltr'>comparatione</span> <span class='ocrx_word' id='word_1_259' title='bbox 521 3694 650 3748; x_wconf 76' lang='lat' dir='ltr'>umieitin</span> <span class='ocrx_word' id='word_1_260' title='bbox 685 3693 853 3765; x_wconf 79' lang='lat' dir='ltr'>voluptatem</span> <span class='ocrx_word' id='word_1_261' title='bbox 888 3695 999 3765; x_wconf 83' lang='lat' dir='ltr'>percipi.</span> <span class='ocrx_word' id='word_1_262' title='bbox 1053 3695 1145 3750; x_wconf 74' lang='lat' dir='ltr'>blondi</span> <span class='ocrx_word' id='word_1_263' title='bbox 1182 3698 1292 3753; x_wconf 87' lang='lat' dir='ltr'>initium</span> 
     </span>
     <span class='ocr_line' id='line_1_35' title="bbox 290 3786 1293 3862; baseline 0.008 -23"><span class='ocrx_word' id='word_1_264' title='bbox 290 3787 380 3839; x_wconf 90' lang='lat' dir='ltr'>ortum</span> <span class='ocrx_word' id='word_1_265' title='bbox 399 3789 488 3840; x_wconf 88' lang='lat' dir='ltr'>estex</span> <span class='ocrx_word' id='word_1_266' title='bbox 506 3786 609 3841; x_wconf 83' lang='lat' dir='ltr'>hebes</span> <span class='ocrx_word' id='word_1_267' title='bbox 627 3803 675 3857; x_wconf 92' lang='lat' dir='ltr'>pro</span> <span class='ocrx_word' id='word_1_268' title='bbox 701 3786 822 3852; x_wconf 82' lang='lat' dir='ltr'>hebet,</span> <span class='ocrx_word' id='word_1_269' title='bbox 856 3786 973 3842; x_wconf 90' lang='lat' dir='ltr'>nondum</span> <span class='ocrx_word' id='word_1_270' title='bbox 1001 3788 1202 3857; x_wconf 78' lang='lat' dir='ltr'>animadverso,</span> <span class='ocrx_word' id='word_1_271' title='bbox 1223 3792 1293 3862; x_wconf 89' lang='lat' dir='ltr'>quod</span> 
     </span>
     <span class='ocr_line' id='line_1_36' title="bbox 293 3877 1294 3955; baseline 0.008 -23"><span class='ocrx_word' id='word_1_272' title='bbox 293 3877 445 3933; x_wconf 79' lang='lat' dir='ltr'>subiectum</span> <span class='ocrx_word' id='word_1_273' title='bbox 463 3880 604 3935; x_wconf 79' lang='lat' dir='ltr'>sententies</span> <span class='ocrx_word' id='word_1_274' title='bbox 622 3882 700 3945; x_wconf 88' lang='lat' dir='ltr'>esset,</span> <span class='ocrx_word' id='word_1_275' title='bbox 727 3879 840 3948; x_wconf 84' lang='lat' dir='ltr'>scripto,</span> <span class='ocrx_word' id='word_1_276' title='bbox 872 3898 930 3949; x_wconf 81' lang='lat' dir='ltr'>quae</span> <span class='ocrx_word' id='word_1_277' title='bbox 956 3880 1035 3941; x_wconf 56' lang='lat' dir='ltr'>serbi,</span> <span class='ocrx_word' id='word_1_278' title='bbox 1051 3882 1139 3937; x_wconf 82' lang='lat' dir='ltr'>forme</span> <span class='ocrx_word' id='word_1_279' title='bbox 1156 3900 1192 3938; x_wconf 87' lang='lat' dir='ltr'>ne</span> <span class='ocrx_word' id='word_1_280' title='bbox 1205 3902 1253 3955; x_wconf 90' lang='lat' dir='ltr'>per</span> <span class='ocrx_word' id='word_1_281' title='bbox 1267 3902 1294 3940; x_wconf 85' lang='lat' dir='ltr'>se</span> 
     </span>
    </p>

    <p class='ocr_par' dir='ltr' id='par_1_8' title="bbox 199 3969 938 4043">
     <span class='ocr_line' id='line_1_37' title="bbox 199 3969 938 4043; baseline 0.008 -21"><span class='ocrx_word' id='word_1_282' title='bbox 199 3993 202 3999; x_wconf 95' lang='lat'>·</span> <span class='ocrx_word' id='word_1_283' title='bbox 291 3969 400 4040; x_wconf 82' lang='lat' dir='ltr'>quidem</span> <span class='ocrx_word' id='word_1_284' title='bbox 417 3971 446 4026; x_wconf 90' lang='lat' dir='ltr'>in</span> <span class='ocrx_word' id='word_1_285' title='bbox 464 3973 601 4028; x_wconf 85' lang='lat' dir='ltr'>sententis</span> <span class='ocrx_word' id='word_1_286' title='bbox 617 3973 738 4042; x_wconf 74' lang='lat' dir='ltr'>generali</span> <span class='ocrx_word' id='word_1_287' title='bbox 756 3973 821 4028; x_wconf 83' lang='lat' dir='ltr'>terri</span> <span class='ocrx_word' id='word_1_288' title='bbox 840 3977 938 4043; x_wconf 83' lang='lat' dir='ltr'>potest.</span> 
     </span>
    </p>
   </div>
   <div class='ocr_carea' id='block_1_5' title="bbox 0 0 1336 5062">
    <p class='ocr_par' dir='ltr' id='par_1_9' title="bbox 0 0 1336 5062">
     <span class='ocr_line' id='line_1_38' title="bbox 0 0 1336 5062; baseline 0 1"><span class='ocrx_word' id='word_1_289' title='bbox 0 0 1336 5062; x_wconf 95' lang='lat' dir='ltr'> </span> 
     </span>
    </p>
   </div>
  </div>
 </body>
</html>
