2662 5046
227 249 289 317 Μ
370 286 375 304 .
587 247 856 318 mmmm

165 407 335 533 &semper
366 445 519 513 easdem
555 446 772 512 sententias
801 446 846 510 ab
880 444 1125 514 eisdem...
1162 468 1266 515 esse*

94 565 104 584 ⁹
187 555 375 623 defensus.
398 550 519 617 'Scrib
549 550 625 615 baec
652 550 695 616 de
724 550 1036 634 sapientissimis
1065 553 1165 619 vir-is

186 661 429 726 monumenta
462 657 572 723 uobis
604 666 636 720 et
678 655 1135 739 littera-prodiderunt,
1180 678 1257 725 nour

187 782 339 849 semper
360 766 419 830 cet.
820 814 826 830 ,

279 868 349 936 I‘ro
379 868 500 935 Scauro
535 867 589 932 16:
628 868 755 948 Quare
781 867 821 932 in
854 887 905 933 eo.
925 886 1064 952 genere
1089 888 1259 935 accusa·-

187 975 306 1041 tiouis
342 976 374 1042 si
409 974 603 1054 vincerer,
646 974 937 1039 succumberem
974 975 1011 1038 et
1050 976 1259 1052 cederem:

186 1080 362 1147 vincerer
383 1079 485 1145 omui
507 1099 560 1157 re,
583 1079 758 1144 vincerer
779 1097 915 1154 cuusu,
944 1080 1261 1148 uincererucri·-

187 1189 280 1252 tate.
325 1185 401 1265 Quis
422 1203 482 1250 nou
504 1183 590 1249 videt
611 1184 807 1257 ¹scribendum
829 1202 922 1250 esset.
950 1185 1250 1254 uincerercaim

186 1291 360 1368 cavino.
383 1293 465 1356 cet?
1001 1357 1005 1364 ¹
1114 1330 1141 1347 .

286 1397 353 1466 Ibd,
393 1395 449 1460 24:
504 1395 621 1478 Atqui
656 1394 829 1461 homiues
858 1395 1078 1478 prudentes·
1103 1400 1264 1474 catur-a„

186 1503 326 1569 callidi
355 1521 440 1579 usu,
476 1499 650 1566 dottriuu
673 1499 834 1578 eruditi;
866 1504 999 1567 tamen
1019 1506 1078 1568 oet.
1122 1505 1250 1571 Rectius

185 1609 297 1675 littera
344 1606 538 1692 separandae:
589 1605 640 1668 At
687 1607 753 1690 qai
793 1606 988 1672 homiues?
1029 1608 1266 1676 Prudentes-

186 1718 335 1790 natura,
370 1715 429 1779 oet.

285 1819 421 1906 Philipp.
449 1818 495 1894 ΙΙ,
521 1819 561 1882 55
584 1837 620 1883 ex
642 1836 691 1899 eo,
725 1819 805 1901 quod
830 1818 862 1882 iu
895 1818 1049 1885 codicibus
1085 1821 1265 1886 scribitur:-

187 1923 238 1988 Ut
272 1925 421 1989 Helena
449 1923 652 2002 Troianis,
696 1925 753 1989 sio
789 1924 867 1988 iste
900 1923 990 1989 buit
1020 1925 1112 2009 reip.
1148 1926 1267 1991 belli.

186 2048 301 2095 causa
320 2029 445 2112 pestis
468 2031 584 2112 atque
606 2029 719 2094 exitii
748 2029 839 2105 lcii,
872 2030 1055 2113 simpliciter
1075 2029 1252 2097 tollendum

187 2136 236 2202 est
256 2136 368 2211 belli,
400 2135 591 2218 adscriptum
626 2135 665 2200 ad
686 2135 811 2219 pestis
833 2135 947 2218 utque
969 2135 1095 2212 exitii,
1132 2135 1265 2219 relique.

186 2241 328 2308 tenenda.
371 2240 427 2320 (Er
450 2241 524 2307 edit.
547 2245 656 2325 quarta
677 2243 765 2307 oratt.
788 2240 868 2315 seli.)

286 2346 421 2435 Philipp.
452 2348 537 2426 XIII,
569 2346 632 2426 44,
667 2365 738 2412 oum
766 2347 797 2412 in
829 2346 982 2412 codicibus
1008 2347 1053 2410 sic
1082 2346 1267 2412 scribaturr.

185 2453 261 2519 nisi
293 2452 397 2520 lorte
429 2472 511 2519 eum
545 2453 726 2520 subsidio
758 2453 840 2518 tibi
876 2450 1269 2519 veniresrbitraris.

184 2576 268 2624 cum
312 2559 552 2625 fortissimis
595 2557 840 2642 legionibus,
875 2560 1037 2625 marimo
1072 2557 1268 2640 equitatu.

184 2663 371 2748 peditatu
406 2667 478 2741 (noc
499 2662 772 2746 peditatuque)
795 2665 1012 2740 Gallorum,
1035 2681 1269 2747 cumquecou·-

186 2770 250 2836 stet
280 2789 316 2835 ex
339 2769 469 2835 Caesaris
502 2768 626 2853 scriptis
651 2770 808 2837 Romanos
833 2770 889 2835 boc
910 2773 1047 2852 tempore
1068 2771 1133 2835 suis
1155 2771 1255 2856 legio·

184 2873 274 2939 uibus
298 2876 415 2959 equites
438 2874 543 2940 Gallos
575 2873 760 2953 adiunxisse,
792 2874 946 2958 peditibus
969 2874 1066 2942 Gallis
1096 2894 1158 2940 uon
1180 2895 1271 2942 usos.

186 2979 259 3061 (nisi
280 2999 348 3046 raro
371 2984 403 3047 et
426 2980 541 3064 paucis,
575 2983 610 3046 ut
631 2981 824 3064 Aquilams),
857 2983 974 3046 certum
998 2983 1056 3061 est.
1070 2981 1268 3047 tollendum¹

183 3104 252 3152 esse
278 3086 478 3170 peditatu,
513 3085 593 3168 quod
615 3086 756 3152 additum
785 3088 827 3152 ub·
843 3087 1024 3171 aliquoest,
1047 3088 1100 3170 qui
1121 3087 1272 3172 legioni-⁴

182 3190 240 3256 bus
274 3191 411 3258 eiusdem
444 3191 566 3276 generis
594 3191 730 3259 Gallicas
764 3193 865 3277 copias
892 3193 1018 3278 adiungi
1051 3191 1162 3258 debere
1195 3213 1256 3276 pu·

183 3296 271 3362 tavit.
999 3347 1001 3349 -

282 3402 349 3469 lbd.
372 3403 430 3467 49:
475 3402 565 3469 (lum
586 3404 656 3469 boc
677 3423 809 3488 paoem
832 3404 875 3469 M.
898 3402 1117 3485 Lepidus,
1142 3452 1150 3468 .
1174 3451 1199 3480 .,
1222 3404 1270 3470 si,

180 3507 257 3572 baec
280 3508 458 3588 videret,
494 3508 660 3593 denique
690 3511 755 3574 sut
776 3509 906 3574 vellet
928 3512 1000 3574 aut
1022 3508 1114 3573 fieri
1142 3528 1273 3592 posse·

181 3613 470 3682 arbitraretur?
534 3614 633 3681 Preue
679 3615 801 3698 ponitur
844 3614 1020 3698 denique.
1081 3613 1256 3698 Scripserat

182 3717 303 3784 Cicero:
341 3720 374 3786 si
406 3719 484 3784 baec
505 3719 667 3794 videret,
689 3720 848 3784 audiret
869 3720 1030 3804 denique
1053 3720 1096 3799 (id
1119 3724 1178 3799 est,
1201 3723 1256 3786 aut

182 3823 293 3889 saltem
315 3824 459 3905 audiret),
492 3828 558 3891 aut
590 3824 720 3891 vellet
752 3826 820 3890 aut
850 3827 871 3892 I.
904 3846 931 3910 p.
964 3826 1274 3892 arbitrareturl'

182 3927 282 4007 Quam
307 3930 398 3996 facile
422 3931 555 3996 alterum
578 3932 708 3998 uerbum
733 3932 871 3998 excidere
895 3933 1040 4014 potuerIt,
1062 3935 1201 4014 apparet.

284 4035 328 4099 Ex
364 4034 413 4111 iis,
450 4054 517 4118 quae
557 4037 597 4103 ad
623 4036 784 4103 Ciceronis
811 4036 964 4125 epistulas
1001 4035 1054 4103 ad.
1075 4037 1273 4106 familiares-
