2656 5056
505 712 696 781 Quintilianus.
1026 710 1085 773 541

66 918 238 984 transferri.
290 916 337 980 De
359 914 469 980 erroris
490 931 603 997 genero
624 912 685 977 dixi
706 913 776 1010 post
797 909 1074 978 Drakenborchinm
1098 915 1131 977 et

67 1023 286 1088 Ruhnkonium
309 1040 410 1106 opusc.
433 1021 518 1086 acad.
541 1020 599 1085 vol.
621 1019 675 1084 alt.
698 1013 728 1101 p.
751 1017 822 1084 361.

172 1129 239 1195 Lib.
261 1127 317 1200 XI,
356 1129 382 1201 1,
415 1125 450 1190 3:
485 1125 517 1190 si
538 1143 658 1210 genus
680 1122 843 1189 sublime
866 1123 1021 1190 dicendi
1042 1144 1130 1208 por·
1265 1188 1278 1219 ⁶

68 1236 129 1300 vis
164 1233 313 1307 causis,
346 1250 502 1316 parvum
538 1231 791 1313 limatumque
823 1230 1035 1314 grandibus

66 1327 347 1408 adhibeamus?
401 1339 534 1404 Parvum
580 1334 701 1401 dicandi
741 1355 836 1420 genus
880 1356 933 1419 pro
974 1338 1058 1402 tenni
1099 1341 1131 1403 ct

67 1447 180 1512 humili
216 1449 249 1511 et
280 1448 383 1511 contra
414 1464 502 1510 usum
525 1445 557 1507 et
578 1441 707 1507 ridicule
728 1442 848 1508 dicitur.
902 1443 946 1507 llo
968 1443 1130 1526 procliuius

66 1553 126 1619 hic
145 1552 228 1618 idem
250 1570 347 1631 error,
382 1570 474 1635 quem
500 1550 531 1614 in
552 1548 613 1625 IX,
649 1549 680 1625 4,
714 1549 1020 1632 tdeprehendimus
1041 1569 1130 1632 par·

67 1679 155 1724 vum
188 1677 241 1741 pro
263 1658 322 1723 alio
344 1657 494 1723 adiectiuo
516 1656 686 1731 substituit,
708 1656 789 1740 quod
810 1656 956 1738 precedit
977 1655 1131 1739 parvis;

69 1765 281 1845 Quintilianus
299 1785 464 1849 parcum
486 1764 738 1846 limatumque
760 1765 910 1847 posuerat.

516 2269 601 2354 Cup.
625 2270 683 2334 VI.

401 2506 403 2511 Ι
432 2435 548 2492 Tacitus.
620 2437 770 2492 Suetonius.

172 2623 353 2692 Cornelium
379 2621 539 2701 Tacitum,
573 2624 729 2708 egregium
751 2624 929 2707 scriptorem
952 2642 1008 2688 uec
1028 2625 1131 2688 tamen

68 2734 126 2798 aut
147 2722 179 2797 in
200 2730 355 2797 scribendi
386 2749 498 2815 genere
531 2729 679 2795 adeotatae
711 2728 868 2795 cuiusdam
901 2729 1021 2795 duritia
1043 2729 1131 2813 culpa

67 2837 264 2904 liberandum
301 2838 355 2902 sut
393 2837 423 2901 in
456 2853 526 2900 sero
566 2835 682 2901 minute
716 2835 896 2920 exquirendo
928 2836 1131 2901 severissima

69 2963 195 3027 semper
226 2940 392 3026 diligentiae
426 2942 458 3005 et
485 2942 516 3006 in
547 2942 637 3006 rebus
659 2941 818 3007 narrandis
841 2941 993 3006 interdum
1016 2940 1134 3024 aliquid

69 3050 294 3116 sententiarum
334 3047 465 3112 acumini
501 3048 532 3112 et
563 3049 707 3131 mactati
739 3051 771 3112 et
802 3047 926 3113 omnino
958 3046 1131 3129 scriptionis

71 3156 167 3222 colori
189 3154 331 3230 dautem,
364 3151 427 3236 legi
460 3157 492 3219 et
513 3154 689 3220 adolescens
710 3155 845 3221 studiose
867 3158 898 3220 et
919 3153 1081 3238 diligenter
1102 3156 1133 3218 et

70 3264 180 3346 postea
200 3280 260 3327 non
284 3279 351 3326 raro
372 3261 511 3338 tractavi,
539 3279 609 3325 cum
632 3262 725 3327 etiam
747 3264 850 3346 partes
872 3261 988 3345 aliquot
1009 3278 1132 3324 enarra·

71 3386 139 3433 rem
178 3365 321 3432 studiosis
348 3368 422 3440 aut,
453 3367 617 3450 inquibus
651 3388 683 3433 se
715 3371 898 3443 exercerent,
923 3385 1131 3451 proponerem.

70 3473 154 3539 Usus
176 3491 245 3538 sum
267 3490 357 3550 nunc,
380 3492 449 3538 cum
476 3473 548 3538 olim
572 3476 719 3541 annotata
740 3491 1000 3558 recognoscerem,
1022 3475 1132 3555 praetor

69 3577 261 3662 superiorum
313 3597 420 3654 curas,
474 3599 540 3663 quae
584 3580 713 3646 Belrlreri
756 3579 887 3646 editione
931 3578 1131 3652 continentur,
1259 3600 1263 3608 ¹

69 3682 195 3756 Orellii‚
227 3682 362 3759 Halmii,
402 3685 511 3750 Ritteri
548 3687 710 3769 exemplis,
752 3684 929 3770 Nipperdeii
965 3682 1131 3759 aradium,

69 3789 173 3854 Heraei
205 3788 416 3864 historiarum
453 3809 489 3856 sx
511 3791 567 3866 iis,
601 3810 668 3874 quoe
700 3792 739 3856 ab
770 3791 839 3856 aliis
874 3808 968 3874 nuper
999 3789 1131 3874 sparsim

68 3895 190 3977 prolata
211 3898 292 3972 sunt,
314 3894 403 3961 facile
425 3915 474 3961 mc
496 3896 636 3980 quadam
659 3895 764 3980 lugere
786 3899 957 3980 potnemnt,
990 3897 1048 3962 etsi
1071 3915 1131 3962 non

68 4018 194 4084 prorsus
221 4000 370 4068 incuriose
402 4001 708 4085 circumspicientem.
761 4002 829 4079 ursi
861 4005 966 4067 autem
999 4005 1031 4068 et
1063 4022 1132 4070 ors·

68 4107 162 4172 tionis
198 4107 329 4173 artificia
365 4110 397 4172 et
425 4110 645 4174 sententiarum
680 4110 822 4174 acumina
852 4109 943 4192 paulo
976 4110 1131 4175 interdum

68 4211 195 4278 duriora
216 4215 304 4279 caute
334 4215 513 4300 attingenda
534 4211 599 4300 ipse
627 4234 747 4300 qnoque
772 4214 872 4281 iudico
896 4235 951 4282 uec
975 4215 1131 4290 mouenda,
1173 4209 1175 4213 ’

69 4318 130 4384 nisi
160 4339 235 4403 vquae
267 4321 380 4394 iustam
413 4311 637 4388 excusationem
670 4340 728 4387 non
763 4322 929 4408 recipiunt,
964 4325 1066 4388 tamen
1100 4323 1131 4388 iu

68 4427 171 4492 Taciti
193 4446 312 4510 quoque
346 4429 470 4512 scriptis
493 4448 552 4494 non
580 4428 625 4494 ita
646 4429 750 4512 paucis
780 4430 857 4495 locis
889 4428 1006 4507 servari
1028 4428 1133 4504 miror,

69 4550 139 4615 quae
160 4532 223 4611 iam
247 4536 368 4600 veteres
389 4534 436 4599 illi
459 4534 603 4613 Pichena,
636 4534 781 4611 Faernus,
810 4536 978 4613 Acidalius,
1000 4536 1132 4620 Lipsius,
1227 4622 1229 4627 ,
