2656 5056
443 677 581 734 Ciceronis
599 679 746 736 orationes.
1030 682 1086 744 127

26 874 113 943 :sed
136 874 246 956 pudori
268 876 300 940 ot
320 874 403 954 fidoi,
426 894 493 958 quae
515 877 632 961 proprie
654 876 811 943 bominem
836 877 868 942 in
890 879 1023 962 negotiis
1039 898 1129 946 occu·

16 1011 30 1016 ἡ·
55 981 166 1064 patum
200 981 423 1057 commendant,
456 999 547 1065 prave
580 1001 616 1047 ex
645 1000 732 1066 aequo
766 983 946 1068 adiungitur
977 986 1127 1062 virtus,

55 1104 128 1169 quaa
151 1088 184 1151 at
204 1085 277 1152 illas
291 1086 398 1153 laudes
415 1087 446 1153 et
461 1090 579 1154 ceteras
594 1089 748 1154 communi
763 1089 887 1155 notione
903 1090 1126 1173 complectitur.

53 1192 220 1257 Accedunt
241 1211 310 1258 cum
325 1212 445 1259 summa
461 1195 627 1260 offensione
640 1193 774 1277 repetita
788 1195 881 1260 verba
894 1198 1072 1279 (cognita
1086 1233 1127 1244 —

22 1334 28 1374 .;
52 1298 732 1381 cognitum,virtute-*virtutiset
749 1301 1038 1380 humanitatis),
1052 1320 1126 1385 quo-

50 1422 125 1466 rum
149 1404 314 1487 utmmqus
336 1406 435 1472 altero
457 1408 523 1473 loco
544 1412 628 1472 recte
643 1409 675 1472 et
689 1407 760 1489 apte
775 1408 910 1490 positum
927 1409 984 1473 est.
1022 1408 1127 1474 Cicero

51 1508 137 1572 nihil
169 1508 293 1591 scripsit
326 1513 403 1578 nisi:
443 1514 648 1598 singulari
687 1515 837 1596 pudore
870 1514 909 1578 et
940 1504 1126 1596 spectata

12 1693 13 1697 Ἰ
51 1613 158 1692 iide3
192 1617 272 1698 quod
295 1617 510 1700 interponitur,
543 1619 699 1685 virtuts
732 1619 913 1703 cognita,
952 1621 991 1685 ab
1025 1620 1125 1686 aliena

50 1740 149 1788 manu
181 1723 321 1788 additum
355 1724 403 1789 est
424 1728 455 1791 et
478 1744 514 1790 er
540 1725 590 1803 iis,
619 1745 687 1809 qua
709 1725 843 1808 proxime
865 1730 1043 1808 sequuntur,
1066 1726 1126 1792 huc

8 1874 14 1909 7
49 1831 231 1895 retractum.
276 1829 410 1912 [Irascor
441 1830 529 1905 mihi,
562 1831 644 1914 quod
678 1850 735 1895 non
766 1830 1038 1896 animadverterim
1068 1832 1126 1898 boc

47 1938 118 2000 iam
140 1935 312 2020 Kayserum
335 1935 474 2022 uidisse]

156 2053 221 2119 Pro
243 2053 388 2121 Cluentio
413 2054 471 2117 103
494 2054 608 2132 Cicero,
632 2057 667 2119 ut
690 2053 894 2136 suspicionem
923 2054 1030 2136 diluat,
1057 2075 1124 2140 quae

48 2161 84 2223 in
108 2158 287 2226 Cluentium
316 2179 351 2225 es
378 2158 494 2225 Staieni
524 2159 719 2226 damnatione
754 2160 932 2239 ducebatur,
966 2161 1055 2244 quasi
1088 2179 1124 2227 ea

49 2265 290 2332 confirmaretur
310 2265 471 2332 Staienum
495 2268 623 2349 pecunia
644 2286 663 2332 a
684 2264 827 2332 Cluentio
860 2268 985 2351 accepta
1006 2268 1035 2332 in
1060 2265 1139 2349 op.

48 2356 171 2453 pianici
192 2371 308 2437 iudicio
330 2372 447 2437 iudices
469 2375 648 2455 corrupisse,
671 2364 836 2456 postquam
851 2373 1011 2439 Staienum
1028 2373 1122 2439 maie·

48 2477 146 2542 statis
179 2476 361 2544 damnatum
393 2497 459 2543 esse
491 2478 577 2553 dixit,
601 2480 718 2545 Staieni
740 2479 930 2546 damnationi
953 2480 1123 2545 contrarias

47 2581 141 2665 ponit
162 2583 237 2648 duas
260 2584 294 2649 G.
317 2584 502 2650 Fidiculanii
525 2586 669 2665 Falcula,
701 2587 808 2669 quiin
832 2585 939 2664 eadem
962 2584 1123 2670 Oppianici

47 2708 146 2755 cansa
167 2689 259 2755 iudex
280 2689 400 2765 fuisset,
422 2691 642 2768 absolutiones,
667 2712 736 2758 cum
760 2693 807 2758 bis
829 2694 900 2775 post
920 2678 952 2758 id
974 2691 1123 2758 iudicium
1208 2681 1210 2686 ’

47 2797 215 2862 accusatus
238 2799 328 2861 esset.
385 2799 431 2863 Ac
459 2796 591 2880 priorem
613 2798 738 2881 quidem
758 2798 985 2863 absolutionem
1007 2818 1040 2865 se
1063 2817 1121 2863 non

46 2920 214 2967 numerare
236 2901 321 2975 dicit,
345 2902 426 2984 quod
448 2901 658 2969 Fidiculanius
687 2906 754 2969 tum
784 2922 845 2968 non
873 2904 994 2986 proprie
1024 2905 1122 2986 captae

47 3010 91 3075 ob
114 3027 179 3072 rem
202 3007 399 3085 iudicandam
420 3011 558 3091 pecunia
579 3012 740 3075 accumtus
761 3010 888 3086 luisset;
911 3010 1010 3075 altera
1028 3008 1123 3074 rebe·

49 3116 176 3179 menter
195 3114 310 3191 utitur;
334 3135 405 3191 nam
427 3119 495 3181 tum
518 3116 743 3182 Fidiculanium
759 3117 998 3200 repetundarum
1013 3120 1121 3197 postu·

46 3222 152 3286 latum
173 3218 276 3295 luisse,
299 3221 387 3286 cuius
408 3222 514 3287 iudicii
544 3211 712 3306 proprium
729 3223 773 3288 sit
800 3222 833 3288 in
858 3224 999 3289 senators
1025 3222 1122 3303 capte

46 3328 90 3393 ob
114 3345 178 3392 rem
200 3327 397 3392 iudicandam
420 3331 555 3410 pecuniae
577 3330 701 3395 crimen.
747 3329 784 3394 ln
815 3328 883 3411 ipso
909 3327 969 3393 hoc
989 3326 1122 3391 transitu

45 3454 69 3500 a
107 3433 218 3514 prioris
256 3433 442 3499 Fidiculanii
478 3435 682 3501 absolutionis
718 3437 873 3500 mentione
910 3434 949 3499 ad
993 3432 1121 3498 alterius

45 3539 375 3605 commemorationem
406 3540 638 3625 interponuntur
666 3542 760 3608 rerba
788 3541 908 3624 aliquot
937 3540 975 3605 de
998 3539 1122 3606 Staieno

48 3645 200 3711 mendose
221 3645 336 3728 scripta
356 3648 388 3711 et
409 3648 534 3713 obscure
552 3667 621 3713 cum
638 3647 756 3730 reliqua
770 3648 907 3713 oratione
922 3647 1121 3712 cobaerantia:

47 3752 170 3833 capta
191 3770 383 3834 nusquam
401 3752 591 3819 Staienus
614 3754 748 3819 cadem
771 3753 861 3837 lege
884 3752 998 3819 dixit.
1033 3754 1123 3819 Pro-

46 3855 180 3939 prium
216 3858 365 3923 crimen
398 3859 506 3925 illud
540 3859 781 3943 questionis
811 3858 897 3925 eius
928 3878 1000 3925 non
1032 3859 1119 3924 luit.

47 3961 337 4030 Fidiculanius
359 3969 418 4031 eat.
462 3965 650 4048 Diligentius
673 3965 846 4031 attendenti
865 3964 1024 4048 apparebit
1041 3965 1123 4031 hunc

46 4087 119 4134 esse
152 4067 369 4152 disputationis
402 4076 433 4137 et
462 4072 741 4155 argumentationis
773 4070 921 4151 ordinem,
953 4074 1000 4149 ut,
1033 4071 1122 4137 linita
1201 4117 1204 4122 -

46 4174 162 4260 prioris
200 4176 381 4243 Fidiculanii
417 4178 620 4243 absolutionis
656 4178 957 4256 commemoratione,
1003 4176 1120 4255 Cicero,
1250 4204 1251 4207 ¹

46 4284 216 4366 antequam
247 4283 286 4349 ad
313 4282 442 4348 alteram
470 4285 618 4363 transeat,
648 4304 739 4369 quam
762 4284 881 4368 proprie
903 4283 942 4348 ad
964 4303 1029 4349 rem
1053 4303 1122 4370 per·

47 4389 151 4453 tinere
179 4389 264 4467 dicit,
293 4391 337 4455 rai
364 4391 572 4473 praeparanda
599 4410 690 4457 causa
718 4391 854 4457 breviter
882 4391 1064 4476 interponat,
1088 4392 1121 4455 in

48 4495 178 4562 Staieno
201 4495 378 4561 huiusmodi
399 4495 559 4569 iudicium,
582 4496 664 4579 quod
685 4498 805 4580 proprie
819 4497 858 4563 ad
874 4500 971 4583 captae
985 4495 1121 4581 pecunia
