2648 5084
81 243 147 364 ¹².
245 241 363 341 ω’
461 239 465 243 ’
546 214 873 342 Ἵῑὴιιοίμι.
932 256 949 351 g

86 501 93 519 ·
204 474 383 540 custodia
421 465 582 538 (lr'atero
616 472 799 548 traditum
833 478 1071 539 castrorum
1106 481 1144 542 et
1177 447 1266 540 eier-

204 582 306 647 citus
339 583 376 644 et
409 598 537 644 rerum
571 598 661 645 cura
682 579 884 662 Meleagro
916 589 958 644 et
992 581 1197 647 Perdicca
1216 580 1266 646 ad·

204 689 405 771 signatur,
449 687 507 749 cet.
564 684 713 750 Perverse
751 690 783 749 et
816 684 947 749 ridicule
992 688 1145 754 omnibus
1178 706 1268 770 super·

205 794 328 859 additur
349 792 504 857 infinitum
527 790 604 855 illud
632 811 766 856 rerum.
811 791 1017 857 Scribendum
1042 815 1177 876 repam
1198 787 1275 871 (inl

19 918 37 992 ‘0
80 882 148 995 „³⁴
206 900 265 965 daei
287 904 318 965 el
334 901 464 964 Rouana
485 897 611 980 filiique,
633 900 685 981 qui
709 917 745 962 er
767 915 805 962 ea
830 900 1103 981 exspectabatur).
1141 901 1268 964 Declarat

207 1007 274 1081 hoc,
297 1004 376 1089 quod
397 1005 477 1095 infra
501 1004 600 1076 (cd,
640 1006 691 1081 10)
712 1005 840 1088 legitur:
892 1005 1088 1071 Perdicca
1118 1008 1268 1076 ...Ari-

21 1105 25 1114 ’
52 1151 58 1164 -
206 1112 322 1176 dueum
347 1109 607 1175 etAlerandri
631 1113 762 1195 magni
784 1112 1170 1194 lilium...,quorum
1195 1128 1269 1175 curs

135 1209 139 1218 ⁴
205 1217 268 1281 illi
290 1217 469 1282 mandata
500 1217 642 1311 fuerat.
685 1218 833 1282 Diodorus
857 1216 916 1281 Sic.
938 1216 1065 1295 XVlll,
1091 1218 1133 1282 ⁶23
1158 1217 1270 1282 Perdic·

207 1341 274 1386 cam
307 1323 413 1387 scribit
452 1318 518 1406 τήν
555 1325 638 1388 τών
667 1325 877 1410 βασιλέων
912 1327 1139 1407 προστασίαν
1173 1349 1271 1408 napu-

206 1432 341 1513 lapion,
378 1431 437 1494 etsi
470 1430 563 1495 homo
586 1432 745 1515 negligens
780 1449 929 1513 nusquam
963 1437 1200 1498 commemorat
1223 1430 1270 1494 nid

206 1536 379 1612 Aridaeum3
409 1536 463 1601 cir.
491 1537 530 1600 29
552 1538 618 1603 init.
656 1541 733 1604 Post
748 1539 899 1603 Perdicca
921 1541 1059 1602 mortem
1084 1540 1141 1604 alii
1165 1544 1270 1623 ἐπιμε-

206 1645 302 1727 ληταὶ
327 1644 396 1709 τών
418 1646 587 1728 βασιλέων
610 1650 760 1719 creantur,
794 1643 855 1708 ibd.
885 1643 940 1720 36;
975 1645 1030 1710 cfr.
1057 1644 1102 1708 39
1127 1645 1208 1716 init,
1228 1644 1270 1717 47,

206 1750 257 1828 48,
295 1750 346 1824 49,
380 1750 430 1816 50.
478 1752 522 1818 Ut
551 1753 601 1818 hic
624 1772 747 1817 rerum
771 1768 824 1833 pro
846 1769 994 1834 regum,
1028 1753 1079 1815 ita
1102 1753 1146 1826 ll,
1185 1757 1210 1828 1,
1240 1748 1270 1817 12

206 1876 261 1940 pro
292 1858 491 1941 regionum
523 1861 553 1924 in
587 1857 743 1926 codicibus
776 1857 916 1922 scribitur
956 1861 1000 1933 (et
1022 1860 1111 1939 apud
1135 1859 1272 1940 leepium,

208 1967 241 2027 ut
263 1963 422 2042 decebat);
456 1969 561 2032 contra
590 1979 733 2050 regum,
756 1983 809 2046 pro
840 1981 966 2027 rerum
991 1964 1075 2046 apud
1102 1964 1272 2029 Ciceronem

208 2070 246 2134 de
269 2069 351 2135 finib.
372 2072 408 2145 V,
430 2073 479 2136 49.
523 2073 584 2138 Sed
619 2092 680 2137 non
706 2072 809 2135 minus
830 2068 990 2151 corruptus
1012 2069 1097 2133 alter
1122 2072 1177 2136 ille
1199 2071 1291 2135 locor·

207 2195 235 2242 c.
258 2176 287 2250 6,
324 2178 387 2254 10,¹
405 2179 557 2262 latiusque
588 2179 631 2246 ihi
663 2178 750 2242 ulcus
788 2177 900 2258 serpsit
932 2179 964 2239 et
996 2177 1194 2242 occultatum
1225 2179 1273 2240 est

207 2280 289 2349 Nam
313 2285 392 2368 quod
425 2287 469 2350 ita
495 2284 660 2361 scribitur:
714 2283 902 2349 Perdicca
935 2282 1135 2348 alienatis
1169 2283 1273 2349 rebus

207 2391 399 2457 Aridaenm
432 2394 470 2457 et
502 2389 719 2456 Alexandri
752 2391 878 2470 magni
900 2388 1029 2454 lilium
1065 2391 1106 2454 in
1132 2390 1273 2474 Cappa·

207 2498 500 2582 dociaqnorum
518 2496 684 2561 curailli
707 2493 891 2560 mandata
912 2495 1112 2570 lueratde
1136 2513 1272 2561 summu

208 2604 302 2669 belli
324 2605 360 2670 in
384 2604 594 2669 consilium
611 2601 781 2676 adhibet,
796 2599 915 2683 quaesit
931 2599 984 2663 illa
999 2600 1153 2667 alienatio
1169 2622 1272 2675 rerum,

206 2711 338 2794 intelligi
372 2710 477 2792 nequit
498 2727 681 2792 prorsusque
702 2708 836 2791 gratuito
859 2706 998 2778 sumitur,
1034 2709 1118 2789 quod
1143 2708 1270 2775 Graerius
1322 2740 1324 2830 4

207 2817 302 2900 pouit,
325 2816 490 2900 significari
512 2814 575 2880 alia
596 2816 720 2899 negotia
741 2818 773 2878 et
797 2832 885 2878 curas
907 2815 1058 2894 sepositas
1083 2818 1270 2887 etomissae;

207 2924 381 2988 alienantur
402 2942 462 2999 res,
485 2942 551 3007 quae
574 2926 684 2988 nostrae
707 2921 861 3002 nostrique
890 2919 1009 2983 arbitrii
1031 2939 1101 2985 esse
1125 2923 1268 2987 desinunt

207 3029 315 3113 Neque
347 3028 509 3103 Perdiccas
543 3028 719 3103 Aridaenm,
761 3026 870 3092 debilis
902 3025 997 3090 animi
1035 3027 1212 3102 hominem,
1245 3028 1269 3089 et

207 3135 357 3200 infantem
383 3155 478 3217 nuper
511 3140 618 3201 natum
640 3135 670 3198 iu
693 3134 852 3199 consilium
883 3132 1064 3208 advocavit,
1103 3135 1162 3199 sed
1191 3135 1267 3198 ducos

204 3248 236 3307 et
268 3243 382 3307 amicos
412 3241 505 3318 (τούς
530 3266 566 3317 cs
590 3242 709 3325 φίλους
741 3242 794 3304 καὶ
823 3233 904 3311 τούς
925 3229 1122 3322 ἡγεμόνας,
1160 3240 1266 3306 Diodor.

206 3348 266 3416 Sic.
289 3349 405 3421 XVlll,
430 3349 493 3431 25).
550 3348 698 3414 Mendum
722 3346 860 3430 coarguit
881 3346 981 3427 ipsum
1015 3344 1095 3411 illud
1119 3349 1159 3412 in
1182 3348 1267 3428 uap-

204 3455 370 3539 podocia
390 3454 658 3536 ineptissimoloco
681 3453 895 3536 interpositum
918 3454 1191 3536 separatumquea
1211 3469 1266 3514 ver·

204 3561 251 3626 bis
276 3561 314 3625 in
338 3560 548 3631 concilium
577 3560 746 3624 adhibet.
794 3558 1134 3641 Scripseratlustiuus:
1180 3555 1266 3621 oble-

202 3667 303 3749 golin
324 3667 504 3750 regibus,
532 3668 693 3729 Aridoeo
721 3671 759 3731 et
780 3663 998 3730 Alexandri
1021 3663 1266 3750 maguisilio,

203 3772 238 3836 in
270 3771 571 3857 Cappadociam,
610 3791 667 3856 qu.
693 3791 717 3837 c.
740 3762 825 3836 ism.
858 3775 890 3848 l,
923 3770 967 3834 de
1001 3790 1152 3838 summa
1184 3767 1268 3837 belli

203 3878 241 3942 in
264 3878 480 3945 consilium
504 3880 679 3946 adhibet.
729 3878 885 3963 Corruptis
917 3878 1025 3963 primis
1059 3880 1165 3945 verbis
1197 3876 1267 3943 Ari·

202 3984 319 4049 daeurn
343 3986 522 4052 etlilium
547 3989 768 4071 scriptumest,
791 4003 830 4048 ne
853 3982 1014 4048 adhibet
1035 3987 1213 4052 accusativo
1226 4003 1268 4049 oa·
1316 3997 1317 4000 ’

203 4094 292 4157 reret
326 4091 387 4157 Sed
400 4090 783 4173 lustinusabsolute'dirit
801 4093 841 4157 in
865 4092 1090 4158 consilium·
1105 4095 1268 4163 adhibet
