2678 5018
525 664 673 720 Terentius.
859 688 869 704 =
1048 670 1086 732 15

167 861 244 926 llam
284 860 341 925 illa
361 860 459 944 paulo
481 861 535 944 qai
554 862 611 926 oet.
633 861 690 928 hoo
722 862 912 945 significant:
945 865 972 930 si
994 865 1062 947 quis
1083 868 1131 934 est

95 967 160 1049 poulo
188 965 389 1039 tolerabilior,
426 967 492 1031 vol:
527 967 591 1032 eius
612 967 733 1042 iudicio,
768 967 819 1049 qui
846 968 938 1049 paulo
960 971 1130 1038 tolerabilis

94 1074 131 1135 cst
145 1089 190 1135 neo
204 1071 311 1136 omnia
326 1088 433 1135 severe
455 1071 558 1154 erigit,
579 1073 757 1154 pronomine
778 1072 907 1139 relativo
930 1073 1038 1141 Graeoa
1059 1094 1131 1140 oon·

97 1175 226 1240 uetudine
259 1172 310 1252 (ὃς
333 1172 398 1256 do)
416 1175 512 1241 larius
545 1177 697 1256 adiuncto,
730 1180 766 1241 ut
793 1177 853 1242 ulio
874 1177 966 1243 modo
995 1180 1032 1245 lit
1052 1180 1128 1246 Hec.

96 1279 138 1342 608
157 1281 215 1359 (IV,
237 1280 267 1356 3,
291 1281 340 1362 2):
381 1280 464 1343 Ιεειω
485 1290 527 1343 eet
546 1302 659 1366 sapere,
682 1282 744 1365 qni,
765 1282 966 1366 aliquemque
986 1306 1061 1368 opus
1082 1286 1130 1361 eil,

96 1385 204 1445 nicom
223 1387 327 1469 poesis
340 1385 472 1470 flectere.
520 1385 718 1449 Tolerabilem
739 1387 844 1451 autem
868 1386 1031 1454 Terentius
1054 1389 1131 1455 dixit

94 1507 132 1568 pro
158 1490 297 1555 toleranti
332 1491 366 1554 et
392 1491 531 1574 patienti,
552 1496 587 1555 ut
618 1492 692 1557 alibi
713 1490 880 1575 plorabilis
902 1492 999 1557 active
1020 1495 1131 1575 posuit,

94 1595 273 1660 ntluoretius
293 1595 488 1658 mactabilem
504 1596 636 1680 plepem
657 1597 744 1676 dixit,
766 1598 819 1662 alii
838 1596 914 1670 alia3
938 1596 1129 1663 olrLorenz.

90 1698 121 1763 al
137 1697 235 1765 Plauti
254 1700 390 1766 Mostell.
416 1701 506 1762 1147.

168 1805 233 1869 lbd.
257 1805 318 1867 289
342 1806 397 1885 (II,
419 1805 448 1883 3,
469 1806 537 1881 48):

372 1912 439 1975 tum
462 1912 603 1976 ornatam
624 1912 677 1986 ita,
700 1910 746 1975 uti
768 1930 835 1992 quae
853 1914 1000 1976 ornantur
1021 1911 1089 1989 sibi,

169 2016 253 2080 nulla
274 2015 359 2080 mala
379 2034 412 2080 re
434 2034 501 2080 esse
523 2016 688 2098 expolitum
712 2016 872 2092 muliebri3

170 2118 219 2183 Sic
241 2120 342 2184 editur
364 2139 380 2184 e
402 2119 468 2184 cod.
497 2120 665 2196 Bembiuo;
699 2121 730 2186 in
766 2122 875 2187 ceteris
912 2121 994 2210 enim
1015 2118 1132 2181 matam

82 2223 226 2299 scribitnr3
250 2224 305 2289 sed
326 2225 594 2309 languidissimum
616 2245 684 2291 esse
699 2225 987 2301 molaremoliedva',
1009 2243 1131 2308 prorsus

80 2328 304 2394 intolerabiliter
325 2328 397 2395 eddi
419 2331 451 2394 iu
473 2331 680 2413 descriptione
703 2352 771 2406 ecoe,
790 2333 916 2415 apparet
928 2334 960 2395 et
970 2329 1132 2395 senserunt

77 2433 133 2498 alii.
176 2435 285 2518 ltaque
309 2435 404 2501 etiam
427 2435 466 2499 ad
488 2454 599 2519 anceps
621 2437 766 2501 auxilium
799 2455 895 2520 nuper
916 2435 1131 2500 Fleckeisenus

78 2539 218 2622 confugit,
254 2541 291 2604 ut
322 2559 446 2605 versum
483 2543 554 2623 post
588 2541 649 2603 289
683 2541 830 2606 excidisse
857 2543 1015 2606 statueret.
1067 2540 1131 2623 Ego

74 2660 139 2707 cum
161 2663 251 2718 anno,
273 2646 386 2726 opinor,
408 2644 696 2711 MDCOCXXXsic
710 2646 904 2710 scribendum
918 2647 1129 2710 annotasaem:

271 2746 371 2810 Nulla
391 2750 490 2813 maiae
512 2761 576 2813 arte
597 2752 760 2836 eupolitam
782 2751 931 2828 muliebri,

74 2855 106 2917 nt
139 2854 385 2939 significarentur
418 2875 505 2939 gena
539 2856 571 2920 et
602 2855 692 2922 malae
715 2858 783 2921 fuco
811 2858 959 2933 carentes,
991 2858 1023 2919 et
1043 2854 1074 2918 in
1097 2871 1133 2918 ea

72 2959 294 3036 emendatione,
329 2947 420 3043 quem
453 2963 569 3027 certum
602 2962 699 3028 audeo
729 2963 840 3039 dicere,
861 2961 938 3026 milri
969 2959 1131 3043 placerem,

73 3063 148 3143 quod
163 3066 364 3131 retractavox
376 3066 471 3130 rarior
486 3067 578 3132 simul
596 3067 705 3132 erroris
726 3068 873 3151 originem
891 3065 1024 3149 aperiret
1046 3082 1082 3128 er
1098 3080 1134 3127 ea

72 3184 141 3231 oum
164 3168 313 3234 adiectivo
335 3171 473 3235 omnium
494 3171 742 3254 frequentissimo
764 3171 899 3244 confusa,
931 3169 994 3233 vidi
1016 3168 1134 3252 aliquot

73 3272 159 3336 annis
193 3277 272 3355 post
310 3276 373 3338 iam
407 3275 664 3359 Lindenbrogium
700 3275 815 3337 molam
851 3277 933 3340 recte
975 3274 1134 3339 maxillam

71 3375 266 3444 intellexisse.
302 3379 396 3443 Paulo
417 3382 486 3461 post
510 3399 537 3442 v.
563 3379 622 3441 297
646 3380 722 3460 (56),
752 3380 906 3463 quoniam,
928 3379 1001 3462 quid
1021 3378 1133 3461 leporis

74 3483 268 3566 elegantiusve
291 3484 333 3547 sit
351 3485 382 3548 in
405 3484 463 3548 hac
484 3485 708 3550 coniunctione:
734 3507 826 3568 quom
851 3485 924 3547 dicit
944 3484 1134 3547 sordidatam

73 3597 100 3647 et
120 3588 288 3664 sordidam,
310 3608 377 3654 uon·
392 3589 490 3662 video,
512 3588 706 3654 scribendum
728 3592 801 3673 puto
823 3600 849 3651 et
867 3588 1033 3652 levidam.

172 3691 550 3774 Mfflffldm

115 3796 216 3859 Immo
240 3799 275 3861 ut
295 3801 415 3880 patrem
437 3800 524 3863 tuom
545 3798 609 3862 uidi
621 3818 688 3864 esse
700 3798 850 3874 habitum,
873 3796 1031 3862 diuetiam
1044 3795 1135 3859 dures

991 3900 1087 3966 dabit.

172 4008 298 4071 Patrem
312 4005 405 4088 Syrus
428 4026 524 4090 neque
545 4007 621 4072 bene
640 4027 737 4090 neque
759 4008 841 4071 male
855 4008 995 4072 habitum
1005 4005 1135 4084 viderat,

75 4110 127 4173 sed
171 4111 254 4176 tristi
298 4111 422 4187 habitu,
465 4113 717 4196 scribendumque
759 4113 827 4173 cidi
867 4111 987 4186 lobiam
1039 4131 1136 4194 neque

76 4216 153 4279 euim
176 4218 202 4280 si
228 4216 297 4298 quis
319 4216 506 4280 substantivi
528 4219 738 4283 accusativum
752 4217 970 4299 interpretatur
991 4216 1134 4291 laddum,

76 4319 100 4384 is
120 4322 315 4387 accusativus
338 4321 388 4385 hic
415 4321 486 4386 lerri
507 4316 609 4406 potest
631 4324 679 4393 (ot
700 4331 741 4383 eoi
762 4321 923 4403 tabitam).
970 4321 1031 4386 Sed
1058 4320 1135 4403 quod

77 4422 293 4492 Fleckeisenus
316 4427 440 4511 scripsit
460 4429 565 4490 turbor
586 4428 679 4502 dedit,
702 4445 739 4491 ee
759 4427 871 4493 locutio
885 4428 962 4492 nihil
973 4426 1136 4510 signifieat,
