2626 5070
463 685 573 744 cussa
593 687 663 744 nou.
680 685 738 743 osv.
893 742 907 761 ,
1030 688 1092 752 279
1110 752 1115 761 Ν,

77 889 214 972 pedites
236 908 283 953 ex
305 885 580 971 antesignanis
614 884 759 951 electis
793 885 948 953 milites
981 887 1026 952 ud
1047 906 1134 972 per·

75 996 270 1061 licitatum
304 992 426 1058 armis
457 991 557 1057 inter
588 991 740 1075 equites
768 991 943 1075 proeliari
964 977 1132 1062 iuberet.

72 1100 247 1167 liecbmime
258 1097 394 1164 editores
405 1098 575 1180 superiores
585 1096 941 1164 delectnmadhomines
949 1100 1132 1182 pertinuisse

71 1207 203 1272 uiderant
224 1206 475 1288 scripseruntque
497 1203 655 1279 electos,
677 1200 758 1287 qnod
781 1202 822 1268 ud
852 1205 1132 1292 antesignanis

66 1330 157 1377 errore
194 1309 466 1377 accommodatum
503 1312 561 1376 est.
613 1307 675 1374 Sed
710 1306 902 1375 desideratur
937 1312 1053 1396 aliquid
1090 1313 1131 1378 ad

66 1419 189 1483 armis.
238 1415 277 1481 ld
299 1417 380 1481 insat
404 1415 437 1479 in
457 1415 630 1489 milites,
664 1413 746 1498 quod
776 1415 892 1481 trustra
918 1417 985 1482 tolli
1014 1418 1130 1494 iubent,

66 1524 155 1598 nulls,
179 1525 422 1606 propterquam
444 1520 584 1586 additum
617 1521 668 1598 sit,
692 1537 785 1586 causa
806 1521 988 1606 significata.
1045 1522 1132 1589 Sori-

64 1629 197 1695 bendum
223 1632 292 1694 est:
329 1626 602 1719 adolescentes
708 1626 870 1704 electos,
902 1630 1059 1689 mutatio
1083 1629 1128 1694 ad

63 1735 339 1820 pernicitatem
364 1734 498 1809 armis,
520 1734 622 1797 inter
644 1732 799 1815 equites
822 1736 880 1798 cet.
927 1733 1020 1798 Initio
1044 1734 1130 1816 capi-

63 1843 100 1907 tis
132 1841 232 1907 scribi
264 1838 367 1915 debet,
399 1858 467 1922 qnae
488 1839 634 1904 conectio
664 1840 703 1904 ab
732 1838 900 1904 editoribus
921 1839 1030 1922 primis
1052 1858 1131 1924 pras·

61 1950 150 2031 cepta
172 1946 215 2012 ad
237 1943 489 2028 Oudendorpium
521 1944 622 2010 locum
654 1943 768 2009 tenuit:
805 1965 915 2027 quom
952 1951 1130 2029 (proquo)

62 2054 159 2118 satis
182 2052 435 2134 perspectum
457 2049 599 2115 babere
620 2049 789 2115 militum
810 2049 957 2116 animos
979 2043 1134 2118 videre-⁴

59 2160 130 2222 tur.
173 2160 205 2221 A
226 2156 346 2222 consilii
366 2155 592 2240 significatione
614 2156 759 2221 abhorret
786 2155 995 2231 uideretur,
1030 2177 1129 2243 neque

59 2263 247 2346 pmcedenti
274 2262 435 2327 sententia
450 2263 515 2327 huo
534 2261 662 2346 adiungi
683 2264 822 2345 possunt,
859 2262 1001 2345 quonium
1024 2282 1060 2330 er
1081 2265 1128 2330 in·

57 2368 259 2438 remissione
292 2367 469 2450 proeliorum
496 2368 618 2437 unimus
639 2367 774 2434 militnm
796 2386 857 2434 non
877 2370 1126 2453 perspiciebatur.

58 2474 113 2554 (Et
135 2474 272 2541 debebat
292 2474 334 2538 ut
354 2473 475 2556 dici.)¹)

160 2603 230 2672 sod.
261 2601 301 2666 87
334 2602 444 2668 soloece
466 2601 624 2669 scribitur:
667 2600 753 2666 Huc
783 2620 866 2668 oum
898 2601 1006 2668 lactu
1042 2606 1130 2669 sunt

56 2709 94 2773 in
118 2708 307 2784 consilio,
344 2726 480 2793 magna
511 2727 580 2792 spo
613 2708 651 2772 et
682 2707 830 2773 laetitiu
860 2710 1025 2774 omnium
1048 2709 1130 2774 dis·

57 2832 207 2880 cessum
235 2815 312 2892 cst,
345 2814 405 2879 nisi
426 2813 504 2880 forte
527 2812 719 2897 significatur
755 2815 879 2898 eo'ipso
905 2816 1042 2897 tempore
1064 2813 1130 2878 dis·

57 2937 181 2985 cessum
203 2937 281 2994 esse,
304 2936 376 2985 curn
397 2920 464 2985 haeo
485 2920 605 2984 fierent
649 2919 710 2986 Sed
731 2920 863 2985 licenter
883 2920 976 3003 primi
997 2920 1128 2985 editores

75 3375 98 3442 ²)
126 3371 191 3442 Cap.
219 3374 255 3429 82
283 3373 354 3425 recte
372 3370 546 3426 Marklandue
572 3370 612 3425 de
643 3372 808 3440 preturis
842 3388 878 3427 uc
909 3371 1126 3429 sacerdotiis.

129 3466 216 3522 Pravo
235 3465 372 3534 premia
398 3478 434 3519 ac
464 3463 659 3519 sacerdotia
677 3465 886 3534 coniunguntur,
917 3479 978 3519 cum
996 3465 1025 3517 et
1042 3481 1127 3519 eucer-

129 3557 205 3614 dotiu
223 3558 252 3611 et
270 3538 367 3619 omnia,
385 3572 444 3625 qun
463 3556 653 3619 subiiciuntur‚
670 3556 781 3626 pramis
799 3557 861 3614 sint
898 3557 963 3626 cop.
981 3558 1016 3613 86
1035 3556 1125 3625 indig-

127 3649 242 3703 nissime
269 3649 420 3718 negllgitur
444 3652 517 3705 certa
542 3644 710 3718 Elberlingii‘
733 3640 898 3705 emendatio:
940 3665 1004 3705 nen
1032 3665 1124 3704 suum

127 3757 193 3796 nen
228 3741 439 3810 reliquorum
465 3742 666 3812 opinionem
699 3742 871 3800 fallerent
901 3759 949 3812 pro
979 3759 1026 3808 eo,
1054 3742 1126 3814 qnod

127 3833 231 3890 litteris
249 3833 320 3889 male
338 3832 476 3890 distractis
494 3838 544 3904 (nc
572 3837 644 3906 usu)
669 3834 850 3910 conflatisque,
875 3835 1017 3891 accedente
1044 3835 1126 3890 lerie-

127 3911 422 3998 sirnuinterpolatione
440 3929 547 3995 (manu
566 3931 770 3998 praemon),
800 3929 895 3982 nutum
915 3929 968 3981 est:
1000 3943 1037 4003 ne
1064 3943 1127 3982 usu

126 4036 227 4075 maun
254 4018 486 4090 reliquorum,
513 4019 608 4075 relicto
634 4020 664 4074 in
682 4020 783 4090 copula
801 4019 907 4075 defectu
922 4019 1125 4074 manifestoin-

126 4111 205 4178 dicio‚
224 4111 296 4182 qnod
314 4111 437 4168 editores.
448 4112 616 4168 sustulerunt
633 4112 726 4168 addito
745 4129 810 4184 qne
834 4116 1027 4181 (manuque)
1047 4110 1124 4165 edec-

125 4209 209 4275 taque
227 4205 429 4276 perversissima
454 4206 584 4269 oratione,
613 4208 645 4259 ut
667 4205 771 4260 milites
797 4217 862 4260 nen
888 4203 981 4260 ludere
1008 4204 1124 4273 imperu-

124 4296 366 4367 toris'opinionem
384 4297 545 4354 dicerentur.
580 4298 693 4390 horsus
710 4294 873 4367 Nipperdeii
900 4295 1072 4367 prudentiam
1096 4295 1125 4348 in
1223 4346 1233 4364 ι

123 4390 177 4446 hoc
195 4388 403 4446 locodesidero.
