2656 5056
463 733 620 790 Columella.
974 735 1035 798 5‘23

40 931 110 995 ima
137 934 262 996 antem
293 949 381 1004 non,
412 933 452 995 ut
484 951 512 995 v.
536 951 563 996 a.
600 933 869 1007 tradiderunt,
905 939 1076 1001 extrema

40 1055 101 1101 ars
124 1039 200 1113 ost,
222 1035 319 1118 quod
342 1037 437 1117 eet¹l

114 1142 235 1206 Addam
260 1141 291 1205 in
314 1142 379 1224 ipso
400 1142 503 1207 ultimi
525 1142 596 1207 libri
617 1143 704 1226 (XII)
729 1145 822 1221 exitu,
844 1163 911 1228 oap.
925 1145 966 1207 59
989 1146 1077 1216 extr,

40 1267 143 1313 rorum
176 1248 311 1314 locorum
345 1249 576 1313 correctionem.
635 1249 716 1314 Nam
748 1250 882 1332 primunr
905 1251 949 1316 sio
970 1249 1076 1315 scribi·

40 1372 79 1417 rr:
135 1350 355 1418 Clausulam
390 1353 546 1436 (praeoedit
589 1374 643 1420 vox
684 1379 716 1417 m
749 1356 854 1420 littera
897 1356 1075 1430 terminata)

40 1457 164 1522 erasti
186 1461 316 1539 operis
338 1459 428 1536 mei,
451 1459 485 1523 P.
509 1460 673 1533 Silvine,
704 1466 777 1525 non'
798 1461 964 1525 alienum
986 1467 1076 1541 puto

40 1562 179 1627 rdioem
212 1564 393 1638 lecturis,
426 1566 457 1629 ei
490 1563 607 1628 modo·
630 1564 791 1640 fuerint,
821 1566 884 1647 qui
914 1565 1077 1647 dignen-

40 1687 73 1731 1r
94 1668 175 1732 ista
196 1686 439 1750 cognoscere,
462 1668 561 1734 nihil
582 1670 784 1737 dubitasse
805 1689 860 1735 me
884 1674 942 1735 oet.
972 1669 1077 1751 Sonip-

40 1776 97 1837 rrat
125 1772 309 1838 Columella:
363 1775 408 1836 Iu
444 1775 625 1838 clausula
657 1777 968 1859 peracti.operis
1001 1777 1076 1840 mei

40 1929 67 1945 ..
105 1898 178 1944 non
208 1879 373 1944 alienum
414 1883 519 1964 puto,
556 1885 589 1944 ei
629 1883 795 1948 indicem
823 1882 995 1947 lecturis
1018 1885 1075 1946 oet.

40 1985 133 2050 einde
158 1985 224 2050 sine
247 2004 339 2051 sensu
363 1987 477 2052 edit-ur:
527 1987 603 2052 Neo
639 1993 766 2053 tamen
799 1990 909 2054 oanis
941 1992 1078 2051 nutura

41 2092 122 2156 edit
144 2093 366 2157 cunctarum
400 2110 524 2156 rerum
549 2094 815 2175 prudentiam3
838 2114 918 2166 nam
942 2094 1076 2166 etiam,

39 2197 232 2280 uiounque
254 2202 344 2261 sunt
365 2197 490 2264 habiti
513 2198 735 2263 mortalium
768 2198 1074 2281 sapientissimi,

40 2302 134 2367 mlta
164 2301 287 2368 scisse
320 2304 516 2380 dicuntur,
553 2325 625 2371 non
658 2305 793 2371 omnia.
844 2303 1076 2370 Eddvettet
1146 2384 1149 2389 Ἀ

40 2427 106 2491 ang.
139 2427 200 2475 orn.
231 2409 343 2474 dodil
373 2410 454 2488 (edd.
478 2414 552 2476 vett.
587 2413 788 2485 naturam).
847 2410 978 2474 Rectum
1012 2413 1076 2474 est:
1107 2426 1109 2430 “

48 2517 241 2579 notamen
278 2520 384 2599 capit
416 2521 553 2582 natura
585 2520 807 2581 cunctarum
840 2534 966 2579 rerum
989 2533 1076 2596 pru-

40 2621 183 2684 entiam
209 2626 330 2707 (χωρεῖ,
354 2641 448 2706 oapar
470 2623 535 2689 eius
558 2624 629 2705 est).
678 2621 759 2704 [lam
782 2619 1010 2703 deindidem]

115 2831 211 2896 Plinii
248 2831 376 2899 maioris
413 2835 546 2918 legeram
590 2834 678 2899 initio
721 2836 831 2915 praeter
861 2830 1077 2913 praelationem

40 2939 125 3002 brum
147 2937 327 3015 secuudum,
349 2940 486 3015 tertium,
509 2940 663 3022 quartum,
687 2941 866 3022 septimum,
888 2924 1088 3002 tricesimum

40 3043 141 3109 ortium
164 3048 196 3109 et
217 3047 371 3126 quartum,
403 3063 438 3109 er
461 3045 572 3109 ceteris
593 3044 675 3109 looos
701 3063 769 3110 oum
793 3042 928 3108 historiae
949 3040 1077 3105 inst'tn·
1122 3049 1138 3074 ’

40 3168 176 3232 »rumque
200 3151 231 3214 et
252 3168 371 3215 morum
405 3151 578 3233 cognitione
603 3151 792 3222 coniunctos,
819 3167 837 3213 a
858 3147 984 3231 reliquis
1008 3133 1095 3228 par?

38 3258 97 3322 bus
120 3274 221 3321 rerum
243 3274 355 3339 genere
376 3275 395 3319 a
416 3275 485 3320 mea
506 3256 681 3340 cognitione
703 3254 967 3339 intelligentiaque
980 3269 1079 3316 remo-

40 3381 116 3427 rrum
150 3361 329 3438 deterritum
366 3360 421 3427 sed
456 3360 591 3444 legeram
624 3362 764 3427 celeriter
796 3365 827 3426 et
867 3379 973 3425 osrens
1011 3360 1077 3421 tum

40 3468 108 3533 artis
130 3466 276 3532 subsidiis
298 3466 336 3532 ad
359 3467 519 3550 quiequam
554 3467 584 3530 in
620 3467 770 3547 corruptis
800 3468 855 3531 aut
880 3466 991 3535 dubiis,
1012 3483 1078 3545 quae

40 3574 148 3639 lurima
169 3573 383 3648 occurrebant,
418 3572 616 3647 tentandum
655 3591 725 3637 nam
749 3590 785 3636 na
820 3571 931 3655 Silligii
954 3569 1076 3653 quidem

40 3681 111 3745 aior
143 3679 236 3744 editio
261 3681 327 3743 tnm
361 3678 522 3761 prodierat.
581 3678 699 3744 Deinde
731 3697 759 3743 a.
796 3675 891 3751 1856,
930 3676 1078 3740 excitatus

40 3907 214 3915 >qm—..-

40 4084 62 4148 ¹)
82 4079 135 4143 111,
155 4081 197 4143 10,
215 4079 232 4133 4
252 4076 354 4146 legitur
377 4074 405 4127 iu
432 4072 492 4127 edd.
518 4087 598 4142 prave
616 4070 681 4138 (vid.
707 4088 761 4127 exo.
790 4072 884 4127 111ed
903 4072 959 4129 Cio.
978 4073 1025 4128 fin.
1053 4091 1079 4143 p.

83 4173 137 4228 808
156 4171 226 4238 sqq.)
245 4185 304 4224 nee
324 4168 519 4238 importuna
537 4164 673 4234 quidem
694 4167 792 4234 parte
811 4163 953 4227 deficit.
975 4166 1077 4222 oGoes.

84 4267 112 4319 et
131 4263 212 4330 Sang.
235 4263 381 4317 annotetur
411 4275 449 4313 ne
476 4260 552 4328 imp.
579 4258 721 4328 quidem.
765 4258 818 4312 Xll
843 4258 915 4328 pras.
941 4258 1082 4316 8editur:
1113 4295 1125 4315 .

84 4358 208 4424 Itaque
232 4370 290 4408 neo
317 4351 436 4407 villici
464 4352 614 4422 quidem,
642 4351 689 4406 sed
714 4367 729 4404 e
755 4350 811 4404 cod.
837 4351 917 4420 Sang.
945 4350 1081 4420 profertur

83 4465 123 4503 na
153 4446 228 4501 vill.
256 4461 307 4514 qu.
338 4446 377 4511 (et
409 4461 440 4499 er
465 4444 506 4500 ed.
534 4444 666 4512 Emonia).
707 4443 778 4497 Sunt
805 4443 853 4497 alii
882 4444 909 4497 in
937 4443 1080 4497 interiecto

84 4541 172 4612 spatio
190 4536 310 4594 eiusdem
328 4536 434 4606 generis
453 4553 561 4601 errores,
580 4536 689 4591 acutula
707 4535 859 4591 defensione
880 4535 964 4606 digni.
