2648 5084
452 738 603 793 Suetonius.
954 736 1015 801 573

43 938 323 1014 tarcessionem
358 937 685 1002 ...nuntiatum
730 941 806 1012 est,
848 940 1056 1022 premissis

43 1044 210 1109 nfestim
232 1043 330 1108 clam
346 1043 881 1128 cohortibus,...spectacnlo
902 1045 1059 1128 publi-oo

43 1147 263 1215 ‚interfuit
288 1149 401 1215 Cursus
415 1151 447 1214 et
468 1150 639 1232 progressio
649 1169 749 1218 rerum
772 1151 962 1234 significatur
982 1151 1058 1216 scri·

43 1253 192 1339 ariumque
223 1255 394 1322 necessario
421 1256 636 1321 nuntiatum
659 1268 768 1331 esset,
803 1258 924 1323 sublato
946 1256 1057 1322 mendo

43 1384 56 1428 r
79 1382 165 1438 raro;
188 1363 245 1427 vid.
270 1361 436 1428 emendatt.
459 1358 545 1426 Liar.
567 1381 597 1444 p.
621 1365 694 1440 loll,
718 1366 750 1430 et
770 1384 837 1448 quae
860 1363 998 1430 dicentur
1020 1362 1058 1429 ad

42 1468 249 1545 11.1‚13,o.
361 1544 362 1547 ¹

99 1575 165 1640 lbd.
189 1576 245 1640 47:
289 1574 456 1642 servitia
488 1575 659 1639 rectiora
690 1575 952 1660 politioraque
987 1575 1059 1641 im·

43 1700 126 1748 auso
162 1684 289 1765 pretio
308 1685 544 1764 (comparasse).
598 1682 687 1746 Prius
715 1681 901 1747 adiectivum
923 1699 982 1747 non
1004 1701 1059 1764 po·

43 1792 61 1854 rt
94 1788 153 1853 uisi
185 1788 225 1852 ad
257 1790 407 1854 staturam
438 1788 670 1871 significandam
692 1787 853 1869 pertinere,
885 1789 970 1854 ouius
992 1789 1059 1853 laus

43 1914 97 1979 que
136 1893 340 1978 comparativo
385 1896 456 1975 apte
505 1894 631 1978 exprimi
668 1912 767 1977 neque
803 1913 873 1960 cum
912 1896 1060 1979 politioris

43 2001 113 2085 ponii
154 2000 244 2065 laude
287 2000 370 2064 recte
405 2000 547 2084 coniungi
583 1999 704 2065 videtur
746 2019 842 2084 neque
884 2006 949 2066 tam
991 2022 1061 2068 rara

42 2126 111 2176 see.
154 2111 189 2172 ut
222 2106 366 2172 immensi
398 2105 489 2188 pretii
526 2124 618 2171 eausa
653 2106 750 2185 fieret
805 2107 918 2190 Opinon
953 2107 1060 2174 Sueto·

43 2234 84 2280 rm
118 2213 312 2276 erectiora
333 2212 491 2294 scripsisse
526 2211 564 2277 da
597 2214 697 2278 auimo
720 2216 752 2278 et
785 2215 908 2299 ingenio
943 2216 1061 2300 (anige-

43 2319 137 2397 clrte).
184 2319 249 2403 [Sic
271 2318 600 2404 Banmg.-Orusius.]¹)

99 2425 166 2491 Ibd.
211 2427 265 2490 78:
311 2426 402 2491 adeo
444 2425 670 2509 indignatus
714 2427 782 2502 sit,
825 2431 867 2494 ut
908 2430 1061 2512 procla·

43 2533 165 2600 averit
191 2584 198 2599 .
225 2584 232 2599 .
256 2582 263 2597 .
293 2536 331 2598 et
352 2551 421 2597 nec
443 2531 644 2598 destiterit
664 2552 726 2615 per
748 2534 954 2599 continuos
976 2534 1060 2600 dies

43 2641 205 2725 ricquam
226 2640 402 2723 cuiquam
428 2639 504 2704 nisi
520 2639 588 2703 sub
610 2640 835 2721 exceptione
858 2641 1060 2722 polliceri:

63 2751 190 2813 tamen
223 2765 288 2830 per
330 2745 507 2811 Pontium
546 2745 724 2828 Aquilam
757 2746 927 2812 licuerit.
992 2747 1061 2813 Non

43 2853 103 2924 leo,
140 2853 192 2935 qui
214 2853 350 2917 excusari
371 2851 468 2933 possit
500 2851 539 2915 et
570 2869 636 2914 nec
669 2850 874 2918 destiterit
904 2853 971 2936 (pro
994 2872 1062 2918 neo

43 3097 195 3105 ---——--

43 3254 134 3325 »Gap
165 3258 198 3312 58
225 3253 296 3325 quod
324 3254 437 3310 Wolfiue
465 3259 546 3325 negat
578 3271 606 3309 se
623 3241 768 3325 exputare,
803 3257 934 3326 quomodo
963 3257 1062 3328 aliquis

69 3345 175 3412 (debuit
209 3348 323 3403 scribare
358 3351 493 3417 qaisquam)
529 3349 558 3402 in
595 3346 855 3418 plusquamperfecto
890 3351 1062 3421 exploras·

68 3442 122 3495 set
151 3443 269 3511 (neque
312 3442 347 3495 in
376 3441 596 3497 Britanniam
631 3441 845 3507 transvexit,
876 3444 948 3499 nisi
982 3449 1062 3500 ante

69 3549 133 3603 per
167 3546 209 3589 'se
254 3537 373 3605 portus
532 3536 759 3605 explorasset)
802 3535 900 3590 herere
935 3538 1062 3605 potnerit,

73 3633 184 3682 snmmo'
197 3628 256 3682 iure
276 3627 417 3683 Ernestins
437 3628 559 3685 honerat.
592 3627 686 3697 Neque
705 3628 776 3682 enim
795 3626 827 3683 de
848 3630 886 3683 rei
905 3629 981 3685 facte
1001 3646 1063 3687 con·

44 3721 175 3797 ‚dicione
193 3723 256 3776 aute
273 3720 386 3791 impleta
403 3722 503 3777 neotins
521 3722 617 3777 Latine
643 3719 744 3776 dicitur
764 3741 810 3773 uon
829 3727 907 3790 secor,
936 3727 983 3776 uisi
1008 3738 1063 3778 anre

69 3815 218 3882 explorasset
231 3817 290 3883 (pro
319 3813 439 3884 eoquod
466 3819 518 3875 est:
547 3831 608 3869 non
627 3855 634 3867 .
655 3846 687 3870 ,1
707 3816 891 3884 antequam
910 3820 959 3871 ant
981 3834 1063 3873 nun·

70 3922 169 3977 qnam
184 3949 191 3963 .
209 3947 217 3962 .
235 3945 242 3961 .
262 3907 333 3962 nisi
350 3907 533 3977 explorato
551 3906 594 3960 vel
612 3906 683 3961 nisi
701 3911 963 3977 perscrutatus),
982 3927 1062 3981 qnam

70 4000 94 4054 si
116 3999 271 4055 Germanice
289 3998 373 4054 dicus:
401 4021 433 4052 er
450 4003 519 4053 clar
535 4021 566 4052 es
585 4003 670 4053 nicht
695 3998 739 4068 (de
757 4017 785 4056 rc
809 4017 864 4056 una
882 3999 971 4068 facta),
996 4023 1062 4055 weron

70 4115 97 4146 er
127 4096 191 4146 nicil
219 4135 226 4148 .
255 4135 262 4148 .
290 4135 297 4149 .
324 4096 460 4146 unteraurlrl
491 4096 561 4148 loru.
611 4092 662 4147 Sed
700 4094 825 4164 quoniam
865 4094 990 4150 mendum
1021 4101 1063 4152 est

70 4186 153 4242 etiam
185 4187 213 4242 in
243 4203 300 4257 par
328 4203 378 4250 ee,
420 4187 490 4257 quod
518 4189 546 4242 et
574 4186 687 4241 historie
714 4187 848 4242 convincit
879 4192 907 4243 et
936 4190 1063 4260 loquendi

70 4282 224 4345 11111111
242 4281 313 4351 ipse
332 4279 472 4336 dicendum
492 4282 568 4348 erat),
588 4297 674 4351 neque
690 4281 817 4336 correctio
834 4281 982 4353 probabilis
999 4301 1062 4354 sup-

70 4375 150 4446 petit,
169 4375 257 4429 loonm
275 4378 397 4431 notatum
417 4374 653 4445 praetermittamus
670 4391 756 4444 nequo
780 4373 917 4445 preiraote
935 4391 1061 4446 negemus

73 4469 231 4524 sueoniam
249 4469 279 4523 in
297 4468 410 4524 formam
428 4467 559 4523 orationis
578 4467 667 4523 minus
685 4471 783 4523 rectam
797 4466 914 4524 incidero
932 4470 1061 4540 potuisse,

71 4559 149 4616 mono
167 4576 201 4614 ne
218 4559 369 4629 legitimam
387 4558 514 4620 dicamus.
