2626 5070
254 264 315 369 aus
598 306 658 361 uin.
677 306 752 362 vm.
771 304 837 375 esp.
854 306 877 361 1.
950 380 957 391 v

213 507 281 571 Non
304 506 407 570 movet
428 502 603 582 Kritzium‚
637 502 718 586 quod
741 520 832 568 nemo
854 503 993 569 veterum
1016 502 1047 565 in
1069 505 1128 570 hoc
1152 505 1282 573 Claudio

215 611 386 676 doctrinam
419 610 571 684 laudauit3
608 611 639 673 et
672 611 777 674 tamen
811 627 932 674 movere
961 609 1101 675 nonnihil
1135 611 1280 685 debebam

76 765 79 772 .
119 707 124 718 '
214 737 286 782 nam
320 718 347 783 si
378 732 438 799 qua
468 713 643 780 huiusmodi
673 714 756 778 lama
778 713 815 777 de
845 733 880 778 eo
899 714 1018 792 fuisset,
1050 716 1210 797 probabile
1234 721 1283 783 est

212 842 272 889 non
295 823 480 887 omissurum
503 839 572 885 eam
594 820 688 885 fuisse
719 819 909 885 Suetonium.
966 819 1028 886 Sed
1056 822 1170 888 certius
1204 823 1283 887 illud

214 931 271 1006 est,
304 929 458 994 neminem
490 926 617 1004 (saltem
650 926 682 989 in
727 943 818 1007 prosa
848 926 998 999 oratione)
1033 927 1156 990 doctum
1195 929 1284 1012 iuge·

214 1035 299 1099 nium
323 1033 504 1117 appellasse,
527 1030 608 1114 quod
630 1034 772 1112 separata
791 1033 864 1095 sunt
892 1031 1049 1114 ingenium
1072 1033 1104 1096 et
1127 1032 1282 1107 doctrinm

95 1149 97 1155 ’
214 1141 368 1206 excultum
392 1137 530 1203 doctrina
561 1137 718 1220 ingenium
745 1134 898 1200 laudatur.
954 1136 1123 1202 AVelleio
1146 1138 1283 1219 positum

185 1246 188 1251 ’
213 1248 287 1330 puto
308 1245 526 1308 rectissimi.

314 1385 381 1450 lbd.
407 1385 448 1448 82
469 1384 543 1448 init:
585 1382 664 1461 Qua
695 1382 828 1446 aestate
851 1379 980 1446 Oaesar
1001 1383 1078 1446 tam
1099 1401 1284 1465 prospere

214 1491 365 1556 Libium
386 1492 423 1554 in
449 1489 588 1554 Sicilia
618 1488 712 1552 bene
735 1485 887 1551 fortuna
918 1486 954 1552 in
976 1486 1125 1574 (lassare
1147 1491 1185 1553 et
1207 1507 1285 1572 rep.

215 1596 405 1662 militavit
421 1595 464 1660 ad
480 1577 696 1659 Orientem(
709 1591 778 1656 Non
791 1593 840 1657 est
853 1591 990 1672 dubium,
1005 1593 1076 1677 quin
1090 1594 1122 1657 in
1134 1594 1285 1661 Libium

214 1702 315 1784 ipsum
329 1700 370 1777 id,
387 1700 468 1784 quod
484 1699 675 1765 desideratur
686 1697 719 1761 in
731 1697 860 1762 relativa
872 1699 1036 1778 sententia,
1054 1695 1183 1763 verbum
1195 1700 1284 1776 insit3

215 1809 334 1869 certum
359 1804 467 1870 deinde
491 1803 649 1887 estquod
672 1803 840 1889 Sohegkius
866 1804 958 1879 vidit,
990 1806 1084 1869 bene
1105 1823 1160 1887 pro
1181 1824 1284 1888 paene

216 1915 337 1992 (pene)
350 1910 497 1992 scriptum
509 1929 587 1975 esse.
610 1909 660 1974 Ad
673 1910 739 1975 haec
751 1928 811 1976 nnn
824 1910 991 1977 difficulter
1001 1910 1179 1995 adiungitur
1189 1912 1284 1987 verbi,

216 2016 296 2099 quod
326 2019 373 2082 est
401 2014 607 2092 militavit,
636 2015 826 2093 emendatio,
857 2019 893 2081 ut
918 2018 963 2083 sic
995 2017 1159 2082 scribatur:
1206 2012 1286 2096 Qua

215 2125 353 2188 aestate
383 2122 508 2187 Caesar
539 2123 616 2186 tam
654 2138 837 2206 prospere
874 2121 1030 2186 bellavit
1063 2125 1099 2188 in
1131 2123 1285 2200 Sicilia,

216 2246 319 2310 paene
342 2228 497 2293 fortuna
526 2237 560 2289 et
594 2225 776 2290 Caesarem
798 2230 835 2293 et
856 2248 967 2312 remp.
1004 2227 1207 2290 cantilauit
1243 2229 1287 2295 ad

218 2333 425 2399 Orientem.
469 2335 640 2417 Aptissima
665 2334 855 2416 significatur
875 2334 1055 2419 magnitudo
1081 2332 1191 2410 cladis,
1219 2354 1285 2418 quae

219 2442 345 2523 accepta
367 2442 460 2514 esset,
497 2439 557 2504 nisi
580 2438 695 2533 captivi
717 2440 850 2505 Romani
871 2431 983 2506 indicio
1006 2441 1136 2505 servatae
1159 2439 1287 2505 Antonii

218 2546 355 2629 legiones
381 2548 495 2619 essent,
528 2545 567 2609 ad
590 2545 743 2610 Caesarem
766 2564 901 2628 quoque,
938 2546 990 2630 qui
1021 2563 1125 2627 arep.
1149 2545 1286 2629 separari

218 2670 276 2716 non
299 2653 429 2734 poterat,
450 2650 616 2731 pertinens.

319 2791 386 2857 Ibd.
410 2790 459 2865 86,
482 2792 517 2855 2:
540 2791 587 2856 ad
609 2791 750 2856 solium
770 2791 929 2856 alaruut
949 2791 987 2855 in
1009 2790 1138 2873 prisca
1157 2790 1286 2874 gravi·

218 2898 301 2961 tate
333 2897 583 2962 celeberrimi
614 2896 724 2974 fides,
746 2916 827 2962 mox
862 2897 926 2961 diu
958 2883 1169 2962 clementia
1199 2896 1287 2961 lue·

219 3002 323 3067 tatus
345 3021 413 3068 sua
438 3003 563 3069 Caesar
584 3002 759 3069 servavit
779 3003 1020 3069 incolumem.
1062 3003 1172 3069 Priora
1196 3020 1288 3069 sana·

220 3108 266 3172 vit
287 3108 444 3174 Puteanus
466 3110 529 3185 (At
560 3109 709 3174 Sosium
743 3109 777 3172 L.
806 3109 1004 3185 Arruntii,
1040 3127 1091 3191 pr.
1123 3126 1175 3192 gr.
1207 3108 1286 3184 cel„

219 3213 349 3292 fides),
385 3215 445 3280 nisi
468 3214 548 3297 quod
569 3216 600 3279 in
632 3214 679 3280 ad
700 3215 777 3280 latet
799 3214 878 3281 Sosii
896 3232 1083 3298 praenomen.
1128 3214 1289 3296 (Fortasse

220 3323 292 3386 ante
328 3322 393 3386 haec
424 3324 536 3404 praeter
567 3321 748 3386 vocabulum
784 3320 934 3387 modum
970 3321 1058 3404 plura
1093 3306 1288 3394 ercidemnt3

220 3427 310 3492 valde
333 3427 414 3491 enim
437 3425 564 3508 abrupte
586 3427 643 3491 boc
670 3446 764 3495 unum
792 3427 965 3510 exemplum
997 3426 1171 3492 clementia
1193 3427 1290 3492 inter-

221 3534 345 3611 iieitnr.)
388 3532 449 3598 Sed
470 3532 501 3596 in
524 3535 668 3599 extremis
692 3532 806 3599 residet
826 3532 989 3609 mendum;
1022 3533 1099 3599 nihil
1134 3535 1184 3600 est
1207 3534 1291 3599 enim

221 3639 381 3717 (absolute)
404 3638 515 3701 luctari
536 3625 692 3703 clementio
715 3622 786 3718 suc,
821 3657 879 3706 nec
901 3639 1087 3706 diuturnitas
1109 3640 1291 3707 luctationis

222 3747 292 3827 apte
315 3749 583 3815 commemoratur.
638 3743 715 3808 Cam
742 3747 907 3812 clementia
935 3766 992 3813 sua
1018 3745 1121 3813 Caesar
1151 3747 1292 3812 luctatus

221 3871 282 3917 non
306 3856 362 3929 est,
384 3852 440 3918 sed
462 3852 488 3917 ei
513 3853 635 3927 (Velleii
666 3851 789 3931 iudicio)
813 3852 1018 3920 libentissime
1047 3855 1159 3938 paruit.
1207 3854 1293 3923 Seri-

222 3957 356 4023 bendum
380 3964 441 4025 est:
471 3979 566 4034 mor,
600 3960 725 4023 odium
751 3961 963 4026 clementia
986 3959 1180 4024 eluctatos
1213 3981 1294 4028 sua.
