<?xml version="1.0" encoding="UTF-8"?>
<!DOCTYPE html PUBLIC "-//W3C//DTD XHTML 1.0 Transitional//EN"
    "http://www.w3.org/TR/xhtml1/DTD/xhtml1-transitional.dtd">
<html xmlns="http://www.w3.org/1999/xhtml" xml:lang="en" lang="en">
 <head>
  <title>
</title>
<meta http-equiv="Content-Type" content="text/html;charset=utf-8" />
  <meta name='ocr-system' content='tesseract 3.04.00' />
  <meta name='ocr-capabilities' content='ocr_page ocr_carea ocr_par ocr_line ocrx_word'/>
</head>
<body>
  <div class='ocr_page' id='page_1' title='image "./ioniemadvigiiad00madvgoog_0838.png"; bbox 0 0 2656 5056; ppageno 0'>
   <div class='ocr_carea' id='block_1_1' title="bbox 238 294 906 365">
    <p class='ocr_par' dir='ltr' id='par_1_1' title="bbox 238 294 906 365">
     <span class='ocr_line' id='line_1_1' title="bbox 238 294 906 365; baseline -0.025 -2"><span class='ocrx_word' id='word_1_1' title='bbox 238 299 296 363; x_wconf 69' lang='lat' dir='ltr'><strong>m</strong></span> <span class='ocrx_word' id='word_1_2' title='bbox 603 294 906 365; x_wconf 57' lang='lat' dir='ltr'><strong>mem-</strong></span> 
     </span>
    </p>
   </div>
   <div class='ocr_carea' id='block_1_2' title="bbox 195 491 1305 898">
    <p class='ocr_par' dir='ltr' id='par_1_2' title="bbox 195 491 1307 898">
     <span class='ocr_line' id='line_1_2' title="bbox 196 491 1257 578; baseline -0.004 -17"><span class='ocrx_word' id='word_1_3' title='bbox 196 497 365 562; x_wconf 80' lang='lat' dir='ltr'><strong>discessum</strong></span> <span class='ocrx_word' id='word_1_4' title='bbox 394 494 499 560; x_wconf 91' lang='lat' dir='ltr'><strong>odium</strong></span> <span class='ocrx_word' id='word_1_5' title='bbox 527 492 633 560; x_wconf 80' lang='lat' dir='ltr'><strong>Cicero</strong></span> <span class='ocrx_word' id='word_1_6' title='bbox 662 491 748 571; x_wconf 78' lang='lat' dir='ltr'><strong>dicit,</strong></span> <span class='ocrx_word' id='word_1_7' title='bbox 783 493 872 575; x_wconf 87' lang='lat' dir='ltr'><strong>qnod</strong></span> <span class='ocrx_word' id='word_1_8' title='bbox 905 495 1050 559; x_wconf 89' lang='lat' dir='ltr'><strong>omniuo</strong></span> <span class='ocrx_word' id='word_1_9' title='bbox 1078 498 1168 578; x_wconf 76' lang='lat' dir='ltr'><strong>neget</strong></span> <span class='ocrx_word' id='word_1_10' title='bbox 1188 492 1257 557; x_wconf 85' lang='lat' dir='ltr'><strong>nilon</strong></span> 
     </span>
     <span class='ocr_line' id='line_1_3' title="bbox 195 586 1305 683; baseline 0.004 -17"><span class='ocrx_word' id='word_1_11' title='bbox 195 601 290 667; x_wconf 87' lang='lat' dir='ltr'><strong>fuisse</strong></span> <span class='ocrx_word' id='word_1_12' title='bbox 312 600 372 667; x_wconf 85' lang='lat' dir='ltr'><strong>nisi</strong></span> <span class='ocrx_word' id='word_1_13' title='bbox 394 586 498 667; x_wconf 79' lang='lat' dir='ltr'><strong>dlouii</strong></span> <span class='ocrx_word' id='word_1_14' title='bbox 519 601 638 666; x_wconf 81' lang='lat' dir='ltr'><strong>artibus</strong></span> <span class='ocrx_word' id='word_1_15' title='bbox 660 599 740 683; x_wconf 83' lang='lat' dir='ltr'><strong>apud</strong></span> <span class='ocrx_word' id='word_1_16' title='bbox 763 599 912 682; x_wconf 87' lang='lat' dir='ltr'><strong>perditos</strong></span> <span class='ocrx_word' id='word_1_17' title='bbox 937 600 1097 667; x_wconf 89' lang='lat' dir='ltr'><strong>homines</strong></span> <span class='ocrx_word' id='word_1_18' title='bbox 1121 600 1257 670; x_wconf 73' lang='lat' dir='ltr'><strong>ornem.</strong></span> <span class='ocrx_word' id='word_1_19' title='bbox 1304 647 1305 650; x_wconf 57' lang='lat'><em>=</em></span> 
     </span>
     <span class='ocr_line' id='line_1_4' title="bbox 198 705 1257 791; baseline 0 -19"><span class='ocrx_word' id='word_1_20' title='bbox 198 707 251 773; x_wconf 87' lang='lat' dir='ltr'><strong>sed</strong></span> <span class='ocrx_word' id='word_1_21' title='bbox 273 708 421 772; x_wconf 89' lang='lat' dir='ltr'><strong>bonorum</strong></span> <span class='ocrx_word' id='word_1_22' title='bbox 443 707 557 772; x_wconf 86' lang='lat' dir='ltr'><strong>civium</strong></span> <span class='ocrx_word' id='word_1_23' title='bbox 578 705 657 772; x_wconf 82' lang='lat' dir='ltr'><strong>iram</strong></span> <span class='ocrx_word' id='word_1_24' title='bbox 681 707 841 773; x_wconf 89' lang='lat' dir='ltr'><strong>etodium</strong></span> <span class='ocrx_word' id='word_1_25' title='bbox 865 707 901 772; x_wconf 91' lang='lat' dir='ltr'><strong>in</strong></span> <span class='ocrx_word' id='word_1_26' title='bbox 924 725 999 785; x_wconf 80' lang='lat' dir='ltr'><strong>eos,</strong></span> <span class='ocrx_word' id='word_1_27' title='bbox 1025 724 1108 791; x_wconf 86' lang='lat' dir='ltr'><strong>quos</strong></span> <span class='ocrx_word' id='word_1_28' title='bbox 1121 705 1257 772; x_wconf 74' lang='lat' dir='ltr'><strong>cinereum</strong></span> 
     </span>
     <span class='ocr_line' id='line_1_5' title="bbox 199 812 875 898; baseline -0.004 -18"><span class='ocrx_word' id='word_1_29' title='bbox 199 833 307 898; x_wconf 83' lang='lat' dir='ltr'><strong>parum</strong></span> <span class='ocrx_word' id='word_1_30' title='bbox 328 812 442 880; x_wconf 85' lang='lat' dir='ltr'><strong>iuvisse</strong></span> <span class='ocrx_word' id='word_1_31' title='bbox 462 831 500 878; x_wconf 81' lang='lat' dir='ltr'><strong>ee</strong></span> <span class='ocrx_word' id='word_1_32' title='bbox 524 813 694 879; x_wconf 78' lang='lat' dir='ltr'><strong>defendisse</strong></span> <span class='ocrx_word' id='word_1_33' title='bbox 716 814 875 896; x_wconf 76' lang='lat' dir='ltr'><strong>putarent.</strong></span> 
     </span>
    </p>
   </div>
   <div class='ocr_carea' id='block_1_3' title="bbox 199 941 1260 1768">
    <p class='ocr_par' dir='ltr' id='par_1_3' title="bbox 199 941 1260 1768">
     <span class='ocr_line' id='line_1_6' title="bbox 299 941 1258 1027; baseline -0.002 -23"><span class='ocrx_word' id='word_1_34' title='bbox 299 941 378 1007; x_wconf 87' lang='lat' dir='ltr'><strong>Ibid.</strong></span> <span class='ocrx_word' id='word_1_35' title='bbox 401 943 458 1006; x_wconf 81' lang='lat'><strong>48:</strong></span> <span class='ocrx_word' id='word_1_36' title='bbox 491 946 530 1008; x_wconf 91' lang='lat' dir='ltr'><strong>iu</strong></span> <span class='ocrx_word' id='word_1_37' title='bbox 563 943 709 1027; x_wconf 88' lang='lat' dir='ltr'><strong>quibus</strong></span> <span class='ocrx_word' id='word_1_38' title='bbox 741 942 911 1026; x_wconf 87' lang='lat' dir='ltr'><strong>legibus</strong></span> <span class='ocrx_word' id='word_1_39' title='bbox 947 941 1100 1008; x_wconf 79' lang='lat' dir='ltr'><strong>inerat</strong></span> <span class='ocrx_word' id='word_1_40' title='bbox 1136 941 1258 1008; x_wconf 76' lang='lat' dir='ltr'><strong>eurisis</strong></span> 
     </span>
     <span class='ocr_line' id='line_1_7' title="bbox 199 1045 1258 1131; baseline 0.007 -22"><span class='ocrx_word' id='word_1_41' title='bbox 199 1046 276 1111; x_wconf 83' lang='lat' dir='ltr'><strong>ilie</strong></span> <span class='ocrx_word' id='word_1_42' title='bbox 296 1045 374 1119; x_wconf 79' lang='lat' dir='ltr'><strong>lex,</strong></span> <span class='ocrx_word' id='word_1_43' title='bbox 397 1049 623 1131; x_wconf 82' lang='lat' dir='ltr'><strong>quaetotnm</strong></span> <span class='ocrx_word' id='word_1_44' title='bbox 640 1051 726 1115; x_wconf 91' lang='lat' dir='ltr'><strong>eius</strong></span> <span class='ocrx_word' id='word_1_45' title='bbox 741 1047 1013 1114; x_wconf 85' lang='lat' dir='ltr'><strong>tribunatum</strong></span> <span class='ocrx_word' id='word_1_46' title='bbox 1033 1048 1258 1115; x_wconf 85' lang='lat' dir='ltr'><strong>oontiuebrt</strong></span> 
     </span>
     <span class='ocr_line' id='line_1_8' title="bbox 200 1154 1259 1240; baseline 0.002 -24"><span class='ocrx_word' id='word_1_47' title='bbox 200 1171 312 1234; x_wconf 89' lang='lat' dir='ltr'><strong>quum</strong></span> <span class='ocrx_word' id='word_1_48' title='bbox 334 1172 459 1219; x_wconf 85' lang='lat' dir='ltr'><strong>oaeeus</strong></span> <span class='ocrx_word' id='word_1_49' title='bbox 481 1157 658 1220; x_wconf 84' lang='lat' dir='ltr'><strong>amentia</strong></span> <span class='ocrx_word' id='word_1_50' title='bbox 680 1174 752 1220; x_wconf 92' lang='lat' dir='ltr'><strong>non</strong></span> <span class='ocrx_word' id='word_1_51' title='bbox 768 1154 952 1221; x_wconf 83' lang='lat' dir='ltr'><strong>ridebat.</strong></span> <span class='ocrx_word' id='word_1_52' title='bbox 978 1154 1055 1220; x_wconf 87' lang='lat' dir='ltr'><strong>Non</strong></span> <span class='ocrx_word' id='word_1_53' title='bbox 1072 1156 1174 1240; x_wconf 86' lang='lat' dir='ltr'><strong>legem</strong></span> <span class='ocrx_word' id='word_1_54' title='bbox 1188 1154 1259 1235; x_wconf 81' lang='lat' dir='ltr'><strong>ipsun</strong></span> 
     </span>
     <span class='ocr_line' id='line_1_9' title="bbox 199 1257 1259 1343; baseline -0.003 -20"><span class='ocrx_word' id='word_1_55' title='bbox 199 1257 303 1323; x_wconf 76' lang='lat' dir='ltr'><strong>Cicero</strong></span> <span class='ocrx_word' id='word_1_56' title='bbox 325 1263 418 1343; x_wconf 80' lang='lat' dir='ltr'><strong>neget</strong></span> <span class='ocrx_word' id='word_1_57' title='bbox 440 1259 583 1326; x_wconf 84' lang='lat' dir='ltr'><strong>Clodium</strong></span> <span class='ocrx_word' id='word_1_58' title='bbox 605 1259 730 1338; x_wconf 83' lang='lat' dir='ltr'><strong>vidisse,</strong></span> <span class='ocrx_word' id='word_1_59' title='bbox 757 1257 839 1343; x_wconf 90' lang='lat' dir='ltr'><strong>quod</strong></span> <span class='ocrx_word' id='word_1_60' title='bbox 869 1261 1010 1325; x_wconf 90' lang='lat' dir='ltr'><strong>omnino</strong></span> <span class='ocrx_word' id='word_1_61' title='bbox 1035 1261 1146 1343; x_wconf 86' lang='lat' dir='ltr'><strong>inepte</strong></span> <span class='ocrx_word' id='word_1_62' title='bbox 1168 1259 1259 1331; x_wconf 79' lang='lat' dir='ltr'><strong>dieitur,</strong></span> 
     </span>
     <span class='ocr_line' id='line_1_10' title="bbox 200 1363 1259 1449; baseline 0.003 -22"><span class='ocrx_word' id='word_1_63' title='bbox 200 1363 254 1428; x_wconf 90' lang='lat' dir='ltr'><strong>sod</strong></span> <span class='ocrx_word' id='word_1_64' title='bbox 283 1382 399 1430; x_wconf 87' lang='lat' dir='ltr'><strong>eaeoum</strong></span> <span class='ocrx_word' id='word_1_65' title='bbox 428 1367 565 1432; x_wconf 81' lang='lat' dir='ltr'><strong>amentia</strong></span> <span class='ocrx_word' id='word_1_66' title='bbox 585 1385 645 1432; x_wconf 93' lang='lat' dir='ltr'><strong>non</strong></span> <span class='ocrx_word' id='word_1_67' title='bbox 674 1363 934 1431; x_wconf 83' lang='lat' dir='ltr'><strong>animadvertisse</strong></span> <span class='ocrx_word' id='word_1_68' title='bbox 960 1367 1057 1446; x_wconf 82' lang='lat' dir='ltr'><strong>dicit,</strong></span> <span class='ocrx_word' id='word_1_69' title='bbox 1082 1386 1152 1431; x_wconf 84' lang='lat' dir='ltr'><strong>eam</strong></span> <span class='ocrx_word' id='word_1_70' title='bbox 1176 1365 1259 1449; x_wconf 78' lang='lat' dir='ltr'><strong>legen</strong></span> 
     </span>
     <span class='ocr_line' id='line_1_11' title="bbox 201 1469 1260 1552; baseline 0.003 -17"><span class='ocrx_word' id='word_1_71' title='bbox 201 1489 267 1552; x_wconf 80' lang='lat' dir='ltr'><strong>quoe</strong></span> <span class='ocrx_word' id='word_1_72' title='bbox 289 1469 329 1536; x_wconf 89' lang='lat' dir='ltr'><strong>de</strong></span> <span class='ocrx_word' id='word_1_73' title='bbox 350 1490 384 1536; x_wconf 92' lang='lat' dir='ltr'><strong>se</strong></span> <span class='ocrx_word' id='word_1_74' title='bbox 405 1473 470 1538; x_wconf 87' lang='lat' dir='ltr'><strong>lutu</strong></span> <span class='ocrx_word' id='word_1_75' title='bbox 497 1474 588 1551; x_wconf 80' lang='lat' dir='ltr'><strong>esset,</strong></span> <span class='ocrx_word' id='word_1_76' title='bbox 618 1471 806 1537; x_wconf 80' lang='lat' dir='ltr'><strong>Iulianarum</strong></span> <span class='ocrx_word' id='word_1_77' title='bbox 828 1490 961 1537; x_wconf 89' lang='lat' dir='ltr'><strong>numero</strong></span> <span class='ocrx_word' id='word_1_78' title='bbox 989 1472 1163 1538; x_wconf 83' lang='lat' dir='ltr'><strong>contineri.</strong></span> <span class='ocrx_word' id='word_1_79' title='bbox 1202 1470 1260 1537; x_wconf 81' lang='lat' dir='ltr'><strong>Seri·</strong></span> 
     </span>
     <span class='ocr_line' id='line_1_12' title="bbox 200 1577 1260 1664; baseline -0.001 -24"><span class='ocrx_word' id='word_1_80' title='bbox 200 1577 335 1642; x_wconf 89' lang='lat' dir='ltr'><strong>bendum</strong></span> <span class='ocrx_word' id='word_1_81' title='bbox 365 1578 477 1662; x_wconf 82' lang='lat' dir='ltr'><strong>igitur:</strong></span> <span class='ocrx_word' id='word_1_82' title='bbox 510 1578 596 1664; x_wconf 80' lang='lat' dir='ltr'><strong>quod</strong></span> <span class='ocrx_word' id='word_1_83' title='bbox 627 1596 751 1644; x_wconf 85' lang='lat' dir='ltr'><strong>oaeous</strong></span> <span class='ocrx_word' id='word_1_84' title='bbox 780 1577 966 1642; x_wconf 81' lang='lat' dir='ltr'><strong>ementis</strong></span> <span class='ocrx_word' id='word_1_85' title='bbox 998 1597 1080 1643; x_wconf 92' lang='lat' dir='ltr'><strong>non</strong></span> <span class='ocrx_word' id='word_1_86' title='bbox 1112 1579 1260 1645; x_wconf 73' lang='lat' dir='ltr'><strong>videbit</strong></span> 
     </span>
     <span class='ocr_line' id='line_1_13' title="bbox 200 1681 1237 1768; baseline 0.004 -22"><span class='ocrx_word' id='word_1_87' title='bbox 200 1683 372 1749; x_wconf 83' lang='lat' dir='ltr'><strong>Pronomen</strong></span> <span class='ocrx_word' id='word_1_88' title='bbox 393 1703 496 1751; x_wconf 90' lang='lat' dir='ltr'><strong>errore</strong></span> <span class='ocrx_word' id='word_1_89' title='bbox 519 1684 783 1750; x_wconf 78' lang='lat' dir='ltr'><strong>accommodatum</strong></span> <span class='ocrx_word' id='word_1_90' title='bbox 805 1683 854 1748; x_wconf 90' lang='lat' dir='ltr'><strong>est</strong></span> <span class='ocrx_word' id='word_1_91' title='bbox 874 1681 915 1746; x_wconf 88' lang='lat' dir='ltr'><strong>ad</strong></span> <span class='ocrx_word' id='word_1_92' title='bbox 938 1685 1095 1766; x_wconf 86' lang='lat' dir='ltr'><strong>superius</strong></span> <span class='ocrx_word' id='word_1_93' title='bbox 1119 1684 1237 1768; x_wconf 68' lang='lat' dir='ltr'><strong>qum‘)</strong></span> 
     </span>
    </p>
   </div>
   <div class='ocr_carea' id='block_1_4' title="bbox 199 1805 1265 2841">
    <p class='ocr_par' dir='ltr' id='par_1_4' title="bbox 199 1805 1265 2841">
     <span class='ocr_line' id='line_1_14' title="bbox 300 1805 1261 1892; baseline -0.001 -21"><span class='ocrx_word' id='word_1_94' title='bbox 300 1807 447 1873; x_wconf 77' lang='lat' dir='ltr'><strong>loidsse:</strong></span> <span class='ocrx_word' id='word_1_95' title='bbox 469 1810 587 1873; x_wconf 78' lang='lat' dir='ltr'><strong>terre</strong></span> <span class='ocrx_word' id='word_1_96' title='bbox 609 1809 739 1871; x_wconf 89' lang='lat' dir='ltr'><strong>motus</strong></span> <span class='ocrx_word' id='word_1_97' title='bbox 760 1805 985 1871; x_wconf 90' lang='lat' dir='ltr'><strong>horribilis</strong></span> <span class='ocrx_word' id='word_1_98' title='bbox 1009 1827 1100 1873; x_wconf 83' lang='lat' dir='ltr'><strong>eum</strong></span> <span class='ocrx_word' id='word_1_99' title='bbox 1127 1808 1261 1892; x_wconf 69' lang='lat' dir='ltr'><strong>quinus</strong></span> 
     </span>
     <span class='ocr_line' id='line_1_15' title="bbox 202 1913 1262 1996; baseline 0.002 -20"><span class='ocrx_word' id='word_1_100' title='bbox 202 1913 286 1977; x_wconf 84' lang='lat' dir='ltr'><strong>dem</strong></span> <span class='ocrx_word' id='word_1_101' title='bbox 311 1913 452 1980; x_wconf 91' lang='lat' dir='ltr'><strong>multis</strong></span> <span class='ocrx_word' id='word_1_102' title='bbox 480 1913 789 1996; x_wconf 80' lang='lat' dir='ltr'><strong>metuendisque</strong></span> <span class='ocrx_word' id='word_1_103' title='bbox 818 1913 947 1979; x_wconf 86' lang='lat' dir='ltr'><strong>rebus.</strong></span> <span class='ocrx_word' id='word_1_104' title='bbox 1004 1913 1262 1980; x_wconf 81' lang='lat' dir='ltr'><strong>Mondosumeeer</strong></span> 
     </span>
     <span class='ocr_line' id='line_1_16' title="bbox 200 2017 1262 2101; baseline -0.002 -19"><span class='ocrx_word' id='word_1_105' title='bbox 200 2018 439 2101; x_wconf 85' lang='lat' dir='ltr'><strong>quibusdam</strong></span> <span class='ocrx_word' id='word_1_106' title='bbox 472 2020 629 2094; x_wconf 81' lang='lat' dir='ltr'><strong>multis,</strong></span> <span class='ocrx_word' id='word_1_107' title='bbox 659 2019 736 2085; x_wconf 89' lang='lat' dir='ltr'><strong>nihii</strong></span> <span class='ocrx_word' id='word_1_108' title='bbox 758 2037 834 2101; x_wconf 89' lang='lat' dir='ltr'><strong>opus</strong></span> <span class='ocrx_word' id='word_1_109' title='bbox 865 2021 914 2084; x_wconf 87' lang='lat' dir='ltr'><strong>est</strong></span> <span class='ocrx_word' id='word_1_110' title='bbox 942 2017 1179 2097; x_wconf 66' lang='lat' dir='ltr'><strong>demonstrem</strong></span> <span class='ocrx_word' id='word_1_111' title='bbox 1203 2017 1262 2084; x_wconf 85' lang='lat' dir='ltr'><strong>iliud</strong></span> 
     </span>
     <span class='ocr_line' id='line_1_17' title="bbox 199 2125 1263 2209; baseline 0 -18"><span class='ocrx_word' id='word_1_112' title='bbox 199 2125 294 2193; x_wconf 90' lang='lat' dir='ltr'><strong>miror</strong></span> <span class='ocrx_word' id='word_1_113' title='bbox 315 2145 375 2193; x_wconf 93' lang='lat' dir='ltr'><strong>non</strong></span> <span class='ocrx_word' id='word_1_114' title='bbox 397 2126 655 2205; x_wconf 77' lang='lat' dir='ltr'><strong>animadversum,</strong></span> <span class='ocrx_word' id='word_1_115' title='bbox 677 2127 812 2209; x_wconf 80' lang='lat' dir='ltr'><strong>ineptum</strong></span> <span class='ocrx_word' id='word_1_116' title='bbox 836 2143 903 2190; x_wconf 88' lang='lat' dir='ltr'><strong>esse</strong></span> <span class='ocrx_word' id='word_1_117' title='bbox 930 2126 963 2190; x_wconf 92' lang='lat' dir='ltr'><strong>in</strong></span> <span class='ocrx_word' id='word_1_118' title='bbox 989 2125 1051 2191; x_wconf 79' lang='lat' dir='ltr'><strong>tali</strong></span> <span class='ocrx_word' id='word_1_119' title='bbox 1082 2146 1118 2193; x_wconf 89' lang='lat' dir='ltr'><strong>re</strong></span> <span class='ocrx_word' id='word_1_120' title='bbox 1145 2131 1263 2193; x_wconf 81' lang='lat' dir='ltr'><strong>metum</strong></span> 
     </span>
     <span class='ocr_line' id='line_1_18' title="bbox 201 2230 1263 2309; baseline -0.002 -13"><span class='ocrx_word' id='word_1_121' title='bbox 201 2233 310 2297; x_wconf 81' lang='lat' dir='ltr'><strong>derum</strong></span> <span class='ocrx_word' id='word_1_122' title='bbox 342 2252 472 2298; x_wconf 89' lang='lat' dir='ltr'><strong>rerum</strong></span> <span class='ocrx_word' id='word_1_123' title='bbox 505 2233 709 2309; x_wconf 80' lang='lat' dir='ltr'><strong>mentiouem3</strong></span> <span class='ocrx_word' id='word_1_124' title='bbox 743 2231 796 2297; x_wconf 88' lang='lat' dir='ltr'><strong>sed</strong></span> <span class='ocrx_word' id='word_1_125' title='bbox 825 2233 928 2298; x_wconf 86' lang='lat' dir='ltr'><strong>totum</strong></span> <span class='ocrx_word' id='word_1_126' title='bbox 950 2231 1038 2297; x_wconf 91' lang='lat' dir='ltr'><strong>illud</strong></span> <span class='ocrx_word' id='word_1_127' title='bbox 1060 2234 1184 2299; x_wconf 91' lang='lat' dir='ltr'><strong>rebus</strong></span> <span class='ocrx_word' id='word_1_128' title='bbox 1202 2230 1263 2298; x_wconf 86' lang='lat' dir='ltr'><strong>inP</strong></span> 
     </span>
     <span class='ocr_line' id='line_1_19' title="bbox 201 2337 1262 2420; baseline 0 -19"><span class='ocrx_word' id='word_1_129' title='bbox 201 2337 348 2418; x_wconf 84' lang='lat' dir='ltr'><strong>seriptum</strong></span> <span class='ocrx_word' id='word_1_130' title='bbox 372 2357 465 2420; x_wconf 83' lang='lat' dir='ltr'><strong>supra</strong></span> <span class='ocrx_word' id='word_1_131' title='bbox 486 2357 607 2404; x_wconf 80' lang='lat' dir='ltr'><strong>versum</strong></span> <span class='ocrx_word' id='word_1_132' title='bbox 630 2340 687 2417; x_wconf 82' lang='lat' dir='ltr'><strong>est,</strong></span> <span class='ocrx_word' id='word_1_133' title='bbox 711 2337 791 2403; x_wconf 90' lang='lat' dir='ltr'><strong>unde</strong></span> <span class='ocrx_word' id='word_1_134' title='bbox 812 2337 843 2402; x_wconf 93' lang='lat' dir='ltr'><strong>in</strong></span> <span class='ocrx_word' id='word_1_135' title='bbox 865 2343 986 2403; x_wconf 84' lang='lat' dir='ltr'><strong>eeteros</strong></span> <span class='ocrx_word' id='word_1_136' title='bbox 1003 2340 1133 2407; x_wconf 77' lang='lat' dir='ltr'><strong>codices</strong></span> <span class='ocrx_word' id='word_1_137' title='bbox 1147 2337 1262 2406; x_wconf 76' lang='lat' dir='ltr'><strong>transiit.</strong></span> 
     </span>
     <span class='ocr_line' id='line_1_20' title="bbox 205 2443 1262 2528; baseline 0 -20"><span class='ocrx_word' id='word_1_138' title='bbox 205 2446 237 2508; x_wconf 88' lang='lat' dir='ltr'><strong>lu</strong></span> <span class='ocrx_word' id='word_1_139' title='bbox 253 2443 303 2523; x_wconf 82' lang='lat' dir='ltr'><strong>iis,</strong></span> <span class='ocrx_word' id='word_1_140' title='bbox 319 2447 536 2528; x_wconf 87' lang='lat' dir='ltr'><strong>quaerestunt:</strong></span> <span class='ocrx_word' id='word_1_141' title='bbox 560 2464 643 2510; x_wconf 85' lang='lat' dir='ltr'><strong>oum</strong></span> <span class='ocrx_word' id='word_1_142' title='bbox 666 2443 904 2527; x_wconf 85' lang='lat' dir='ltr'><strong>quibusdum</strong></span> <span class='ocrx_word' id='word_1_143' title='bbox 927 2445 1084 2511; x_wconf 90' lang='lat' dir='ltr'><strong>multis</strong></span> <span class='ocrx_word' id='word_1_144' title='bbox 1104 2451 1262 2512; x_wconf 83' lang='lat' dir='ltr'><strong>metuen</strong></span> 
     </span>
     <span class='ocr_line' id='line_1_21' title="bbox 201 2549 1265 2635; baseline 0.004 -21"><span class='ocrx_word' id='word_1_145' title='bbox 201 2549 359 2633; x_wconf 85' lang='lat' dir='ltr'><strong>disque.</strong></span> <span class='ocrx_word' id='word_1_146' title='bbox 380 2549 476 2617; x_wconf 84' lang='lat' dir='ltr'><strong>latere</strong></span> <span class='ocrx_word' id='word_1_147' title='bbox 497 2551 638 2617; x_wconf 83' lang='lat' dir='ltr'><strong>ridentur</strong></span> <span class='ocrx_word' id='word_1_148' title='bbox 659 2552 741 2617; x_wconf 86' lang='lat' dir='ltr'><strong>haee:</strong></span> <span class='ocrx_word' id='word_1_149' title='bbox 768 2569 851 2616; x_wconf 88' lang='lat' dir='ltr'><strong>eum</strong></span> <span class='ocrx_word' id='word_1_150' title='bbox 874 2551 1130 2632; x_wconf 82' lang='lat' dir='ltr'><strong>quibusdem</strong></span> <span class='ocrx_word' id='word_1_151' title='bbox 1155 2555 1265 2635; x_wconf 82' lang='lat' dir='ltr'><strong>&lt;neu-</strong></span> 
     </span>
     <span class='ocr_line' id='line_1_22' title="bbox 200 2655 1264 2743; baseline 0.002 -22"><span class='ocrx_word' id='word_1_152' title='bbox 200 2656 321 2738; x_wconf 87' lang='lat' dir='ltr'><strong>stris&gt;</strong></span> <span class='ocrx_word' id='word_1_153' title='bbox 343 2656 440 2722; x_wconf 91' lang='lat' dir='ltr'><strong>mutis</strong></span> <span class='ocrx_word' id='word_1_154' title='bbox 470 2659 785 2743; x_wconf 82' lang='lat' dir='ltr'><strong>metuendisque.</strong></span> <span class='ocrx_word' id='word_1_155' title='bbox 839 2656 889 2722; x_wconf 80' lang='lat' dir='ltr'><strong>Ad</strong></span> <span class='ocrx_word' id='word_1_156' title='bbox 910 2655 1020 2738; x_wconf 85' lang='lat' dir='ltr'><strong>ipsum</strong></span> <span class='ocrx_word' id='word_1_157' title='bbox 1045 2660 1142 2725; x_wconf 84' lang='lat' dir='ltr'><strong>terrae</strong></span> <span class='ocrx_word' id='word_1_158' title='bbox 1164 2661 1264 2725; x_wconf 82' lang='lat' dir='ltr'><strong>metm</strong></span> 
     </span>
     <span class='ocr_line' id='line_1_23' title="bbox 201 2763 1264 2841; baseline 0.007 -15"><span class='ocrx_word' id='word_1_159' title='bbox 201 2767 381 2841; x_wconf 77' lang='lat' dir='ltr'><strong>recesserat,</strong></span> <span class='ocrx_word' id='word_1_160' title='bbox 403 2764 438 2829; x_wconf 88' lang='lat' dir='ltr'><strong>ut</strong></span> <span class='ocrx_word' id='word_1_161' title='bbox 459 2763 559 2829; x_wconf 87' lang='lat' dir='ltr'><strong>oculis</strong></span> <span class='ocrx_word' id='word_1_162' title='bbox 581 2764 784 2832; x_wconf 84' lang='lat' dir='ltr'><strong>obiicerentur</strong></span> <span class='ocrx_word' id='word_1_163' title='bbox 812 2764 897 2827; x_wconf 83' lang='lat' dir='ltr'><strong>mirae</strong></span> <span class='ocrx_word' id='word_1_164' title='bbox 926 2766 960 2827; x_wconf 88' lang='lat' dir='ltr'><strong>et</strong></span> <span class='ocrx_word' id='word_1_165' title='bbox 988 2763 1264 2832; x_wconf 69' lang='lat' dir='ltr'><strong>inusitatorum</strong></span> 
     </span>
    </p>
   </div>
   <div class='ocr_carea' id='block_1_5' title="bbox 200 2867 1264 3041">
    <p class='ocr_par' dir='ltr' id='par_1_5' title="bbox 200 2867 1264 3041">
     <span class='ocr_line' id='line_1_24' title="bbox 201 2867 1264 2951; baseline 0.006 -20"><span class='ocrx_word' id='word_1_166' title='bbox 201 2867 308 2934; x_wconf 86' lang='lat' dir='ltr'><strong>formee</strong></span> <span class='ocrx_word' id='word_1_167' title='bbox 328 2868 395 2951; x_wconf 89' lang='lat' dir='ltr'><strong>ipso</strong></span> <span class='ocrx_word' id='word_1_168' title='bbox 417 2868 541 2936; x_wconf 88' lang='lat' dir='ltr'><strong>silentio</strong></span> <span class='ocrx_word' id='word_1_169' title='bbox 563 2872 725 2938; x_wconf 81' lang='lat' dir='ltr'><strong>terribiles.</strong></span> <span class='ocrx_word' id='word_1_170' title='bbox 769 2869 925 2936; x_wconf 75' lang='lat' dir='ltr'><strong>dxeidisse</strong></span> <span class='ocrx_word' id='word_1_171' title='bbox 949 2871 1192 2940; x_wconf 75' lang='lat' dir='ltr'><strong>substantivum</strong></span> <span class='ocrx_word' id='word_1_172' title='bbox 1213 2890 1264 2937; x_wconf 79' lang='lat' dir='ltr'><strong>eer-</strong></span> 
     </span>
     <span class='ocr_line' id='line_1_25' title="bbox 200 2976 345 3041; baseline 0 -4"><span class='ocrx_word' id='word_1_173' title='bbox 200 2977 266 3039; x_wconf 89' lang='lat' dir='ltr'><strong>tum</strong></span> <span class='ocrx_word' id='word_1_174' title='bbox 289 2976 345 3041; x_wconf 86' lang='lat' dir='ltr'><strong>est.</strong></span> 
     </span>
    </p>
   </div>
   <div class='ocr_carea' id='block_1_6' title="bbox 200 3164 1264 3783">
    <p class='ocr_par' dir='ltr' id='par_1_6' title="bbox 200 3164 1264 3783">
     <span class='ocr_line' id='line_1_26' title="bbox 299 3164 1264 3252; baseline -0.003 -22"><span class='ocrx_word' id='word_1_175' title='bbox 299 3164 363 3231; x_wconf 87' lang='lat' dir='ltr'><strong>Pru</strong></span> <span class='ocrx_word' id='word_1_176' title='bbox 396 3167 499 3233; x_wconf 78' lang='lat' dir='ltr'><strong>Sestio</strong></span> <span class='ocrx_word' id='word_1_177' title='bbox 535 3167 609 3234; x_wconf 86' lang='lat'>131:</span> <span class='ocrx_word' id='word_1_178' title='bbox 649 3186 814 3252; x_wconf 85' lang='lat' dir='ltr'><strong>eumque</strong></span> <span class='ocrx_word' id='word_1_179' title='bbox 845 3166 999 3232; x_wconf 84' lang='lat' dir='ltr'><strong>itinere</strong></span> <span class='ocrx_word' id='word_1_180' title='bbox 1034 3169 1130 3234; x_wconf 90' lang='lat' dir='ltr'><strong>toto</strong></span> <span class='ocrx_word' id='word_1_181' title='bbox 1163 3168 1264 3232; x_wconf 75' lang='lat' dir='ltr'><strong>urbes</strong></span> 
     </span>
     <span class='ocr_line' id='line_1_27' title="bbox 200 3268 1264 3361; baseline 0.003 -28"><span class='ocrx_word' id='word_1_182' title='bbox 200 3268 335 3335; x_wconf 81' lang='lat' dir='ltr'><strong>Ituliae</strong></span> <span class='ocrx_word' id='word_1_183' title='bbox 357 3271 487 3339; x_wconf 84' lang='lat' dir='ltr'><strong>festos</strong></span> <span class='ocrx_word' id='word_1_184' title='bbox 510 3274 596 3340; x_wconf 92' lang='lat' dir='ltr'><strong>dies</strong></span> <span class='ocrx_word' id='word_1_185' title='bbox 617 3294 735 3361; x_wconf 83' lang='lat' dir='ltr'><strong>egere</strong></span> <span class='ocrx_word' id='word_1_186' title='bbox 757 3273 955 3341; x_wconf 79' lang='lat' dir='ltr'><strong>adventus</strong></span> <span class='ocrx_word' id='word_1_187' title='bbox 978 3272 1060 3337; x_wconf 91' lang='lat' dir='ltr'><strong>mei</strong></span> <span class='ocrx_word' id='word_1_188' title='bbox 1083 3275 1264 3340; x_wconf 81' lang='lat' dir='ltr'><strong>videbun·</strong></span> 
     </span>
     <span class='ocr_line' id='line_1_28' title="bbox 200 3378 1263 3464; baseline 0.002 -24"><span class='ocrx_word' id='word_1_189' title='bbox 200 3384 280 3456; x_wconf 83' lang='lat' dir='ltr'><strong>tur,</strong></span> <span class='ocrx_word' id='word_1_190' title='bbox 308 3378 382 3444; x_wconf 83' lang='lat' dir='ltr'><strong>viae</strong></span> <span class='ocrx_word' id='word_1_191' title='bbox 411 3380 682 3447; x_wconf 91' lang='lat' dir='ltr'><strong>multitudine</strong></span> <span class='ocrx_word' id='word_1_192' title='bbox 711 3380 937 3464; x_wconf 82' lang='lat' dir='ltr'><strong>legatorum</strong></span> <span class='ocrx_word' id='word_1_193' title='bbox 965 3379 1152 3464; x_wconf 88' lang='lat' dir='ltr'><strong>undique</strong></span> <span class='ocrx_word' id='word_1_194' title='bbox 1185 3378 1263 3445; x_wconf 82' lang='lat' dir='ltr'><strong>mir·</strong></span> 
     </span>
     <span class='ocr_line' id='line_1_29' title="bbox 200 3483 1262 3569; baseline 0.005 -22"><span class='ocrx_word' id='word_1_195' title='bbox 200 3501 329 3548; x_wconf 89' lang='lat' dir='ltr'><strong>sorum</strong></span> <span class='ocrx_word' id='word_1_196' title='bbox 353 3483 668 3554; x_wconf 80' lang='lat' dir='ltr'><strong>celebrabantur</strong></span> <span class='ocrx_word' id='word_1_197' title='bbox 689 3490 747 3554; x_wconf 86' lang='lat' dir='ltr'><strong>eet.</strong></span> <span class='ocrx_word' id='word_1_198' title='bbox 799 3485 876 3549; x_wconf 86' lang='lat' dir='ltr'><strong>Vere</strong></span> <span class='ocrx_word' id='word_1_199' title='bbox 904 3487 1052 3567; x_wconf 83' lang='lat' dir='ltr'><strong>reeteque</strong></span> <span class='ocrx_word' id='word_1_200' title='bbox 1085 3486 1161 3552; x_wconf 91' lang='lat' dir='ltr'><strong>olim</strong></span> <span class='ocrx_word' id='word_1_201' title='bbox 1183 3501 1262 3569; x_wconf 77' lang='lat' dir='ltr'><strong>negr-</strong></span> 
     </span>
     <span class='ocr_line' id='line_1_30' title="bbox 200 3590 1262 3677; baseline 0.001 -23"><span class='ocrx_word' id='word_1_202' title='bbox 200 3606 303 3654; x_wconf 86' lang='lat' dir='ltr'><strong>vernm</strong></span> <span class='ocrx_word' id='word_1_203' title='bbox 325 3591 392 3657; x_wconf 87' lang='lat' dir='ltr'><strong>haee</strong></span> <span class='ocrx_word' id='word_1_204' title='bbox 413 3610 483 3658; x_wconf 89' lang='lat' dir='ltr'><strong>eum</strong></span> <span class='ocrx_word' id='word_1_205' title='bbox 505 3593 713 3677; x_wconf 87' lang='lat' dir='ltr'><strong>superioribus</strong></span> <span class='ocrx_word' id='word_1_206' title='bbox 742 3609 803 3657; x_wconf 85' lang='lat' dir='ltr'><strong>unu</strong></span> <span class='ocrx_word' id='word_1_207' title='bbox 830 3590 984 3658; x_wconf 85' lang='lat' dir='ltr'><strong>sententie</strong></span> <span class='ocrx_word' id='word_1_208' title='bbox 1013 3592 1166 3677; x_wconf 77' lang='lat' dir='ltr'><strong>coniungi</strong></span> <span class='ocrx_word' id='word_1_209' title='bbox 1187 3608 1262 3676; x_wconf 81' lang='lat' dir='ltr'><strong>posse</strong></span> 
     </span>
     <span class='ocr_line' id='line_1_31' title="bbox 200 3697 1262 3783; baseline 0.008 -25"><span class='ocrx_word' id='word_1_210' title='bbox 200 3713 259 3760; x_wconf 88' lang='lat' dir='ltr'><strong>nnn</strong></span> <span class='ocrx_word' id='word_1_211' title='bbox 281 3697 380 3762; x_wconf 89' lang='lat' dir='ltr'><strong>solum</strong></span> <span class='ocrx_word' id='word_1_212' title='bbox 401 3704 525 3783; x_wconf 86' lang='lat' dir='ltr'><strong>propter</strong></span> <span class='ocrx_word' id='word_1_213' title='bbox 552 3702 714 3767; x_wconf 86' lang='lat' dir='ltr'><strong>verborum</strong></span> <span class='ocrx_word' id='word_1_214' title='bbox 741 3697 867 3764; x_wconf 91' lang='lat' dir='ltr'><strong>modum</strong></span> <span class='ocrx_word' id='word_1_215' title='bbox 896 3698 1055 3762; x_wconf 80' lang='lat' dir='ltr'><strong>mutatum</strong></span> <span class='ocrx_word' id='word_1_216' title='bbox 1081 3705 1185 3776; x_wconf 87' lang='lat' dir='ltr'><strong>(cum</strong></span> <span class='ocrx_word' id='word_1_217' title='bbox 1204 3745 1211 3761; x_wconf 94' lang='lat'><strong>.</strong></span> <span class='ocrx_word' id='word_1_218' title='bbox 1231 3740 1262 3759; x_wconf 84' lang='lat'><strong>··</strong></span> 
     </span>
    </p>
   </div>
   <div class='ocr_carea' id='block_1_7' title="bbox 246 3932 1261 4198">
    <p class='ocr_par' dir='ltr' id='par_1_7' title="bbox 246 3932 1261 4198">
     <span class='ocr_line' id='line_1_32' title="bbox 246 3932 1261 4005; baseline -0.007 -9"><span class='ocrx_word' id='word_1_219' title='bbox 246 3932 280 4005; x_wconf 55' lang='grc'><strong>’*)</strong></span> <span class='ocrx_word' id='word_1_220' title='bbox 300 3943 316 4004; x_wconf 62' lang='grc' dir='ltr'>ὅ</span> <span class='ocrx_word' id='word_1_221' title='bbox 334 3941 368 3996; x_wconf 80' lang='lat'><strong>54</strong></span> <span class='ocrx_word' id='word_1_222' title='bbox 387 3943 445 3997; x_wconf 91' lang='lat' dir='ltr'><strong>siue</strong></span> <span class='ocrx_word' id='word_1_223' title='bbox 463 3942 546 3997; x_wconf 88' lang='lat' dir='ltr'><strong>dubio</strong></span> <span class='ocrx_word' id='word_1_224' title='bbox 567 3940 740 3997; x_wconf 87' lang='lat' dir='ltr'><strong>scribendum</strong></span> <span class='ocrx_word' id='word_1_225' title='bbox 759 3945 811 3994; x_wconf 86' lang='lat' dir='ltr'><strong>est:</strong></span> <span class='ocrx_word' id='word_1_226' title='bbox 831 3945 888 3993; x_wconf 76' lang='lat' dir='ltr'><strong>out</strong></span> <span class='ocrx_word' id='word_1_227' title='bbox 906 3938 1091 3994; x_wconf 81' lang='lat' dir='ltr'><strong>universus</strong></span> <span class='ocrx_word' id='word_1_228' title='bbox 1111 3940 1261 3996; x_wconf 81' lang='lat' dir='ltr'><strong>interitus</strong></span> 
     </span>
     <span class='ocr_line' id='line_1_33' title="bbox 299 4030 1261 4102; baseline -0.003 -16"><span class='ocrx_word' id='word_1_229' title='bbox 299 4041 356 4087; x_wconf 84' lang='lat' dir='ltr'><strong>eut</strong></span> <span class='ocrx_word' id='word_1_230' title='bbox 383 4035 526 4091; x_wconf 86' lang='lat' dir='ltr'><strong>victoris</strong></span> <span class='ocrx_word' id='word_1_231' title='bbox 554 4035 744 4091; x_wconf 77' lang='lat' dir='ltr'><strong>dominatus</strong></span> <span class='ocrx_word' id='word_1_232' title='bbox 772 4045 806 4087; x_wconf 82' lang='lat' dir='ltr'><strong>ee</strong></span> <span class='ocrx_word' id='word_1_233' title='bbox 832 4032 893 4101; x_wconf 83' lang='lat' dir='ltr'><strong>(pro</strong></span> <span class='ocrx_word' id='word_1_234' title='bbox 922 4034 991 4097; x_wconf 79' lang='lat' dir='ltr'><strong>aut)</strong></span> <span class='ocrx_word' id='word_1_235' title='bbox 1021 4047 1170 4102; x_wconf 78' lang='lat' dir='ltr'><strong>regnum</strong></span> <span class='ocrx_word' id='word_1_236' title='bbox 1209 4030 1261 4086; x_wconf 83' lang='lat' dir='ltr'><strong>Non</strong></span> 
     </span>
     <span class='ocr_line' id='line_1_34' title="bbox 299 4126 717 4198; baseline 0.005 -20"><span class='ocrx_word' id='word_1_237' title='bbox 299 4126 352 4180; x_wconf 82' lang='lat' dir='ltr'><strong>trie</strong></span> <span class='ocrx_word' id='word_1_238' title='bbox 370 4126 570 4198; x_wconf 80' lang='lat' dir='ltr'><strong>disiunguntur,</strong></span> <span class='ocrx_word' id='word_1_239' title='bbox 588 4128 637 4185; x_wconf 90' lang='lat' dir='ltr'><strong>sed</strong></span> <span class='ocrx_word' id='word_1_240' title='bbox 655 4127 717 4182; x_wconf 91' lang='lat' dir='ltr'><strong>duo.</strong></span> 
     </span>
    </p>
   </div>
   <div class='ocr_carea' id='block_1_8' title="bbox 0 0 1341 5056">
    <p class='ocr_par' dir='ltr' id='par_1_8' title="bbox 0 0 1341 5056">
     <span class='ocr_line' id='line_1_35' title="bbox 0 0 1341 5056; baseline 0 0"><span class='ocrx_word' id='word_1_241' title='bbox 0 0 1341 5056; x_wconf 95' lang='lat' dir='ltr'><strong> </strong></span> 
     </span>
    </p>
   </div>
  </div>
 </body>
</html>
