2656 5056
247 270 305 332 112
607 267 666 320 Lib.
687 267 722 320 11.
742 270 808 336 t‘ap.
829 268 867 320 ΙΙ.

196 469 281 533 sisse
328 465 432 534 Cicero
477 466 616 532 ridetur:
668 464 827 529 Iniuria
862 466 1127 547 postulabam
1163 460 1242 546 itaque
1291 477 1302 517 r

200 573 366 642 ridebere.
1291 580 1305 623 a

308 743 385 808 rore.
409 743 464 805 re:
497 740 586 804 uaec
614 740 676 803 ese
703 737 842 819 iniqua
870 740 1072 809 certatio,
1096 735 1243 804 nonina,
1292 687 1305 730 “

201 852 345 932 quatu
368 851 507 914 contra
531 844 718 909 Alfenum
748 843 986 925 equitabas;
1017 845 1110 910 huic
1138 863 1176 908 ne
1199 840 1243 904 oti
1294 895 1305 935 ᾖ,

208 953 457 1019 consisteret
479 949 638 1034 quidem
663 955 801 1016 contre
823 952 871 1027 te,
897 947 1033 1015 locum
1057 947 1243 1031 reliquisti.

210 1061 257 1123 Ne
279 1058 329 1124 hic
351 1059 474 1140 quidem
498 1056 644 1122 mendum
666 1056 789 1140 coargui
809 1058 964 1138 opustest
982 1055 1128 1138 quoniam
1145 1052 1244 1119 omniun
1298 1143 1305 1149 η

201 1183 359 1228 consensu
390 1163 586 1230 manifestum
620 1163 675 1226 est.
728 1164 866 1244 Apparet
892 1159 1070 1226 desiderari
1103 1180 1159 1226 non
1177 1159 1246 1223 setun

200 1271 431 1336 :absolutionem
443 1269 603 1335 sententie
615 1269 723 1352 prioris
739 1273 824 1351 (qua
845 1269 887 1332 tu
907 1270 1055 1333 eontra
1073 1267 1247 1334 Aliennnt
1298 1260 1305 1291 ²

202 1376 262 1440 *sed
284 1378 435 1458 praeterea
455 1375 582 1459 aliquid,
605 1374 653 1440 cui
676 1373 862 1439 contrarium
885 1375 1076 1440 subiiciatur
1095 1374 1166 1438 hoc:
1185 1369 1249 1434 hnic
1299 1345 1305 1397 ¹

204 1504 255 1547 ne
277 1488 353 1560 eet.;
388 1503 459 1548 nem
492 1479 662 1563 praecedere
691 1480 781 1544 debet
810 1481 954 1562 sequioris
986 1501 1058 1546 cum
1082 1479 1184 1544 Alieno
1201 1494 1250 1539 oon·
1300 1464 1305 1504 ἵ

203 1590 389 1656 certationis
421 1585 604 1672 significatio
638 1590 669 1650 et
701 1604 811 1649 nomen
847 1587 901 1650 aut
936 1605 1119 1669 pronomen.
1141 1584 1183 1649 cni
1202 1599 1251 1646 eoo·
1302 1573 1305 1604 ¹

212 1695 340 1758 trarium
363 1694 515 1758 referatur
535 1692 635 1757 huie.
682 1691 892 1774 Depravandoo
923 1692 1075 1759 orationis
1107 1710 1191 1757 cansa
1213 1687 1252 1751 init
1304 1684 1305 1704 ¹

211 1796 393 1865 sine'dubio
417 1801 463 1865 bis
486 1800 621 1880 positum
643 1796 746 1862 Alfeni
770 1817 879 1864 nomen
903 1799 936 1862 et
959 1799 1044 1863 oculi
1067 1800 1106 1864 ab
1126 1799 1211 1863 altero
1226 1791 1252 1857 ad

212 1905 342 1970 alterum
378 1924 488 1971 nomen
517 1905 676 1970 aberratio.
732 1903 833 1969 Cicero
863 1903 946 1968 enim
978 1905 1019 1969 ad
1053 1904 1134 1970 hano
1154 1905 1252 1968 iorum

205 2007 392 2095 scripserat:
422 2012 511 2076 Haec
534 2012 595 2075 est
616 2011 754 2093 iniquo
776 2010 972 2084 certatio,
996 2029 1074 2076 non
1096 2011 1186 2086 illc,
1203 2022 1255 2090 qua

212 2121 253 2180 tu
290 2123 430 2183 contra
465 2117 652 2181 Alienum
690 2117 910 2196 <utebare
948 2117 1124 2201 Aliquid
1152 2119 1256 2180 temen

211 2221 399 2305 Alfeno>
432 2224 516 2311 eqni
547 2221 664 2296 debeor
697 2221 790 2287 huie
821 2240 866 2287 ne
899 2224 967 2287 nbi
989 2260 1032 2270 —
1055 2262 1097 2271 -
1118 2261 1159 2271 —
1181 2221 1257 2286 reli·

207 2328 353 2410 quisti.
398 2330 444 2394 De
467 2329 597 2414 singulis
621 2328 719 2393 verbis
742 2328 820 2393 nihii
842 2328 993 2394 affirmari
1016 2332 1132 2413 potest.

312 2494 374 2560 Pro
396 2491 510 2562 Roscio
533 2494 613 2562 Gom.
639 2496 693 2558 17:
728 2493 763 2573 Q.
789 2494 957 2559 Roscius
990 2532 1035 2544 -
1070 2494 1171 2574 Quid
1195 2492 1258 2557 ais?

209 2599 365 2676 Nonne,
398 2602 441 2664 nt
472 2600 582 2683 ignis
614 2599 652 2664 in
682 2617 820 2683 aquarn
850 2599 1066 2666 coniectus
1089 2601 1259 2671 continno

214 2706 491 2790 restinguitur
513 2707 552 2770 et
574 2705 861 2790 refrigeratur,
883 2707 943 2771 sic
965 2707 1179 2776 referrens
1200 2705 1261 2771 iel·

204 2831 292 2876 sum
322 2810 473 2876 crimen
503 2810 541 2875 in
572 2813 828 2895 purissimam
859 2817 898 2877 ct
919 2812 1261 2882 castissimamri·

211 2922 287 2982 tam
318 2916 514 2983 collatum
544 2920 685 2983 statim
709 2920 890 2984 concidit
911 2923 949 2985 et
972 2918 1261 3007 exstinguitur?

211 3060 251 3070 -
283 3023 454 3090 Roscius
487 3022 638 3090 socium
671 3026 889 3090 fraudavit.
932 3025 1083 3092 Potest
1115 3029 1184 3092 hoe
1209 3027 1262 3089 ho·

206 3129 306 3192 mini
340 3129 854 3212 huiohaererepeooatumr
897 3133 1037 3215 Apparet
1070 3134 1263 3199 referrens

203 3235 356 3300 crimen
380 3255 434 3318 por
455 3255 488 3301 se
512 3255 604 3320 prave
627 3239 659 3302 et
680 3238 828 3304 inusitate
850 3236 921 3308 dici.
943 3237 1061 3303 sicum
1084 3239 1261 3305 collatum

204 3343 423 3425 coniungatur,
460 3344 696 3408 alterumutrnm
725 3344 921 3427 participium
953 3362 1082 3425 prorsus
1116 3346 1262 3413 abundare

203 3467 279 3515 cum
308 3448 478 3529 presertim
508 3448 564 3512 hoc
595 3450 832 3532 comparationis
860 3449 1035 3516 membrum
1065 3451 1212 3535 superiori
1230 3449 1264 3514 sio

207 3554 401 3638 respondeat,
432 3555 465 3618 ut
493 3552 613 3620 dnobus
641 3556 742 3622 verbis
764 3556 1058 3640 (restinguitur
1089 3560 1130 3623 et
1156 3555 1264 3624 refri-

202 3662 387 3744 geratur)
423 3660 481 3724 duo
518 3661 611 3726 rerba
647 3664 853 3744 exaequentur,
889 3663 942 3727 nni
979 3664 1147 3747 participio
1182 3682 1263 3730 nnnm

204 3766 402 3849 perticipium
432 3767 538 3834 reterri
567 3767 688 3841 debeat,
711 3766 772 3833 duo
794 3769 905 3834 vitiose
927 3769 1114 3838 reiterantur.
1172 3771 1265 3837 Cicero

207 3872 370 3953 scripserat
392 3874 530 3943 tantum:
560 3873 619 3939 sio
647 3875 858 3940 refervens
888 3875 1036 3941 salsum
1064 3877 1213 3944 crimen
1232 3876 1263 3939 in

205 3977 462 4059 purissimam
493 3986 531 4049 et
559 3979 836 4048 castissimam
867 3983 991 4048 vitam
1014 3985 1161 4050 statim
1184 4002 1265 4050 con·

202 4084 313 4148 cidit
334 4087 373 4149 et
394 4087 697 4173 exstinguitur?
728 4087 777 4153 Ad
793 4089 1063 4172 interpretandum
1077 4090 1265 4176 participium
