2656 5056
432 729 538 783 Plinius
556 728 649 783 llaior.
975 728 1035 789 525

26 929 180 1012 puinque
201 927 407 989 marcionem
430 926 604 1010 Qyprurm
627 925 809 991 adiectivum
833 946 933 993 errore
945 931 1077 993 tractum
1157 916 1159 921 ’

26 1035 52 1103 ‚d
76 1055 119 1100 er
141 1033 305 1118 quinque
327 1034 383 1097 est.
476 1088 479 1093 .
854 1042 857 1045 “
1159 1092 1162 1098 .

42 1225 44 1227 ¹
116 1139 180 1204 Lib.
203 1137 273 1212 Vll,
300 1136 375 1200 116:
404 1136 475 1201 Sed
497 1155 566 1220 quo
589 1140 641 1213 te,
677 1136 720 1199 M.
745 1137 867 1214 Tulli,
966 1159 1077 1204 max·

28 1265 87 1310 me
122 1243 380 1309 excellentem
413 1241 555 1325 insigni
586 1242 809 1324 praedicem?
845 1264 916 1328 qno
947 1247 1078 1328 potius

26 1349 329 1435 ruam-universi
362 1346 492 1431 populi
523 1347 634 1412 illius
667 1349 798 1431 gentis
838 1352 1078 1434 amplissimo

33 1456 262 1532 estimonio,
296 1474 312 1519 e
345 1457 427 1519 tota
463 1454 542 1518 vita
571 1463 636 1517 tua
668 1457 895 1523 consulatus
925 1459 1077 1522 tantum

26 1591 29 1620 n
39 1563 199 1646 peribus
221 1559 381 1625 electis?
428 1557 568 1623 Ridicule
592 1563 662 1641 post
687 1561 821 1643 populi
844 1560 915 1626 addi
931 1564 1077 1644 tanquam

26 1669 115 1733 uaius
156 1668 189 1730 et
226 1666 399 1748 proprium:
455 1663 566 1727 illius
608 1667 749 1748 gentis*
781 1668 917 1750 apparet.
981 1665 1077 1731 Serib.
1178 1732 1179 1735 ,

26 1773 147 1856 oopuli
182 1772 293 1837 illius
329 1769 495 1854 viperinis
529 1768 683 1845 (libertate
716 1774 748 1835 et
774 1773 911 1855 imperio,
944 1791 1014 1845 non,
1044 1776 1080 1837 nt

26 1898 106 1953 runc,
129 1877 381 1962 languescentis).
416 1874 639 1948 (Detlcfsenius
661 1876 879 1952 sciscentis,
903 1881 986 1943 recte
1009 1898 1079 1961 par·

26 1986 157 2069 icipium
179 1985 304 2049 subesse
326 1984 422 2057 ratus,
444 1980 500 2044 sed
521 1980 624 2045 inlelir
647 1980 792 2058 delectu.)

117 2088 263 2168 utoni,
300 2087 357 2150 69:
401 2083 488 2150 Vita
510 2085 569 2150 his
591 2086 724 2168 (apibus)
752 2087 1002 2170 longissima,
1037 2094 1079 2153 ut

26 2193 391 2280 ›rospereinimioe
426 2211 466 2255 ac
502 2191 668 2256 fortuita
700 2191 855 2266 cedant,
905 2196 1079 2277 septenis

26 2304 140 2369 runis.
193 2300 385 2367 Universa
428 2298 533 2362 alvos
576 2314 774 2379 numquam
811 2298 916 2365 ultra
948 2300 1079 2367 decem

26 2426 134 2473 rnnos
168 2406 332 2471 durasse
366 2404 551 2486 proditur.
606 2401 657 2466 Sic
686 2403 827 2468 distinxit
857 2404 1080 2484 Detlelsenins3

26 2504 187 2601 superiores
224 2511 335 2576 annis
381 2508 570 2574 universa.
629 2510 748 2573 Alvos
785 2512 843 2573 cet.
902 2509 945 2574 llo
981 2514 1080 2596 magis

26 2621 104 2704 requi
127 2619 259 2684 debebat
280 2615 461 2696 scripturam
485 2614 597 2679 codicis
618 2614 826 2698 palimpsesti:
876 2613 1080 2678 Universae

26 2727 125 2790 nlvos
162 2728 242 2805 (quae
279 2722 436 2786 contrariae
481 2721 635 2802 ponuntur
666 2718 796 2802 singolis
828 2719 961 2801 apibus).
1020 2720 1079 2785 Sed

26 2831 111 2897 timul
147 2827 240 2895 scribi
276 2824 381 2890 debet:
427 2825 517 2889 Vita
552 2823 612 2888 his
648 2824 876 2906 longissima
996 2847 1081 2910 sep·
1179 2884 1180 2887 ,

32 2956 221 2998 elbidum.
661 2982 665 2990 .
738 2995 739 2998 Ἴ

117 3038 192 3127 11)(1,
226 3037 282 3101 90:
336 3035 489 3100 Homini
532 3036 609 3099 icto
645 3044 675 3110 (a
715 3035 883 3118 scorpione)
926 3038 1082 3119 putatur
1134 3052 1150 3074 ¹·

26 3165 102 3211 esse
126 3143 294 3215 remedio
316 3143 483 3225 ipsorum
507 3140 605 3205 cinis
627 3144 737 3226 potus
759 3142 796 3206 iu
822 3141 918 3213 rino.
976 3141 1081 3226 Mag-

26 3271 99 3317 ram
144 3248 420 3314 adversitatem
453 3247 536 3311 oleo
579 3247 716 3339 mersis
760 3251 797 3311 et
831 3247 1081 3313 stellionibus

26 3359 157 3423 nutant
189 3353 496 3438 esse,1inuocuis
527 3352 715 3417 duntaxat
750 3353 815 3422 iis,
849 3356 914 3435 qui
948 3357 984 3418 et
1005 3356 1082 3437 ipsi

26 3464 151 3526 :arent
169 3458 376 3548 sauguine,
414 3458 647 3522 lacertarum
670 3457 810 3542 ligura,
841 3461 956 3543 atque
976 3481 1082 3527 scor·

26 3568 153 3634 >iones
175 3566 211 3628 in
234 3567 355 3629 totum
378 3563 475 3627 nulli
496 3582 648 3640 nocere,
670 3564 806 3646 quibus
828 3583 899 3629 non
921 3566 973 3631 sit
994 3585 1082 3631 sau·

26 3674 111 3755 guis.
140 3660 316 3736 Ridiculum
329 3670 385 3735 hoc
396 3670 507 3748 totum,
521 3668 600 3750 qnod
615 3687 709 3733 unum
721 3668 814 3733 verba
824 3668 998 3751 significare
1013 3690 1080 3753 pos·
1156 3680 1159 3687 '

26 3780 98 3851 runt
121 3777 160 3842 de
181 3775 389 3859 scorpionibus
410 3778 489 3847 tum,
511 3791 580 3837 cum
602 3775 668 3838 oleo
690 3771 782 3837 merei
804 3774 875 3847 siut,
905 3775 1093 3847 stellionum¹

25 3882 168 3958 niminis,
202 3885 234 3946 et
265 3882 303 3946 de
334 3880 526 3947 stellionibus
561 3878 742 3960 quibusdam
765 3878 914 3957 innocuis,
937 3881 1081 3964 quoniam

26 3988 150 4065 omnino,
173 3987 222 4051 hic
253 3987 291 4051 de
324 3985 515 4052 stellionibus
550 4002 605 4065 per
637 4003 670 4049 se
703 4003 764 4049 uon
797 3986 907 4069 agitur.
952 3986 988 4050 ld
1011 3986 1081 4060 diei,

26 4093 128 4177 pnibus
163 4093 335 4175 scorpiones
367 4111 424 4156 nou
454 4091 592 4166 noceant
628 4092 755 4174 apparet
781 4091 940 4175 perspicue
969 4111 1005 4156 ex
1027 4109 1082 4174 po·

26 4199 141 4262 tremis
164 4198 274 4263 verbis.
308 4196 480 4282 Scripserat
494 4195 628 4261 Plinius:
652 4196 806 4263 Homini
828 4197 904 4262 icto
926 4199 1083 4279 putatur

26 4322 98 4369 sese
120 4303 289 4369 remedio
308 4302 477 4390 ipsorpm
499 4302 597 4366 cinis
620 4306 735 4383 potus
757 4304 793 4367 iu
817 4304 919 4378 vino,
947 4325 1084 4387 osanna

26 4410 260 4475 rdver'sitote.
318 4409 412 4474 Oleo
428 4392 581 4473 ⁴⁸mersis
604 4411 640 4472 et
661 4407 920 4473 stellionibus
941 4411 1084 4492 puta-nt

26 4517 342 4589 »sseo'nnocuos9
378 4515 567 4579 duntaxat
587 4513 651 4589 iis,
688 4515 750 4596 qui
786 4518 823 4579 et
844 4515 918 4597 ipsi
950 4519 1084 4580 carent
