2654 5010
245 278 307 338 244
615 272 675 326 Lib.
695 271 730 326 Π.
751 271 818 341 Cap.
838 275 872 326 V.

205 474 255 550 ns,
288 470 341 555 qur
375 469 407 534 re
440 469 490 535 na
525 468 723 553 expediendis
753 469 967 549 ereneeeruns,
992 470 1168 547 assedisse,
1186 491 1255 554 enee

208 580 327 645 incerto
343 583 375 643 et
389 577 500 643 vitioso
515 576 641 641 tibicine
657 575 849 640 coniecturas
863 574 1010 657 proxima
1026 579 1120 642 rerba
1137 576 1258 642 fulcirent
1312 622 1316 659 3

208 684 324 752 Omnes
347 685 427 750 enim
450 682 515 748 sine
536 680 603 747 nlla
628 679 823 746 dubitatione
854 683 1163 748 accusationem
1188 684 1260 747 sub·

209 791 292 855 isse
314 790 461 864 scribunt,
484 788 598 854 codicis
619 787 711 853 unius
732 788 914 870 interpolati
945 789 1136 854 auctoritate
1164 789 1262 859 confiat

211 915 316 961 verum
350 912 447 977 neque
480 894 543 959 ullo
575 894 667 960 modo
686 885 764 958 'ucri
786 893 889 959 simile
913 896 967 959 est
987 893 1151 960 librarium
1171 895 1263 960 codice

214 999 346 1066 Mediosi
368 1003 423 1065 eut
444 1001 519 1075 eius,
542 1018 632 1084 quem
650 999 700 1066 bic
713 998 865 1082 exommit,
887 1000 992 1066 tribus
1007 1000 1127 1068 litteris
1141 1003 1201 1068 sine
1218 1002 1266 1067 nlla

212 1107 320 1171 erroris
342 1124 435 1171 causa
458 1105 581 1172 omissis
607 1105 829 1172 nominativum
861 1124 897 1170 ex
929 1109 1113 1175 accusativo
1141 1109 1266 1181 effecum

212 1231 311 1295 ireque
333 1213 473 1278 subire
495 1212 797 1278 accusationem
821 1212 936 1278 Latine
959 1213 993 1278 id
1018 1215 1183 1297 significat,
1202 1215 1267 1299 quot

208 1318 345 1403 intelligi
367 1318 484 1396 nolunt,
506 1317 561 1383 sed
585 1337 707 1401 prorsus
728 1318 926 1384 contrarium.
981 1320 1068 1384 Nam
1101 1322 1179 1386 mala
1204 1322 1270 1404 peri-

215 1425 344 1508 culaque
375 1427 408 1490 et
436 1425 588 1490 molestiae
618 1425 795 1501 subeuntur,
819 1425 1064 1492 deuotionibus
1087 1426 1269 1510 suscipiendis
1298 1451 1302 1488 s

214 1550 366 1616 nusquam
387 1530 447 1596 boc
468 1532 593 1597 verbum
617 1530 750 1615 ponitur,
780 1550 880 1614 nequo
909 1532 1015 1616 magis
1040 1533 1201 1616 quisquam
1220 1552 1271 1598 ac·
1301 1574 1302 1577 =

215 1640 469 1706 cusationem
499 1637 637 1703 subire
662 1638 700 1702 de
722 1656 759 1711 ea
779 1637 971 1704 confidenter
993 1639 1189 1723 suscipienda
1209 1639 1271 1704 dixit

216 1765 308 1831 quam
330 1745 415 1811 uerbi
440 1763 533 1810 causa
555 1744 847 1819 defensionem,
878 1747 911 1810 et
940 1747 1203 1828 quemadmodum
1223 1747 1271 1810 iu·

215 1852 364 1917 dicium
386 1852 500 1917 subit
521 1851 597 1928 (Cic.
613 1849 783 1915 Partitur.
801 1849 884 1927 100),
906 1849 962 1933 qui
983 1869 1059 1917 reus
1082 1852 1129 1929 lit,
1151 1872 1214 1929 non,
1233 1855 1272 1936 qui

215 1957 315 2034 iudex,
338 1959 384 2023 sic
405 1958 636 2024 accusationem
659 1956 751 2034 subit,
774 1957 827 2039 qui
848 1959 1023 2035 accusatur,
1045 1977 1120 2038 non,
1135 1960 1185 2043 qui
1199 1977 1272 2024 aceu-

217 2066 274 2129 sut.
321 2064 435 2130 Amoto
468 2064 566 2146 igitur
597 2063 676 2129 falsa
703 2063 805 2145 specio
833 2063 981 2128 orationis
1012 2064 1274 2150 coniungentes

217 2168 398 2236 redierimus
420 2172 459 2236 ad
482 2175 582 2236 totum
605 2167 762 2246 mendum,
784 2169 864 2252 quod
886 2168 1068 2235 continetur
1082 2171 1196 2236 litteris
1210 2173 1275 2236 inter

217 2281 360 2360 sponte
397 2280 429 2341 ct
465 2276 628 2342 subisse
663 2274 861 2358 interpositis,
897 2275 1167 2354 considerandum,
1199 2277 1274 2361 longe

218 2382 304 2450 aliud
326 2384 454 2449 subesse
476 2383 675 2466 reperiemus,
706 2382 745 2448 ad
770 2385 869 2448 totum
892 2384 1085 2448 sententiam
1110 2388 1142 2448 et
1162 2384 1198 2449 ad
1218 2401 1276 2448 one

218 2491 345 2556 mudum
369 2489 482 2574 Reguli
510 2489 671 2556 infamiam
701 2487 905 2573 aptissimum,
930 2492 1115 2574 emergente
1138 2489 1276 2555 indicioe

219 2596 334 2663 littoris
357 2596 719 2676 enscu[accu]satio.
768 2595 939 2678 Scripserat
961 2597 1046 2661 enim
1072 2596 1209 2675 Tacitus,
1230 2595 1276 2660 nisi

218 2702 317 2782 fallor,
341 2700 380 2766 ad
395 2701 475 2767 banc
495 2701 643 2767 formam:
666 2703 826 2784 sponte,
843 2701 1006 2768 excusatis
1024 2701 1194 2785 (alfia),
1209 2703 1278 2768 sub

219 2810 303 2876 isse
338 2807 500 2873 iuvenis
536 2807 747 2874 admodum
921 2807 1153 2873 ridebatur.
1214 2808 1278 2874 Cum

219 2915 325 2995 ceteri,
359 2933 434 2998 quos
466 2913 547 2980 Nero
582 2913 621 2980 ad
654 2901 790 2980 nobilem
820 2913 972 2980 familiam
995 2913 1198 2981 evertendam
1218 2914 1278 2979 snb

219 3041 327 3089 ornare
357 3022 484 3088 conatus
518 3024 593 3099 eret,
633 3020 878 3087 excusationibus
914 3019 963 3084 usi
1002 3023 1119 3097 essent
1157 3021 1279 3105 Regulus

219 3127 324 3207 subiit,
340 3127 399 3194 boc
414 3129 471 3206 est,
486 3125 610 3192 illorum
625 3125 691 3194 loco
707 3125 856 3192 successit
869 3144 999 3209 seseque
1014 3125 1142 3192 obtulit
1164 3127 1279 3193 Initium

220 3231 324 3299 mendi
357 3235 461 3298 utrum
493 3234 532 3299 ab
563 3233 661 3298 aliis
693 3237 764 3316 post
794 3231 893 3297 -atis
925 3231 1042 3299 omimo
1072 3253 1113 3298 an
1142 3253 1161 3299 a
1190 3234 1279 3299 minus

219 3339 379 3407 intellecto
416 3342 449 3404 et
486 3337 633 3406 distramo
675 3337 893 3405 excusandi
930 3339 1024 3404 uerbo
1061 3339 1280 3423 substitutoque

221 3583 394 3591 w·
423 3582 453 3586 «υ

319 3737 404 3792 luisse
423 3750 519 3806 nuper,
546 3736 593 3805 qui
615 3735 728 3791 subesse
751 3741 864 3805 putenm
887 3741 1009 3803 sponte
1034 3750 1151 3792 senum
1175 3750 1280 3791 conso·

320 3830 441 3884 larium
459 3829 725 3896 accusationem,
744 3829 897 3884 litterarum
914 3827 1072 3884 exoblitus
1086 3846 1139 3885 nec
1153 3829 1280 3885 decusare

321 3938 412 3991 operae
431 3923 550 3992 pretium
568 3928 655 3990 notus,
674 3927 728 3991 quo
748 3921 858 3980 errandi
875 3935 977 3991 genem
996 3938 1088 3991 quone
1104 3929 1227 3978 notarium
1239 3934 1280 3974 usn

320 4013 451 4085 deceptus
479 4015 610 4070 librarius
637 4031 734 4072 aenea
761 4016 958 4071 consulares
990 4015 1019 4069 iu
1048 4022 1188 4070 senatus
1214 4028 1279 4068 con·

319 4107 444 4164 snitum
462 4117 631 4166 commutune
653 4110 781 4180 potuerit.
1325 4097 1326 4110 ¹
