2678 5016
260 287 299 349 w
617 284 877 356 mmmm

317 487 388 552 Art.
421 485 517 553 aurat.
551 487 637 563 (nam
670 485 726 549 has
761 502 879 569 quoque
904 483 1046 566 nequitia
1075 487 1182 553 sordes
1204 506 1278 570 par-

219 611 339 659 currerc
381 590 575 677 grammatici
618 591 750 655 officium
798 610 847 655 me
887 590 990 666 iussit)
1036 592 1089 659 lib.
1136 595 1168 669 Ι,
1217 596 1277 659 114

220 704 282 764 iam
322 698 515 764 Burmannus
549 696 708 769 intellexit,
738 697 841 778 inepto
873 697 1039 762 Romulum
1075 699 1135 764 dici
1166 702 1281 784 populo

218 805 327 889 praedae
360 805 449 889 signa
471 802 601 886 petenda
633 801 769 876 dedisse,
807 821 877 867 cum
898 804 1036 885 peteuda
1057 805 1168 887 praeda
1190 807 1279 893 signa

219 912 472 996 significarentur.
520 908 720 974 Scribendum
745 907 882 973 videtur:

418 1036 469 1082 rer
494 1015 604 1099 populo
628 1015 731 1098 pracda
753 1015 842 1098 signa
861 1015 955 1099 petitu
978 1015 1073 1083 dedit.

318 1123 384 1189 Ibd.
408 1122 504 1185 1332,

368 1228 490 1294 Scilicet
511 1247 546 1293 er
566 1227 620 1293 illo
641 1227 803 1292 sollemnia
824 1244 907 1291 more
928 1226 1051 1292 theatra

277 1333 280 1339 '
418 1353 497 1400 nuuc
517 1353 635 1417 quoque
657 1333 797 1398 formosis
818 1333 963 1398 insidiosa
984 1336 1120 1399 manent.

320 1439 427 1525 Neque
445 1441 602 1504 sollemnia
615 1439 730 1503 llealra
744 1437 867 1504 serenda
880 1441 952 1504 sunt
965 1459 1065 1524 nequa
1079 1460 1114 1502 ec
1125 1438 1177 1502 illo
1186 1460 1279 1515 more,

221 1547 273 1629 qui
295 1566 354 1612 non
376 1567 443 1613 mos
465 1548 533 1621 fuit,
555 1547 610 1612 sed
632 1564 680 1612 res
708 1545 804 1610 semel
818 1546 898 1610 acta.
945 1545 1117 1629 scripserat
1132 1544 1282 1611 Ovidiust

418 1653 542 1719 Scilicet
564 1672 600 1718 er
625 1653 677 1718 illo
698 1650 837 1714 sollemni
856 1671 942 1717 moro
963 1653 1093 1718 theatra.

222 1780 257 1820 es
282 1757 334 1820 illo
361 1761 396 1824 ut
422 1761 496 1825 alibi
524 1759 621 1838 (velut
644 1777 691 1840 ep.
710 1758 792 1831 XIV,
816 1756 872 1834 86,
906 1777 996 1840 quem
1019 1759 1120 1823 locum
1142 1757 1282 1841 proxima

223 1865 328 1948 attigi,
360 1868 485 1930 metam.
508 1867 575 1940 ΙΙΙ,
596 1866 674 1939 394,
695 1865 760 1937 IV,
784 1863 865 1941 259,
894 1866 965 1940 cet,
987 1884 1041 1948 pro
1064 1883 1109 1941 eo,
1131 1863 1211 1948 quod
1232 1865 1286 1928 ost

222 1991 258 2033 ec
279 1970 331 2033 illo
353 1981 491 2055 temporo,
515 1973 627 2055 posuit.

321 2078 386 2143 Ibd.
408 2078 448 2154 ll,
471 2077 549 2141 217:

356 2185 430 2260 Ille,
463 2183 598 2268 fatigatae
622 2178 806 2265 perimendo
819 2183 958 2247 monstra
978 2196 1115 2247 novercae

396 2291 448 2375 qui
471 2291 585 2355 meruit
606 2289 734 2363 calum,
766 2286 846 2371 quod
870 2288 952 2370 prior
972 2288 1038 2370 ipse
1060 2287 1140 2352 tulit.

307 2391 388 2462 'Nou
409 2399 494 2462 recto
519 2398 594 2461 Iuno
618 2395 757 2461 absolute
772 2393 911 2479 satipctu
931 2394 1053 2470 dicitur,
1076 2412 1174 2476 neque
1190 2412 1278 2458 mon-

222 2500 287 2566 stra
307 2501 444 2586 fatigatae
466 2502 590 2566 lunonis
614 2502 717 2574 eraut3
755 2499 854 2564 desita
875 2503 948 2565 suut
969 2500 1077 2573 creari,
1111 2519 1182 2564 cum
1206 2499 1278 2566 fati·

222 2609 295 2690 gata
315 2608 446 2673 creando
469 2609 560 2673 esset.
617 2606 694 2672 Boni
722 2605 839 2671 codices
867 2624 925 2671 non
950 2606 1125 2689 perimendo
1153 2606 1282 2684 habant,

222 2712 275 2778 sed
295 2715 466 2795 prodendo.
510 2712 682 2797 Scripserat
707 2713 800 2797 igitur
824 2711 965 2778 Ovidius:

423 2821 491 2899 lile,
507 2821 646 2904 falipala
668 2819 831 2903 praebcudo
852 2820 990 2883 monstra
1010 2839 1138 2881 coemo
1160 2819 1218 2883 cet.

321 2926 387 2993 Ibd.
419 2928 469 3003 ΙΙ,
501 2926 562 2988 556
585 2926 718 3009 primum
745 2924 969 2991 restituendum
998 2924 1056 2998 est,
1077 2923 1157 3007 quod
1185 2923 1279 2990 etiam

223 3033 315 3099 codex
336 3033 364 3098 R
386 3033 576 3110 (Parisinus,
609 3033 640 3096 iu
663 3032 718 3098 hoc
749 3051 840 3114 opere
869 3031 1022 3113 princeps)
1048 3030 1149 3104 habet,
1173 3031 1280 3114 fassura

217 3140 328 3223 pudor,
350 3140 408 3205 hoc
430 3141 487 3215 est,
509 3140 629 3223 culpam
651 3138 787 3219 confiteri
808 3139 940 3213 coactus,
963 3155 1018 3219 pro
1041 3155 1099 3220 quo
1114 3135 1282 3201 Merkelius

220 3291 418 3302 ——ffl-

290 3389 404 3458 epistola
423 3391 520 3455 (XVII,
543 3390 615 3460 apud
633 3389 716 3445 Meri.
735 3388 813 3455 XVI)
831 3405 858 3444 v.
877 3391 929 3445 100
946 3388 984 3443 ric
1015 3384 1095 3441 verba
1124 3383 1282 3454 interpungi

290 3482 420 3539 voluisse:

369 3576 455 3644 Quam
473 3578 573 3632 multos
591 3577 676 3632 credis
695 3577 805 3632 iuvenes
823 3576 923 3646 optare,
943 3573 1013 3645 quod
1031 3572 1127 3644 optas?

405 3670 457 3736 Qui
476 3672 590 3740 sapiant,
610 3671 708 3734 oculos,
727 3687 761 3724 sn
780 3669 858 3724 Paris
876 3684 944 3722 unus
962 3665 1065 3722 habes?

291 3760 363 3826 Quas
379 3767 508 3832 praterea
525 3765 710 3820 Lachmannus
728 3778 753 3817 a.
767 3762 834 3818 1848
852 3761 886 3814 de
904 3759 1026 3829 epistolis
1043 3761 1069 3823 3,
1087 3762 1113 3825 8,
1132 3760 1157 3820 9,
1178 3759 1220 3821 12,
1239 3757 1284 3819 13,

290 3856 324 3909 14
342 3857 428 3910 movit
446 3857 647 3924 dubitationes,
678 3871 714 3910 ea
734 3854 926 3909 infirmissimis
953 3854 1079 3907 nituntur
1107 3847 1282 3920 argumentis,

289 3965 305 4002 a
332 3949 400 4004 falso
426 3950 506 4004 initio
525 3950 665 4017 proiecta,
696 3946 767 4016 quod
796 3963 901 4010 omnes,
932 3963 998 4018 quas
1025 3941 1137 4000 Ouidius
1155 3941 1284 3996 edidisset

290 4041 431 4110 epistolas,
463 4043 622 4098 nominatim
645 4039 678 4096 ab
697 4056 728 4095 eo
748 4039 839 4094 Amor.
858 4041 900 4106 ll,
929 4043 974 4105 la,
999 4041 1034 4095 21
1054 4052 1111 4106 sqq.
1134 4033 1287 4105 appellatus

289 4136 375 4203 putat.
