2626 5070
380 682 408 737 1.
431 682 531 738 Seneca
549 683 582 738 ds
600 684 659 738 rita
677 684 763 740 beata
996 685 1057 748 367

73 894 140 959 qum
173 872 437 948 subtilitatem
475 881 687 946 nominaverit.
746 880 849 964 Lipsio
883 882 918 949 in
961 886 1097 952 mentem

1 983 3 1071 g
71 991 168 1054 renent
187 985 440 1061 sublimitas.)

142 1092 203 1158 lbd.
230 1091 279 1166 10,
304 1092 337 1154 l:
360 1092 502 1157 Testor
523 1092 622 1157 hanc
650 1093 794 1168 sitam,
816 1112 928 1176 quam
950 1112 1019 1178 ago
1040 1094 1097 1160 ius

1 1254 2 1259 ,
68 1197 1096 1284 cundamsoco‚nonsineadiectavirtutecontingere.

0 1387 1 1390 Ἴ
66 1296 115 1365 Hoc
143 1323 238 1388 genus
270 1303 415 1388 loquendi
447 1304 543 1382 (sine
575 1324 644 1370 cum
671 1304 845 1388 participio)
866 1304 897 1369 in
920 1306 1097 1387 prefatione

2 1457 3 1460 ,
65 1401 122 1471 Iiuii
149 1429 237 1474 ame
267 1412 298 1474 et
327 1408 472 1494 Ussiugio
505 1410 580 1475 editi
601 1411 661 1476 sol.
684 1411 698 1474 1
719 1431 748 1493 p.
774 1412 789 1472 1
812 1428 843 1491 p.
875 1409 934 1475 XX
966 1411 1017 1488 (sd
1039 1412 1096 1489 ΙΙΙ,

65 1508 101 1587 59,
128 1514 154 1592 Ι)
187 1514 309 1580 ostendi
330 1534 392 1580 non
421 1535 547 1597 prorsus
578 1515 749 1582 inauditum
773 1533 850 1592 esse,
883 1515 1022 1598 addoque
1053 1516 1099 1581 sic

3 1626 4 1629 ’
64 1619 122 1697 apud
150 1622 315 1687 Varronem
348 1623 368 1686 l.
390 1622 425 1686 L.
457 1621 487 1711 X
518 1641 547 1704 p.
582 1619 640 1684 166
672 1621 742 1705 Bip.
775 1621 884 1687 scribi:
921 1620 1002 1687 sinc
1035 1639 1098 1685 as·

63 1730 189 1808 sumpta
210 1727 340 1810 aliqua
371 1746 412 1792 rc
447 1727 694 1793 extrinsecus
728 1727 897 1812 perspici
930 1746 1001 1791 non
1031 1745 1098 1809 po·

63 1822 137 1906 test,
157 1836 189 1899 et
221 1832 302 1915 apud
325 1832 501 1898 Ciceronem
530 1832 569 1898 de
594 1833 649 1900 fat.
672 1833 728 1899 41:
763 1833 846 1898 sine
875 1828 1098 1915 prepositis

3 2024 4 2027 Ἴ
63 1939 176 2004 causis.
245 1938 322 2004 Cum
354 1940 457 2003 tamen
480 1940 512 2004 in
534 1939 562 2003 A
586 1940 747 2005 scribatur:
769 1955 840 2002 non
873 1938 905 2002 si
927 1937 1098 2014 adiecta,

62 2031 110 2104 fieri
144 2045 255 2126 potest,
297 2045 333 2108 ut
371 2042 486 2109 Seneca
516 2045 686 2127 scripserit:
719 2062 792 2109 non
828 2043 905 2106 nisi
934 2043 1098 2118 adiecta,
1160 2111 1163 2120 ,

61 2141 141 2211 eodem
169 2148 262 2214 modo
283 2167 353 2214 non
390 2150 470 2215 nisi
500 2150 609 2232 posito,
642 2168 701 2233 qno
729 2148 854 2225 Celsus,
882 2147 1098 2228 Quintilianus,

1 2276 3 2330 ς
60 2235 160 2318 Plinius
193 2255 295 2319 minor
326 2257 494 2338 posuerunt
528 2256 641 2334 (Hand.
663 2255 750 2320 Turs.
773 2255 817 2319 IV
838 2274 868 2337 p.
890 2254 973 2334 252).
1016 2254 1100 2320 Infra

1 2367 2 2449 g
60 2346 82 2431 a
101 2355 128 2435 3)
160 2378 219 2424 non
246 2362 352 2443 potuit
381 2362 498 2428 Seneca
527 2361 670 2437 scribere,
703 2360 789 2444 quod·
816 2360 933 2425 editur:
966 2360 1098 2426 virtus

1 2452 3 2478 ‘
61 2466 345 2548 ··.uolnptstes
367 2468 553 2543 estimat,
582 2469 786 2550 antequam
809 2466 1000 2542 admittat,
1023 2483 1098 2541 nec,

1 2577 3 2644 ἶ
57 2576 131 2641 quas
170 2570 343 2641 (sitrecte
376 2572 657 2646 emendatum-est:
692 2572 778 2638 codd.
811 2572 932 2655 quasi)
964 2571 1099 2653 proba·

1 2663 2 2669 ἵ
56 2667 113 2750 tit,
142 2677 281 2762 magni
316 2679 471 2762 pendit,
512 2679 645 2762 ntique
683 2678 780 2743 euim
814 2677 1003 2752 admittit,
1032 2694 1104 2742 nec
1191 2757 1194 2761 ,

55 2783 109 2843 usu
127 2799 282 2859 earum,
316 2784 380 2849 sed
409 2783 678 2868 temperantia
699 2782 787 2848 iaeta
810 2786 881 2856 est:
914 2800 984 2846 nam
1007 2799 1106 2864 neque

54 2880 171 2968 utique
204 2886 303 2954 virtus
330 2890 503 2973 uoluptates
537 2889 700 2954 admittere
732 2889 815 2953 recte
837 2888 950 2953 dicitnr
972 2905 1029 2952 nec
1049 2888 1106 2952 hoc

54 2986 220 3061 ullomodo
248 2994 331 3060 salet
362 2996 400 3060 ad
432 2995 674 3061 confirmandum
710 2994 848 3073 (enim),
880 3012 948 3058 eam
970 3011 1021 3058 ess
1042 3011 1104 3057 non

54 3103 141 3184 nagor
173 3101 316 3186 pendere.
369 3101 501 3167 Videtur
533 3101 744 3167 scribendum:
776 3119 843 3165 nec
874 3147 943 3164 ...
972 3097 1105 3182 magni

53 3206 172 3274 nonni:
193 3217 260 3268 aut
279 3208 414 3290 utique
436 3210 551 3270 etiam
572 3206 763 3280 admittit.
786 3206 877 3286 cct.¹)

136 3314 205 3379 Ibd.
231 3313 280 3390 12,
313 3313 333 3375 3
355 3313 405 3377 vir
435 3310 533 3377 audeo
557 3311 668 3391 dicere,
691 3312 791 3377 dicam
813 3313 929 3389 tamen,
949 3328 1009 3375 non
1030 3327 1106 3375 sana

55 3424 116 3495 ease,
143 3438 211 3503 qua
236 3419 280 3484 sic
308 3418 501 3483 scribuntur:
545 3418 737 3483 Desinant
769 3435 857 3501 ergo
885 3416 1106 3485 inconveni-

59 3525 149 3591 entia
177 3526 345 3607 iungere
367 3527 406 3590 et
427 3523 573 3588 uirtuti
609 3524 851 3606 voluptatem
868 3522 1105 3604 implicare,

54 3634 110 3699 ner
130 3630 232 3714 quod
254 3631 392 3695 sitium
420 3628 601 3712 pessimis
635 3628 852 3712 quibusque
885 3627 1106 3693 adulantur.

54 3719 109 3798 Non
140 3735 242 3818 potnit
266 3735 415 3800 iudicium
447 3734 496 3799 uel
527 3735 791 3817 perversissimum
825 3735 863 3799 de
885 3733 1105 3798 summobono

56 3829 172 3908 finiendo
195 3842 350 3907 uitium
383 3840 539 3923 appellari.
566 3835 708 3917 Seneca,
739 3840 771 3904 ni
791 3839 889 3912 fallor,
922 3838 1104 3920 scripserat:

56 4051 237 4078 g..-

80 4189 97 4258 ¹)
112 4194 187 4252 Nihil
227 4196 284 4251 ridi
309 4211 421 4265 nsquam
448 4194 476 4249 in
509 4194 559 4250 hoo
587 4210 682 4265 genere
716 4193 856 4263 indignius
881 4192 1001 4262 spretum
1029 4207 1108 4262 quam

117 4289 143 4343 in
160 4307 182 4345 c.
208 4293 250 4353 11,
281 4287 351 4344 aab
376 4288 475 4342 Hacsio
501 4286 629 4342 Gronovii
655 4285 879 4341 emendationem:
908 4303 922 4341 s
945 4288 1109 4356 suggestu

116 4395 197 4436 rossa
217 4384 420 4450 spectantes
439 4380 502 4444 (vid.
526 4396 607 4450 snpra
624 4397 649 4450 p.
663 4381 711 4436 341
723 4383 762 4446 n.)
782 4380 831 4432 aut
847 4378 947 4435 aFicir.
959 4382 986 4433 et
998 4378 1032 4432 H.
1051 4377 1112 4432 hoo

115 4485 188 4528 esse
206 4490 255 4543 pro
274 4473 333 4528 hoa
351 4489 433 4541 esse.
