2656 5056
443 681 583 737 Ciceronis
601 684 747 739 orationes.
1026 686 1084 748 117

54 877 184 960 spicuus
206 879 457 946 manifestissime
479 881 639 962 exponitur
661 880 852 965 paragrapho
874 883 1013 966 sequenti
1035 884 1073 949 de
1088 885 1125 949 A.

5 1004 10 1013 ²
52 981 202 1048 Valentio
224 987 256 1050 et
278 983 496 1067 Liparensibus
517 989 549 1051 et
571 987 680 1052 deiude
704 988 811 1053 multis
833 987 918 1054 locis.
952 987 1012 1068 Qui
1034 990 1126 1054 tan-

51 1088 221 1154 tundem
250 1092 450 1176 scripserunt,
480 1091 649 1158 debuerant
678 1093 772 1159 simul
801 1094 832 1158 in
853 1093 903 1159 his
924 1093 1035 1172 vorbis,
1058 1113 1126 1178 quae

52 1195 311 1278 prascripsimuu
345 1202 542 1283 quantum
577 1199 719 1277 seribere,
753 1219 812 1266 nou
846 1200 1002 1284 quanti,
1032 1201 1067 1264 ut
1093 1199 1124 1265 iu

52 1320 158 1368 errore
181 1302 242 1368 sibi
264 1306 450 1371 constarent.

157 1442 235 1508 Ibid.
259 1447 316 1511 85:
352 1446 495 1530 Itaque
526 1447 591 1529 qui
619 1447 682 1511 tot
711 1446 827 1512 aunis
856 1447 1013 1532 agellos
1033 1466 1125 1514 suos

52 1555 94 1614 te
125 1552 295 1632 praetore
323 1553 522 1617 redimere
550 1571 569 1617 a
599 1551 748 1635 piratis
774 1552 980 1627 solebant,
1002 1551 1124 1618 iidem

50 1676 93 1721 se
118 1658 228 1738 ipsos
251 1659 320 1724 abs
342 1660 380 1723 te
403 1658 536 1742 pretio
559 1658 751 1742 imposito
772 1658 1038 1724 redemerunt.
1062 1660 1125 1725 De·

51 1765 294 1830 monstrativum
329 1764 390 1829 tot
423 1783 530 1848 oeque,
555 1764 795 1847 querelantur,
824 1763 918 1829 habet
940 1783 996 1831 uec
1017 1769 1124 1847 aptum

52 1872 104 1934 est
140 1870 178 1933 ad
214 1869 310 1935 trium
347 1888 496 1935 annorum
533 1869 678 1952 spatium.
736 1868 937 1935 Scribeudum
975 1872 1023 1934 est
1054 1871 1124 1952 'qui

51 1976 240 2060 quotannis.
304 1977 416 2043 Annua
451 1977 551 2060 pactio
589 1994 659 2041 oum
699 1975 807 2056 piratis
844 1975 925 2041 lacta
964 1976 1122 2060 aptissime

51 2081 254 2165 significatur.

156 2222 235 2290 ibid.
267 2224 327 2286 118
356 2222 455 2288 oratio
487 2221 533 2287 sic
564 2222 810 2306 interpungenda
842 2226 904 2289 est:
939 2221 1124 2287 Nummos

52 2329 181 2395 dabat
203 2333 349 2396 arator.
393 2328 594 2408 Quomodo
622 2332 690 2394 aut
719 2329 844 2394 uode?
891 2327 963 2408 Qui
986 2327 1018 2392 si
1041 2328 1124 2392 lar·

49 2435 250 2521 gissimus
274 2454 361 2501 esse
382 2435 528 2509 veltet,
552 2434 1124 2500 cumulatioremeusuraute·

50 2545 185 2621 retur,
221 2544 264 2608 ut
300 2543 419 2607 autea
448 2586 581 2604 .....
613 2542 821 2615 venibant,
858 2541 892 2606 is
928 2558 1122 2606 nummum

50 2649 186 2715 dabat.
230 2649 361 2714 Unde?

157 2800 236 2867 ibid.
262 2803 337 2864 134:
372 2803 413 2866 tu
435 2800 669 2882 Apronium,
701 2800 895 2864 homiuem
925 2800 989 2865 rix
1018 2800 1123 2864 libe·

50 2927 155 2982 rum,
178 2908 498 2974 contaminatum
522 2951 729 2982 ........
751 2923 836 2969 oum
858 2905 897 2969 iu
919 2907 1033 2970 tauto
1055 2907 1122 2969 tuo

50 3014 253 3080 dedecore
289 3015 472 3097 prolecto
509 3031 553 3076 ne
590 3012 708 3077 verbo
745 3011 901 3094 quidem
935 3010 1123 3095 grauiore

49 3119 333 3202 appellasses,
355 3122 482 3202 neque
516 3120 617 3201 apud
650 3120 689 3184 ta
711 3123 788 3183 tam
811 3116 952 3182 sancta
973 3115 1123 3199 religio

49 3225 277 3292 societatis
299 3226 467 3301 fuisset,
490 3227 532 3290 ut
554 3270 666 3301 .....
688 3222 769 3289 nisi
790 3241 870 3288 rem
891 3225 968 3288 taur
991 3225 1123 3288 uotam

50 3350 144 3398 esse
171 3333 356 3398 omnibus
379 3334 516 3397 ettam
539 3331 798 3397 manifestam
822 3329 992 3394 rideres.
1024 3326 1122 3392 Mani-

51 3442 169 3503 t'estum
191 3428 240 3504 est
261 3439 318 3506 hoc
340 3439 411 3516 dici,
436 3439 571 3516 Verrem,
594 3437 654 3503 uisi
676 3457 740 3504 rem
763 3435 907 3502 omuibus
925 3435 1030 3500 uotam
1056 3453 1122 3499 esse

51 3543 186 3622 videret,
216 3546 352 3627 profecto
382 3564 446 3610 suaa
480 3543 713 3610 existimationis
737 3542 953 3608 conservandae
977 3561 1070 3608 causa
1090 3541 1122 3607 in

52 3650 229 3733 Apronium
261 3650 555 3728 animadversurum,
588 3651 702 3716 saltem
734 3647 871 3735 grauiter
898 3667 967 3713 eum
991 3648 1123 3732 increpi-

51 3764 160 3821 turum
183 3756 287 3823 fuisse.
337 3757 443 3840 Atqui,
466 3759 501 3822 ut
523 3775 603 3823 nuno
624 3757 776 3834 scribitur,
805 3756 911 3837 aperte
936 3755 1121 3821 contrarium

51 3861 180 3939 dicitur,
202 3862 329 3927 Verrem
351 3881 389 3929 ue
410 3862 497 3946 graui
519 3863 643 3946 quidem
664 3864 757 3929 verbo
776 3860 1001 3945 appellaturum
1018 3860 1122 3925 fuisso.

52 3967 163 4032 Cicero
186 3967 368 4051 scripserat:
392 3969 576 4052 profacto
592 3971 798 4053 <nou>ue
820 3968 941 4035 uerbo
964 3966 1121 4049 quidem

51 4075 243 4157 graviore
264 4074 522 4158 appellasses
538 4074 609 4152 (hoc
624 4085 686 4142 est:
710 4077 918 4159 proiectouou
933 4084 997 4138 tam
1012 4071 1123 4137 leniter·

51 4182 233 4258 tractasses,
255 4187 289 4247 ut
310 4200 348 4247 ue
369 4183 462 4248 verbo
485 4182 608 4266 quidem
631 4185 768 4266 graviore
789 4181 985 4265 appellares),
999 4196 1123 4262 neque

51 4287 158 4369 apud
182 4290 219 4352 te
242 4292 320 4354 tam
343 4291 483 4354 saneta
504 4289 655 4374 religio
674 4287 881 4354 societatis
897 4285 1122 4352 luissetcet.

51 4392 124 4458 Nou
147 4392 306 4460 intellecta
327 4395 471 4460 orationis
492 4394 599 4471 forma,
619 4393 650 4459 iu
666 4413 736 4478 qua,
752 4392 834 4478 quod
848 4393 987 4478 negando
1002 4392 1123 4459 tollitur

52 4501 166 4583 (nou),
189 4500 291 4582 ipsum
311 4502 453 4585 negative
475 4501 600 4567 effertur
615 4501 727 4586 (oe-
740 4500 924 4583 quidem),
945 4497 1129 4585 principalis
