2656 5056
253 256 314 319 126
619 255 680 309 mo.
698 255 736 310 IL
755 256 827 326 ΟΨ
846 257 888 312 ll

312 451 392 518 lbid.
409 454 469 515 104
492 452 538 527 (in
558 453 711 538 epilogo):
732 452 909 522 habetis
936 456 1146 523 hominem
1164 457 1256 539 singr-

211 559 291 625 lari
322 560 490 642 pudore,
518 559 676 624 virtute
708 560 879 642 cognita
912 568 958 629 et
990 561 1256 647 spectatalile.

211 665 459 747 amplissimi
480 685 522 730 ee
542 664 672 731 tutire
693 666 855 731 nominc
878 672 1049 749 tocius,
1080 673 1256 751 inutraque

212 774 378 839 fortuna
408 770 615 855 cognitum
649 770 793 836 multis
824 773 973 865 signis
1004 779 1049 841 et
1078 776 1258 842 virtutiset
1297 829 1298 832 ,

214 879 494 944 humanitatis.
552 878 603 941 lta
630 879 778 960 scriptum
808 871 926 943 ast'in
960 900 1029 947 uno
1053 902 1092 947 ex
1114 882 1258 962 dnobus
1298 957 1299 975 ξ

213 985 300 1049 timis
321 984 480 1050 codicibus
501 986 596 1067 atque
617 984 684 1048 sine
710 983 804 1049 dnbio
834 984 940 1050 etiam
974 989 1011 1052 in
1035 989 1185 1067 altaro.⁸)
1216 986 1258 1065 Qu

212 1093 339 1154 tentatae
360 1092 435 1154 sunt
456 1089 671 1166 correctiones,
692 1090 803 1155 omitto
825 1094 925 1174 atque
947 1093 1015 1158 hoc
1032 1115 1132 1160 unum
1147 1095 1261 1163 almona

212 1183 337 1276 prorsus
371 1213 515 1278 perverse
556 1195 618 1261 dici
653 1194 912 1277 amplissimo
954 1201 1101 1267 totius
1138 1200 1262 1266 Etruria

213 1301 388 1379 nomine,
411 1306 447 1367 ut
467 1302 658 1387 significetur
680 1302 770 1366 homo
791 1320 916 1385 magnae
939 1305 977 1368 in
1002 1307 1137 1373 Etruria
1160 1308 1263 1372 lamed

212 1407 386 1493 dignitatis,
407 1427 445 1473 ne
467 1409 568 1474 dicam
591 1427 690 1491 neque
712 1407 874 1487 Oaecinam,
910 1411 1024 1492 qualis
1061 1416 1134 1478 tota
1164 1413 1263 1478 oratione

213 1513 406 1600 significetur
426 1533 462 1580 ac
483 1514 683 1590 describatur,
712 1513 943 1596 amplissimum
969 1519 1143 1585 hominem
1164 1520 1264 1585 sona

213 1622 434 1687 consuetudins
455 1621 603 1704 appellari
624 1622 763 1703 potuisse
784 1638 883 1703 neque
898 1621 1071 1691 Etruriam
1088 1627 1150 1693 hoo
1162 1629 1264 1708 tempos

212 1746 285 1792 suos
306 1726 461 1806 habuisse,
484 1727 568 1792 intra
588 1746 666 1810 quos
687 1745 798 1792 nomen
817 1727 1065 1813 auctoritasque
1081 1733 1264 1799 contineretur.

211 1835 297 1900 lines.
358 1834 463 1900 Cicero
499 1835 638 1918 scripsit:
676 1833 950 1915 amplissimis
988 1841 1111 1906 vetere
1144 1841 1265 1904 nomine

211 1939 359 2025 negotiis.
403 1939 555 2005 Caecinam
587 1958 711 2023 prorsus
739 1939 789 2012 iis,
817 1958 885 2022 quae
916 1958 975 2022 per
999 1945 1108 2010 totam
1131 1948 1264 2012 orationes
1308 2004 1309 2008 ,

212 2063 318 2129 sparsa
339 2049 421 2124 sunt,
443 2045 565 2112 indiciis
587 2048 802 2112 convenienter
821 2044 983 2113 hominem
1008 2053 1174 2137 signifieat
1193 2050 1266 2131 ampl

211 2156 243 2217 et
264 2152 329 2218 late
351 2153 463 2217 diffusa
483 2152 609 2236 negotia
630 2151 811 2229 (fenerandi,
835 2154 969 2231 emendi,
995 2159 1175 2237 vendendi)
1189 2160 1265 2223 seton

209 2261 241 2322 et
269 2257 398 2323 honesto
434 2258 558 2323 nomine
588 2259 693 2340 (under
722 2260 806 2323 einer
834 2259 915 2324 olleo
945 2260 1090 2347 Firmo)
1121 2268 1266 2350 gerenton-

210 2363 315 2428 liendi
337 2365 462 2429 initium
483 2364 598 2430 lactum
621 2368 669 2430 est
690 2366 802 2430 litteris
823 2383 868 2430 ne
890 2369 990 2432 semol
1015 2371 1202 2448 scribendis,
1215 2388 1264 2436 cm

208 2469 256 2535 bis
292 2471 385 2536 scribi
421 2472 569 2536 deberent
605 2471 932 2554 (nominegotiis).
1001 2475 1186 2563 Vestigium
1220 2475 1265 2540 seri

207 2576 324 2642 mansit
360 2579 392 2641 in
430 2577 702 2661 amplissimis
735 2577 998 2660 (amplissimi
1034 2590 1077 2660 s).
1138 2587 1217 2651 Ante
1242 2599 1265 2644 ea

208 2685 310 2767 verba,
348 2703 416 2767 qnae
453 2683 504 2751 hic
538 2684 778 2762 emendavimus,
811 2684 876 2750 haec
908 2685 1084 2770 leguntur:
1123 2688 1265 2755 habetis

207 2790 402 2855 hominem
436 2791 645 2875 singulari
677 2790 841 2873 pudore,
873 2793 1036 2860 virtute
1060 2795 1265 2882 cognitaet

207 2896 396 2977 spectata
418 2895 511 2961 fide.
566 2895 703 2963 offendit
724 2896 776 2963 hic
797 2916 856 2961 non
879 2900 982 2964 solnm
1005 2903 1049 2966 et
1071 2902 1184 2969 vitiose
1202 2902 1265 2964 inter

206 2999 377 3067 secundnm
410 3005 442 3067 et
473 3003 601 3068 tortium
633 3003 805 3068 mombmm
836 3003 1073 3085 interpositum,
1105 3028 1175 3074 cnm
1202 3009 1264 3072 inter

205 3106 340 3188 primum
362 3108 394 3172 ot
414 3109 546 3173 alterum
568 3109 653 3174 nulla
675 3109 888 3191 interponatur
908 3111 1101 3192 coniunctio,
1125 3118 1158 3180 et
1171 3109 1263 3178 deinde
1310 3192 1313 3194 v

205 3210 279 3276 ordo
300 3214 464 3279 verborum
496 3233 616 3298 pravus,
649 3214 702 3298 qui
735 3216 867 3298 primum
900 3215 1044 3283 audienti
1085 3225 1142 3286 ant
1168 3214 1262 3303 legenti

205 3335 338 3385 errorem
371 3319 478 3385 obiicit
511 3321 682 3397 (virtute
711 3322 876 3405 cognita
897 3324 936 3385 et
956 3328 1153 3404 spectata
1173 3324 1260 3399 fidet

257 3625 284 3692 *)
301 3624 345 3677 Ex
374 3623 432 3678 cod.
462 3623 662 3692 Tegernseensi
689 3625 838 3694 profertur:
870 3625 1075 3694 amplissimi
1109 3634 1211 3688 totins
1236 3642 1261 3681 se

303 3716 369 3771 turi
398 3732 433 3771 re
460 3719 605 3786 nomine;
636 3735 731 3773 verum
759 3719 866 3774 totius
894 3718 977 3774 etiam
1004 3719 1035 3774 in
1063 3722 1153 3780 intimi
1179 3721 1261 3795 gradus

302 3808 451 3877 codicibus,
477 3811 523 3878 qui
554 3793 697 3867 Etruriae
721 3827 756 3867 ex
779 3811 992 3880 interpolatione
1014 3817 1152 3885 scripturn
1170 3816 1261 3876 nenos

302 3908 427 3956 servatur
453 3910 518 3972 post
545 3905 683 3960 nomine.
730 3905 783 3974 Qui
805 3904 863 3960 cod.
883 3904 1124 3975 Tegernseensem
1143 3929 1202 3967 com
1218 3906 1261 3963 odi·

300 3993 375 4048 tione
395 3995 488 4064 aliqua
506 3998 629 4065 contulit,
658 3999 686 4052 in
709 4015 765 4068 qua
787 4005 862 4053 esset
888 3999 997 4055 totius
1025 4003 1190 4074 Etruria,
1214 4016 1261 4057 res·

299 4083 394 4139 borum
413 4088 535 4145 ordinem
554 4091 676 4147 indicare
695 4092 797 4146 oblitus
815 4099 866 4147 est.
