2662 5046
459 677 570 734 Cumris
588 678 658 736 Bell.
676 677 734 734 (tir.
1022 681 1085 746 267

2 875 3 938 t
63 876 191 959 sedtum
212 875 359 950 dicerem,
381 893 436 957 pro
458 893 492 940 eo
508 876 713 943 substitutum
734 878 842 973 poetes
862 879 1126 947 remediaban-

63 986 124 1047 tur.
169 979 235 1054 Sed
254 982 322 1046 tem
343 980 436 1047 facile
456 981 632 1050 huiusmodi
660 981 844 1064 deponentia
870 1001 889 1047 e
920 985 1124 1053 substantivis

64 1087 259 1162 ducebantur,
280 1087 317 1150 ut
348 1087 408 1153 hoc
431 1084 543 1151 Caesuri
563 1086 622 1151 sub
646 1073 754 1152 stilum
778 1089 898 1154 senisse
930 1109 1044 1173 negare
1065 1110 1126 1164 nou

63 1195 200 1272 eudmm,
223 1192 277 1275 qui
298 1192 393 1257 etium
414 1191 613 1257 materiari
646 1191 766 1258 dixerit.
822 1193 905 1259 Nem
938 1195 1126 1263 udieotirum

64 1298 155 1362 mele
177 1297 411 1363 materiatus
441 1296 503 1362 alie
528 1297 647 1363 ratione
669 1297 795 1381 fingitur
817 1301 863 1374 (ut
883 1301 982 1373 mele
1004 1319 1127 1369 more·

64 1403 131 1482 tns,
158 1402 301 1481 similis).
360 1402 637 1468 Remediabilis
663 1405 695 1469 et
716 1393 1023 1472 irremediabilis
1045 1407 1126 1491 apud

64 1507 94 1574 L.
112 1508 269 1575 Senecam
294 1510 326 1575 et
347 1508 482 1573 Plinium
504 1508 577 1573 mei.
600 1508 752 1592 leguntur.

155 1612 283 1680 lbd82
298 1614 430 1698 permiro
451 1613 570 1696 spatii
597 1613 784 1691 brevitas,
799 1614 922 1681 etiem
943 1616 980 1680 in
995 1608 1124 1700 fugem

65 1720 250 1786 coniectis
283 1719 534 1797 advorsariis,
570 1737 641 1784 non
675 1720 835 1784 multum
869 1719 913 1785 ed
943 1739 1125 1788 summum

66 1826 230 1892 rictoriae
263 1826 394 1892 iuvere
426 1826 561 1910 potuisse
583 1825 705 1903 dicitur,
741 1844 811 1891 cum
843 1825 901 1891 boc
926 1826 1126 1909 significetur,

65 1936 180 2015 propter
201 1931 296 2014 spatii
313 1931 501 2024 ‘brevitatem
522 1932 622 2015 ipsum
645 1930 805 1996 victorium
828 1949 889 1996 non
904 1931 1038 1996 multum
1054 1952 1125 2015 pro·

64 2036 191 2103 futurem
214 2036 321 2101 finisse.
366 2035 452 2115 Quod
475 2036 556 2102 euim
579 2036 698 2114 obstet,
735 2055 774 2101 ne
798 2036 882 2101 alind
913 2036 985 2120 quid
1016 2037 1125 2119 prosit,

2 2191 5 2199 .
64 2143 184 2208 ridicule
214 2142 317 2226 ipsum
356 2160 414 2206 uon
441 2141 586 2206 ediusure
614 2140 737 2207 dicitur.
786 2141 924 2216 Accedit,
946 2144 982 2206 nt
1004 2162 1063 2209 uon
1087 2143 1126 2210 de

62 2267 180 2315 summe
208 2247 343 2312 victorie
374 2247 492 2331 agotum
527 2246 584 2311 sed
619 2247 657 2313 de
686 2247 822 2313 victorie
848 2246 951 2314 fructu
980 2247 1019 2315 ud
1042 2269 1126 2315 sum·

61 2373 148 2432 mum,
187 2354 246 2419 hoe
282 2354 339 2426 est,
375 2349 415 2417 ud
450 2371 605 2417 summum
639 2352 685 2417 rei
720 2353 752 2417 et
785 2353 972 2421 certaminis.
1016 2353 1127 2440 Iteque

60 2461 152 2528 indeo
176 2457 328 2542 suspicari
360 2457 521 2523 cCoesere
555 2458 703 2540 scriptum
727 2456 837 2523 fuisse:
875 2459 971 2542 qnod
1005 2461 1128 2543 spatii

61 2567 249 2630 brevitate
276 2615 284 2632 .
310 2612 341 2630 ..
369 2583 440 2629 non
473 2562 635 2627 multum
668 2562 713 2626 ed
746 2582 927 2631 summum
958 2565 1127 2629 uictoria

59 2673 189 2737 iurare
216 2673 386 2754 poteret,
421 2687 456 2734 eo
489 2668 618 2747 ablativi
648 2687 703 2750 pro
725 2669 939 2752 prepositione
965 2671 1126 2752 propter

59 2796 123 2856 usu,
146 2778 187 2858 de
210 2796 270 2860 quo
292 2775 355 2849 dixi
377 2774 430 2841 Gr.
453 2776 522 2842 Lat.
545 2774 563 2857 ξ
589 2774 650 2836 556
673 2794 702 2839 n.
725 2775 754 2849 2,
776 2776 875 2858 posito
897 2775 1037 2857 exemplo
1058 2795 1075 2841 e
1095 2776 1125 2842 b.

59 2883 135 2949 Geli.
159 2883 208 2961 V,
241 2882 296 2956 34,
327 2881 377 2946 cui
399 2880 523 2964 adiungi
544 2877 646 2962 potest
666 2880 732 2957 111,
766 2880 1126 2959 uecordissimus

57 2987 249 3068 imbrium)
282 2989 315 3053 et
336 2986 446 3069 (Hirt.)
469 2987 562 3063 VIII,
602 2985 622 3048 9
645 2985 740 3063 (sire
772 2986 1000 3053 certaminis
1023 2987 1126 3069 pori-

58 3095 137 3159 eulo
161 3096 249 3170 eet).
284 3093 432 3176 Corrupto
453 3092 621 3158 victorie
640 3091 753 3157 etcum
777 3110 959 3158 summum
983 3092 1126 3170 condeto,

59 3218 93 3266 ns
113 3201 294 3268 subiectum
316 3199 453 3271 deesset,
486 3198 602 3264 fectum
624 3198 673 3262 ost
694 3196 877 3262 brevitas.
931 3196 1006 3276 Quae
1027 3197 1124 3264 inter-

58 3305 179 3386 polendi
209 3305 320 3372 teritus
342 3306 375 3371 et
394 3303 522 3371 audsoiu
543 3321 581 3369 ne
613 3301 799 3389 incredibilis
821 3303 976 3377 videntur.
1012 3305 1044 3369 tn
1069 3305 1125 3370 boe

57 3412 121 3494 ipso
143 3411 248 3495 capite
268 3410 471 3477 admonemur
502 3408 627 3492 egregie
648 3408 899 3474 Forcbhemmeri
934 3410 997 3475 mei
1021 3429 1126 3479 smeu-

58 3513 192 3594 unone,
215 3533 307 3599 quem
328 3517 394 3581 inre
407 3515 588 3582 Duebuerus
610 3517 732 3580 secutus
756 3515 817 3588 est3
841 3513 919 3580 vidit
938 3516 1033 3588 enim,
1055 3535 1126 3581 curu

58 3638 93 3686 er
126 3620 382 3703 impediendae
414 3621 570 3704 reliqum
605 3619 830 3687 munitionis
864 3639 977 3686 causa
1007 3619 1126 3686 fuctum

57 3730 138 3793 esset
159 3728 246 3809 imp.
284 3727 341 3792 rei
371 3747 449 3810 quae
476 3725 704 3792 munitionis
736 3744 866 3803 oense,
893 3724 1034 3790 additum
1057 3742 1125 3791 esse

56 3833 96 3898 ud
115 3833 267 3899 mendum
289 3834 390 3916 utiquo
412 3833 504 3899 modo
526 3830 743 3896 occultandum
774 3829 918 3909 fiebat,
950 3832 985 3895 ut
1004 3830 1036 3894 in
1059 3848 1126 3895 om-

56 3939 148 4012 nibns
168 3939 283 4005 nostris
305 3937 458 4005 codicibus
480 3937 679 4003 scriberetur:
702 3937 764 4002 rei
785 3955 864 4020 quae
885 3934 1127 4002 munitionis

54 4046 180 4111 fiebat
202 4063 320 4109 ceusu
341 4043 530 4119 similiterre,
545 4042 726 4110 sineseusu.
761 4041 900 4107 Conterri
913 4041 1123 4118 etiumvelim,

52 4170 123 4236 quse
156 4150 196 4216 de
227 4151 366 4216 subiecto
388 4153 421 4216 et
440 4150 559 4217 obiecto
580 4167 600 4213 e
620 4146 752 4213 librariis
774 4147 959 4230 permutetis
981 4145 1043 4213 dixi
1064 4145 1126 4211 vol.

51 4246 121 4341 I'p.
136 4255 201 4320 585
223 4257 258 4322 ot
276 4255 408 4338 Hauptii
440 4257 472 4321 iu
497 4252 741 4322 soneoaelibello
776 4252 814 4317 de
835 4254 934 4317 const.
956 4270 1022 4336 sup.
1045 4270 1071 4316 c.
1094 4250 1126 4329 4,

48 4364 71 4426 3
101 4361 364 4430 emendationem.
424 4376 426 4379 ’
1198 4379 1202 4385 ·
