2648 5084
465 737 563 808 senet.
581 737 653 795 mse.
672 738 740 809 aeg.
1028 736 1088 802 637

171 937 237 1002 ibd.
279 936 334 1000 13:
366 938 402 1001 in
435 938 596 1005 aunuuis
626 937 847 1003 tribuendis
879 918 1132 1025 largissimus
1171 971 1173 975 ¹

66 1043 157 1118 tuit,
191 1044 230 1107 in
263 1042 645 1125 aurupareissimuo,
681 1043 717 1108 iu
740 1045 927 1112 vorandis
949 1048 1009 1112 vel
1031 1047 1132 1113 nuli·

63 1151 129 1214 eis
166 1153 241 1216 tarn
273 1151 429 1233 impius,
469 1152 545 1214 tam
578 1150 774 1233 pertinax,
811 1155 892 1216 tam
926 1171 1051 1237 asper,
1092 1157 1134 1219 ut

65 1256 170 1320 serui
211 1255 324 1320 illum
369 1256 429 1321 sui
464 1274 534 1319 uon
577 1255 789 1322 Matrinum
826 1257 1022 1334 dicerent,
1066 1261 1133 1326 sed

66 1362 337 1438 Metellinum,
373 1361 468 1445 quod
511 1345 846 1446 maroili'speeio
882 1365 1014 1431 dumus
1048 1367 1131 1432 eius

63 1467 556 1552 cruentaretursanguioo
589 1469 846 1543 vernularum.
905 1470 964 1535 Pru
996 1458 1133 1537 veran-
1174 1512 1180 1523 ·

67 1575 131 1640 dis
153 1575 289 1640 scribunt
312 1574 509 1639 vernaolis
532 1591 549 1637 o
574 1572 718 1639 salmasii
739 1576 927 1653 eonioutu'ra,
949 1577 1003 1642 sed
1025 1569 1132 1644 subest

64 1683 100 1747 in
131 1681 187 1746 hoe
220 1681 403 1747 manifesto:
435 1680 473 1744 in
508 1679 780 1764 uerboroodie;
814 1686 915 1766 petest
948 1683 1058 1767 uliquis
1080 1704 1133 1750 su·

64 1788 180 1873 apiouri
203 1786 425 1852 uernaculis
458 1786 584 1851 oubosoo
607 1787 664 1852 sub
692 1787 755 1852 iilis
791 1789 852 1854 vol
885 1786 1043 1865 auliois3
1076 1792 1131 1857 sod

65 1893 228 1957 vernaculi
260 1911 314 1977 pro
343 1895 442 1955 vossio
462 1910 612 1976 nusquam
633 1893 786 1960 diduntur.
844 1894 942 1961 Crede
974 1894 1068 1962 inissa
1095 1898 1131 1963 in

66 1999 322 2064 verberandis
343 1999 465 2065 seroie
486 2000 627 2064 auliuis
648 2003 703 2065 aut
723 2000 851 2063 vernis
871 2000 943 2066 aul.

172 2108 285 2172 Autou.
300 2105 486 2170 Diadum&
504 2105 594 2170 Nam
610 2125 706 2171 eum.
720 2157 727 2171 .
740 2107 932 2174 .uudissot
948 2110 1133 2174 austeres

65 2213 223 2297 quidem
246 2212 487 2278 defectionis
520 2213 685 2284 occisos,
719 2215 846 2278 tamon
879 2231 1036 2298 qnorum
1062 2215 1133 2282 dux

67 2318 261 2384 Armoniae
285 2320 425 2400 enatet
456 2319 549 2384 item
570 2321 728 2403 legatus
751 2319 852 2384 Asiae
880 2369 945 2398 ...,
967 2322 1013 2387 ob
1035 2322 1133 2387 anti·
1244 2399 1246 2402 ,

68 2443 184 2510 quam
204 2425 523 2491 familiaritatem
557 2424 757 2502 dimissos,
790 2426 849 2491 his
868 2426 1021 2494 littoris
1043 2446 1133 2494 con·

68 2532 227 2598 venisse
257 2535 409 2615 patrem
443 2532 605 2607 dieitur,
629 2532 685 2595 eet.
750 2531 810 2596 Pro
835 2549 990 2615 quorum
1013 2534 1135 2605 Salma-

69 2640 135 2704 sius
158 2641 190 2703 ot
212 2631 394 2703 reuoutiuros
416 2638 481 2720 qui
503 2654 648 2713 eorum,
673 2655 772 2720 noque
793 2639 928 2704 oratione
948 2657 1047 2723 noque
1062 2648 1134 2705 sou-

66 2745 169 2809 tentia
192 2746 276 2809 noeto
297 2744 457 2826 (dimissus
491 2744 572 2808 euim
605 2743 725 2815 dieitun
753 2745 805 2827 qui
832 2745 925 2810 fuon't
945 2763 981 2810 er
1003 2746 1133 2825 oerisis).

67 2851 225 2934 Scriptum
261 2850 375 2915 fuorat'
398 2851 436 2915 ud
470 2850 547 2914 hane
579 2851 726 2915 formam:
763 2854 944 2917 auctores
981 2852 1132 2935 quidem

66 2958 312 3046 deiectionis
346 2957 515 3023 occisus,
549 2955 679 3039 [otios]
703 2959 844 3029 tamen,
878 2976 1040 3041 quorum
1062 2958 1132 3022 dur

70 3065 261 3129 Armeniae
284 3064 371 3129 erat
399 3113 521 3138 ......
550 3063 752 3136 dimissos.
772 3068 829 3130 oet.

171 3169 332 3255 Hoiiugob.
368 3169 425 3234 20:
471 3166 610 3235 Voluit
647 3172 685 3234 et
717 3188 783 3251 por
816 3171 993 3256 singulas
1021 3172 1164 3235 urbes.

68 3278 231 3342 lenones
254 3274 457 3360 praefeotos
482 3274 568 3339 urbi
589 3274 734 3350 iuuere,
767 3279 808 3341 ut
829 3279 961 3342 essent
982 3277 1019 3354 in
1041 3277 1135 3342 urbe

65 3382 406 3468 quattuordecim,
443 3384 480 3446 et
507 3381 684 3454 ferisset,
716 3383 750 3447 oi
778 3381 956 3458 vixisset,
985 3375 1136 3466 promo·

68 3495 183 3555 turus
210 3508 342 3554 omnos
364 3488 619 3572 turpissimos
647 3490 686 3552 ot
709 3488 853 3552 ultimae
876 3487 1136 3572 professionis

68 3596 258 3661 hominos.
319 3593 453 3659 Additur
487 3612 504 3658 e
544 3594 714 3658 Oasaubeni
747 3595 920 3659 ooniortura
956 3595 1135 3679 regiones

71 3701 193 3781 (urbis
227 3701 410 3786 regiones
443 3700 625 3774 lenones).
680 3698 716 3763 Id
748 3699 826 3765 iatot
859 3701 916 3765 sub
948 3700 1016 3782 ipso
1037 3699 1134 3765 attare

67 3807 209 3872 numine:
247 3807 519 3890 persingulas
557 3806 666 3870 urbis
711 3805 888 3889 regiones
930 3803 1135 3887 praefootus

70 3913 157 3979 urbi
190 3915 333 3989 faeere,
370 3917 410 3979 ut
442 3914 572 3984 essent
605 3962 654 3998 ..,
690 3911 792 3989 XIV,
827 3915 885 3977 eet.
924 3910 1136 3976 vPrimumdo

69 4032 199 4085 numero
221 4020 352 4093 dieitur,
386 4023 459 4102 pest
480 4023 742 4101 (promoturus
765 4022 846 4096 eet),
869 4017 975 4102 qualos
996 4017 1135 4083 homines
1212 4018 1214 4021 ’

56 4126 293 4211 Heliogabalus
324 4124 482 4209 profectos
504 4121 639 4190 facturus
659 4126 765 4198 fuerit3
788 4142 842 4189 noe
864 4125 986 4188 tantum
1009 4123 1134 4190 lononos

70 4234 365 4323 oratpromoturuo.

174 4338 240 4404 Ibd.
292 4337 350 4404 32:
410 4339 473 4403 vel
526 4339 650 4402 lunam
708 4338 815 4421 cepit
865 4340 903 4401 ot
947 4336 1137 4420 appendit

71 4450 191 4530 atquo
222 4446 266 4510 ad
311 4445 394 4509 eius
437 4445 733 4511 aestimationem
777 4444 959 4528 ponderis
1002 4427 1135 4526 pistos

70 4551 212 4617 amieis
235 4551 417 4616 exhibuit.
477 4551 590 4616 Mirum
615 4551 718 4612 lenum
741 4571 856 4635 capere,
884 4550 954 4615 miri
976 4551 1074 4634 pisees
1096 4549 1137 4615 ad
