2656 5056
449 685 588 741 Ciceronis
607 685 754 741 orationes.
1035 688 1095 749 143

18 959 20 961 ,
61 880 1136 967 fuisset,cumqne...accepisset,cumque....vide·

61 988 214 1051 bantur
236 990 317 1066 cet.),
345 988 517 1053 sedetiam
545 990 669 1071 proptor
697 1007 798 1054 rerum
830 987 1134 1065 dissimilitudinem

60 1109 137 1156 nom
160 1091 192 1156 in
217 1093 423 1175 superioribus
446 1093 484 1158 de
506 1112 566 1159 uno
587 1093 738 1160 adventus
754 1094 933 1161 Brundisini
952 1096 1002 1160 die
1023 1095 1135 1180 agitur,

62 1198 115 1264 hic
137 1202 170 1264 et
191 1199 222 1263 in
245 1197 293 1276 iis,
316 1219 383 1282 qure
405 1200 584 1283 sequuntur,
615 1199 653 1264 de
682 1200 792 1265 itincre
814 1219 868 1284 per
889 1199 1013 1266 Italiam
1034 1205 1067 1266 et
1087 1204 1134 1266 in·

59 1305 161 1369 troitu
192 1306 223 1370 iu
252 1307 377 1381 nrbem;
411 1325 478 1389 quae
507 1307 613 1372 contre
641 1306 807 1391 Seyffertus
830 1306 1009 1389 disputavit,
1032 1309 1134 1373 insuia

2 1488 8 1495 ἶ
60 1416 147 1477 sunt.
202 1411 261 1476 Sed
292 1412 374 1494 quod
401 1430 566 1495 cumque
593 1412 775 1496 simpliciter
804 1412 988 1492 dulciorum,
1014 1413 1132 1480 nullum

59 1516 313 1598 probabilitatem
350 1535 386 1582 ee
421 1519 569 1584 correctio
605 1519 746 1584 habebnt.
812 1519 1012 1585 scribendum
1050 1522 1132 1586 erut:

1 1610 12 1635 ³
60 1625 193 1691 Gouotro
234 1623 387 1689 itinere
431 1627 517 1689 toto
554 1625 671 1690 urbes
707 1624 844 1690 lteliae
880 1625 1010 1691 festos
1046 1626 1133 1692 dios

59 1748 183 1813 agere
205 1731 403 1795 adrentus
424 1731 501 1795 mei
524 1730 776 1796 videbantur.

164 1871 241 1938 ibid.
265 1871 342 1936 133:
371 1869 443 1936 ille
465 1889 505 1936 se
526 1870 586 1936 sic
607 1889 690 1936 oum
713 1868 880 1935 inimico
903 1888 985 1935 meo
1008 1889 1128 1954 copu-

59 1977 188 2055 larat,
219 1979 262 2042 ut
289 1975 408 2042 illius
437 1996 528 2042 meae
556 1975 898 2058 proscriptionis,
926 1995 1039 2060 quum
1060 1976 1130 2040 ed-

60 2082 249 2160 iuvabot,
283 2082 364 2150 Sex.
398 2083 581 2160 Clodius,
615 2082 727 2148 homo
758 2083 812 2148 iis
845 2082 1129 2165 dignissimus,

59 2189 299 2272 quibuscum
324 2189 444 2269 vivit,
467 2188 694 2254 toambuam
720 2206 856 2254 essese
888 2190 1130 2271 scriptorem

58 2314 151 2360 esse
174 2294 340 2361 diceret.
384 2295 435 2359 Sic
456 2295 488 2358 in
509 2295 693 2360 Pscribitur
710 2297 864 2360 mendose.
908 2295 996 2376 Quod
1012 2294 1130 2360 editur:

56 2400 171 2465 illum
188 2399 1129 2485 meaeproscriptionis....tebulam,sesescrip·

56 2514 188 2573 torem
209 2510 268 2573 cet.
296 2505 424 2584 (illum
449 2526 465 2571 e
488 2508 662 2572 coniectura
683 2507 831 2591 Naugerii
853 2513 885 2574 et
906 2508 1021 2574 scholio
1044 2509 1128 2586 Bob,

55 2613 242 2679 tabulam
257 2632 292 2678 ex
304 2612 523 2678 recentioribus
534 2613 714 2692 codicibus),
726 2613 923 2679 menifestum
936 2617 993 2694 est,
1006 2614 1128 2697 nequid

55 2719 162 2784 dicum
186 2719 223 2784 de
245 2719 364 2785 illins
387 2718 418 2784 iu
441 2718 558 2784 illum
581 2720 711 2795 mutato,
729 2718 796 2783 Ser.
812 2717 964 2798 Clodium,
980 2738 1050 2786 cum
1065 2719 1129 2785 Va·

55 2825 172 2890 tinium
189 2825 247 2891 sibi
258 2825 290 2890 in
304 2824 449 2891 Cicerone
464 2825 679 2907 proscribendo
695 2826 811 2890 socium
825 2825 918 2889 inisse
930 2825 1127 2908 significaret,

57 2952 120 2997 nou
153 2932 289 3015 potuisse
317 2931 377 2997 sibi
405 2949 540 3014 persouae
571 2930 827 3013 (scriptoris),
856 2929 903 2994 illi
931 2930 1127 2996 instrumenti

55 3037 151 3120 culpa
165 3037 302 3103 uocantis
323 3038 426 3120 partes
448 3038 593 3105 tribuere.
626 3037 672 3103 Er
694 3056 729 3102 eo
752 3037 828 3119 ipso,
845 3035 925 3120 qnod
940 3035 973 3101 in
987 3034 1128 3100 codicum

55 3145 213 3225 scripture
234 3144 319 3209 nullo
342 3141 518 3227 pronomine
541 3143 686 3209 Vatinius
708 3142 899 3227 significatur
917 3143 973 3206 aut
987 3161 1006 3207 o
1020 3139 1127 3206 Clodio

56 3252 229 3333 separetur,
256 3251 383 3333 apparet
410 3250 570 3333 utriusque
599 3249 631 3314 in
657 3268 690 3314 re
722 3249 841 3333 agenda
862 3252 965 3332 portes
987 3266 1126 3313 commu·

56 3357 141 3420 niter
164 3355 398 3437 comprehensas
420 3358 524 3435 fuisse,
553 3356 697 3440 idemque
719 3356 833 3424 codicis
855 3353 1072 3437 antiquissimi,
1096 3355 1128 3417 et

57 3461 112 3527 cni
145 3460 204 3526 soli
235 3461 312 3527 fides
345 3462 481 3540 debetur,
515 3463 646 3546 vestigia
678 3463 860 3538 monstrant,
890 3479 907 3526 e
936 3461 1046 3544 quibus
1068 3459 1127 3524 hoc

56 3568 193 3633 eruitur:
215 3568 335 3633 illius
357 3587 447 3634 meae
469 3568 792 3651 proscriptionis
815 3612 1009 3629 .......
1033 3564 1126 3633 ambo

55 3692 126 3742 uno
147 3693 235 3740 sese
256 3676 431 3761 scriptores
454 3693 540 3740 csse
563 3674 729 3740 diceret.
773 3671 913 3756 vestigia
935 3672 1127 3755 perturbavit

57 3781 195 3864 primum
227 3783 242 3845 t
274 3780 380 3846 littere
415 3798 451 3845 ex
478 3779 665 3862 praecedeuti
697 3779 788 3845 vcrbo
819 3778 985 3863 geminate,
1015 3777 1126 3842 deiude

56 3886 225 3971 singularis
254 3903 398 3951 numerus
428 3886 696 3969 (scriptorem)
725 3886 765 3951 nd
797 3903 885 3951 sese
909 3931 916 3946 .
940 3930 947 3946 .
970 3884 1127 3949 diceret

56 3992 320 4070 accommodatus,
335 4012 414 4058 -cum
435 3993 546 4058 ambo
568 3993 764 4058 obscuratum
789 3996 882 4059 essct.

29 4198 36 4203 ·
159 4182 198 4248 ln
214 4181 322 4248 Votin.
338 4181 395 4246 32:
416 4180 535 4260 Quem
559 4183 793 4248 occumbere
815 4181 992 4247 atratum
1013 4177 1124 4245 vide·

55 4290 147 4354 rus?
181 4287 390 4353 Dominum
423 4304 508 4353 cum
540 4290 634 4373 toga
662 4288 775 4372 pullu
804 4292 843 4355 et
865 4287 954 4354 eius
976 4287 1125 4353 amicos

56 4404 151 4462 onte
187 4393 437 4463 convivium?
495 4394 600 4461 Cicero
636 4398 731 4480 negat
766 4396 902 4461 atratum
939 4412 1125 4479 quemquam

56 4500 246 4579 accubuisse,
279 4498 437 4565 dominum
455 4517 526 4565 cnm
541 4499 650 4566 amicis
672 4503 742 4566 note
757 4501 929 4568 convivium
945 4501 1124 4583 (numquam
