2678 5016
267 253 360 323 um
608 259 890 331 mmmm

723 460 815 525 Victa
835 460 976 525 materne
997 479 1088 544 prece

374 564 489 629 haesere
510 564 602 639 belia,
625 565 746 648 iamque
768 567 974 631 inultornam
995 583 1103 631 necem

374 670 460 735 illinc
483 673 514 735 et
535 670 607 736 hinc
630 672 760 738 miseere
782 672 939 754 cupientes
961 690 1070 737 manus

373 776 486 842 librata
507 776 615 854 dertru
635 777 699 843 tela
720 795 870 860 suspensa
892 758 1012 852 tenent

223 883 282 948 duo
302 883 451 964 postremi
473 901 577 948 versus
598 883 816 967 transponendi
840 884 929 948 sunt:

578 1031 580 1035 -
673 989 796 1073 iamque
818 989 851 1053 in
872 990 1021 1056 alternam
1044 1009 1152 1056 necem

423 1093 534 1158 librata
554 1092 662 1159 dextra
683 1094 747 1160 tela
768 1112 919 1177 suspense
940 1097 1054 1171 tenent

421 1197 507 1265 illiu'o
528 1201 560 1264 st
580 1198 653 1264 hinc
673 1199 802 1265 miscere
824 1199 983 1282 cupientes
1010 1219 1131 1278 manus,

220 1302 280 1369 hoc
301 1305 358 1382 est,
383 1305 506 1370 dextras
527 1304 653 1389 iungere
675 1322 749 1382 pace
769 1306 859 1371 factu.

321 1408 447 1476 Phaedr.
470 1409 658 1495 (Heppolqt.)
682 1410 752 1487 274,
776 1411 851 1475 275:

620 1518 719 1584 Fama
740 1517 790 1582 vir
810 1535 881 1583 vero
902 1517 986 1583 favet

421 1623 508 1705 peius
530 1624 662 1701 merenti
684 1622 791 1688 melior
812 1625 845 1687 et
866 1624 951 1706 peior
973 1623 1060 1687 hono.

219 1726 329 1811 Neque
351 1728 403 1790 ote
423 1730 455 1794 in
477 1729 534 1795 tali
555 1729 708 1815 sententia
728 1728 801 1796 ferri
825 1728 928 1812 potest
955 1747 1053 1813 neque
1082 1749 1151 1794 cero
1165 1729 1287 1814 favere.

219 1831 425 1898 Manifestum
464 1835 530 1899 est
554 1835 668 1918 requiri
700 1855 737 1897 cc
770 1855 840 1905 cero
877 1839 981 1912 (rere,
1023 1834 1062 1899 ad
1097 1833 1287 1914 veritatem).

221 1936 440 2004 Scribendum:
700 1947 704 1958 '

619 2045 717 2111 Eama
737 2045 791 2109 uti
811 2066 846 2109 ec
866 2061 937 2109 uero
958 2044 1063 2111 iavet?

420 2151 511 2216 Peius
532 2152 664 2217 merenti
685 2152 795 2216 melior
816 2160 867 2228 ees,
889 2149 973 2231 peior
994 2151 1082 2216 bono.

318 2251 508 2322 mmm

418 2363 549 2429 Latuere
570 2381 662 2446 rupes
682 2381 796 2428 numen
818 2362 965 2446 Epidauri
989 2363 1038 2428 dei

292 2522 294 2527 .
418 2471 451 2534 et
471 2469 585 2535 scelere
608 2470 704 2552 petros
726 2467 845 2534 nobiles
867 2468 1042 2534 Scironides

417 2577 449 2640 et
470 2593 538 2659 quae
560 2575 678 2640 duobus
699 2576 782 2639 terra
804 2574 1017 2657 comprimitur
1039 2573 1135 2639 fretis.

216 2679 252 2743 Iu
274 2679 373 2764 primo
394 2699 486 2746 versu
506 2702 618 2743 numen
648 2681 826 2763 corruptum
848 2699 916 2747 esse
948 2681 981 2745 et
1012 2679 1214 2746 manifestum
1235 2679 1286 2743 est

119 2858 120 2862 Ἰ
216 2785 248 2849 et
270 2786 468 2851 consentitur.
524 2785 705 2852 Redduntur
726 2787 880 2862 vertendo,
915 2806 981 2870 quae
1003 2787 1084 2870 apud
1105 2783 1282 2869 Euripidem

214 2892 360 2976 leguntur
380 2892 462 2957 haee:
1308 2885 1310 2890 ’

339 2992 340 2995 “
820 2991 897 3065 ὥστ’
918 2992 1078 3087 ἀφῃρέθη

349 3104 538 3190 Σκείρωνος
559 3096 665 3176 claude
686 3100 783 3189 ὄμμα
807 3099 941 3188 τούμδν
963 3105 1115 3189 εἰσορᾶν,

348 3220 493 3297 ἔκρυπτε
515 3203 544 3277 δ’
566 3204 716 3292 ’Ῑοθμόν
741 3212 796 3278 καὶ
821 3214 950 3295 πέτραν
972 3203 1201 3292 Ἀσκληπιοῦ.

212 3317 322 3401 Itaque
349 3340 439 3403 rupes
466 3316 626 3402 Epidauri
651 3317 701 3379 des·
724 3320 875 3383 tenemus.
934 3317 1001 3384 Una
1032 3318 1138 3383 littera
1158 3313 1282 3379 mutata

212 3423 284 3490 fiet:

412 3530 543 3596 Latuere
564 3549 656 3614 rupes
678 3530 778 3605 lumen
798 3530 946 3613 Epidauri
967 3531 1027 3605 dei,
1101 3594 1103 3597 .

211 3633 270 3701 hoo
295 3636 352 3713 est,
373 3635 477 3701 oculos
511 3629 609 3719 (ὄμμ’
641 3629 800 3722 α’φῃρέθη
829 3638 987 3724 εἰσορᾶν).
1032 3637 1166 3721 (Rupes,
1189 3633 1279 3696 limen

211 3737 385 3824 Epium
400 3741 458 3816 dei,
487 3742 560 3825 quid
595 3742 644 3816 sit
667 3741 830 3809 Richmme
851 3746 946 3819 sciat,
987 3743 1109 3816 nesci03
1138 3759 1196 3825 ego
1218 3755 1277 3803 nou

210 3843 373 3930 intelligo.)

311 3952 413 4041 (Edip.
439 3954 497 4016 196
520 3974 586 4039 sqq.
609 3955 656 4035 (iu
678 3956 879 4038 descriptione
901 3957 1120 4041 pestilentiae):
