2626 5070
424 733 547 789 Valerius
565 732 634 789 blas.
959 731 1020 794 325

26 931 226 999 commodari
257 933 395 1015 possunt.
443 930 531 996 Nihil
561 931 668 997 subest
699 931 759 996 nisi
786 935 942 997 tacerel.
982 932 1062 1016 quod

26 1039 143 1103 iceret
172 1057 276 1104 errore
301 1036 450 1120 scriptum
483 1037 596 1102 sensim
618 1036 651 1100 in
672 1037 874 1103 laberetur
893 1039 1026 1103 transiit.

94 1143 164 1208 lbd.
189 1143 220 1221 3,
242 1144 278 1208 4:
312 1145 351 1208 et
371 1143 508 1217 virum,
541 1142 657 1208 mitto
690 1143 785 1226 quod
815 1144 1061 1226 amplissimae

26 1249 233 1333 ignitatis,
266 1251 369 1314 corte
402 1248 658 1315 salubritatis
681 1248 812 1314 studio
834 1248 1060 1331 praestantis

26 1355 122 1419 liieii
146 1356 335 1438 privatim
360 1355 437 1421 sibi
458 1355 733 1434 venerandum,
767 1353 938 1439 iugulum
962 1373 1061 1437 prae-

26 1480 82 1527 ere
103 1461 238 1526 iussit.
291 1457 467 1524 Ridiculum
490 1461 521 1524 in
544 1458 688 1526 Cicerone
709 1461 862 1526 laudando
884 1459 1060 1525 studium

26 1565 261 1641 alubritatis‚
300 1582 397 1647 neque
428 1565 493 1629 ulla
524 1566 684 1641 verborum
718 1565 883 1650 probabilis
916 1566 1060 1630 iunctura

26 1671 128 1754 rpediri
168 1673 281 1755 potest.
335 1670 435 1737 Codex
477 1672 502 1735 B
546 1671 784 1737 salubritati.
842 1670 1059 1735 Soribendum:

27 1781 97 1843 erte
118 1776 308 1839 salutaria
329 1776 447 1851 alodi,
483 1778 703 1860 praestantis
731 1777 857 1855 offici,
879 1777 1060 1859 privatim

27 1882 73 1947 ibi
100 1882 359 1948 venerandum
381 1882 473 1966 (quod
506 1881 705 1948 Cicerocum
734 1884 766 1947 in
801 1883 914 1948 iudicio
947 1881 1056 1946 defen-

26 1978 104 2067 ‚erati
162 1987 326 2069 Kempfius
348 1988 518 2052 salutari
540 1988 689 2067 studio,
725 1988 859 2054 ablativo
881 2007 942 2053 non
964 1988 1058 2052 recto.

93 2094 163 2159 lbd.
196 2094 231 2158 ΙΙ.
263 2092 283 2155 3
306 2095 380 2157 extr.
407 2095 452 2166 (in
480 2094 675 2160 accusatione
699 2095 897 2160 Atheniensis
926 2094 1059 2177 populi):

29 2217 77 2265 um
99 2199 273 2273 interim,
296 2199 493 2266 cineribus
521 2202 665 2266 nostris
687 2201 784 2266 ioedo
812 2251 819 2266 .
844 2248 880 2266 ..
910 2200 1061 2283 disper·

29 2303 68 2383 is,
108 2305 307 2390 OEdipodis
346 2323 433 2370 ossa
468 2307 820 2389 ...interipsum
848 2306 1061 2390 Ariumpa·

26 2427 80 2483 :um
228 2414 265 2477 et
297 2411 484 2477 excelsam
521 2412 697 2494 praesidis
725 2412 1060 2479 Minervaearcem

26 2533 133 2582 ‚onore
164 2536 237 2582 arae
264 2516 466 2582 decoratos
501 2518 833 2583 sacrosanctiores
862 2520 966 2585 colis.
1010 2520 1060 2583 Sic

26 2618 39 2680 l.
75 2621 208 2687 Mirifice
230 2626 311 2698 sunt
334 2642 401 2707 quae
423 2642 519 2705 nuper
538 2623 756 2707 excogitarunt.
801 2623 943 2689 Proxime
965 2625 1060 2688 vesti-

26 2726 47 2790 la
65 2727 233 2810 premendo
263 2730 302 2794 ad
330 2748 437 2795 verum
462 2729 651 2813 pervenitur:
683 2729 824 2795 bonore
856 2749 929 2794 arae
957 2730 1060 2793 deco·

26 2842 80 2894 ota
126 2856 238 2897 sacro
281 2835 477 2898 sanctiore
525 2835 632 2901 colis.
698 2836 867 2913 (Sacrum
911 2835 1058 2918 singulari

26 2954 117 3004 umero
140 2940 167 3004 si
191 2940 464 3022 qnemoffenderit
485 2940 630 3005 Freundii
651 2941 769 3007 lexicon
791 2941 892 3017 adeat,
914 2942 1058 3024 quoniam

26 3040 139 3109 chelleri
162 3047 271 3111 tenues
292 3046 323 3111 in
346 3047 402 3111 boc
423 3047 571 3111 vocabulo
592 3048 684 3130 copiae
704 3050 799 3127 sunt.)
953 3125 958 3133 ,

88 3150 157 3215 lbd.
193 3151 224 3229 5,
275 3153 310 3217 2:
353 3153 397 3217 Μ.
438 3172 527 3218 raro
565 3153 705 3219 Fabius
744 3154 874 3220 consul
919 3153 1059 3219 inolita

26 3272 117 3339 ugna
143 3257 183 3321 et
210 3257 346 3323 amieis
372 3260 412 3323 et
432 3258 661 3325 Veientibus
685 3261 889 3342 superatis.
944 3260 995 3324 Sic
1019 3260 1056 3338 B,

26 3361 75 3427 lus
96 3361 241 3445 vestigiis
261 3364 433 3446 proximum
456 3366 504 3430 est
526 3367 565 3429 et
590 3365 766 3430 lr'aliacia.
830 3367 871 3430 Et
892 3366 980 3431 facile
1002 3385 1056 3451 pro

26 3468 142 3546 boscis,
177 3487 253 3550 quos
285 3469 390 3535 Liuius
423 3472 454 3536 et
486 3471 651 3555 Dionysius
681 3492 750 3537 cum
777 3471 958 3538 Veientibus
985 3491 1059 3536 con-

26 3576 134 3657 ngunt.
155 3574 189 3637 in
212 3574 282 3640 aliis
302 3559 465 3642 annalibus
486 3578 641 3659 proximus
663 3577 793 3644 lltruriae
814 3577 945 3660 populus
961 3576 1058 3642 nomi·

26 3678 227 3763 utpotuit.¹)

26 3913 190 3925 —.........-.

35 4057 52 4116 ‘l
67 4060 126 4129 Cep.
155 4065 181 4125 9,
209 4063 227 4116 4
254 4064 326 4115 recte
355 4062 464 4132 Lipsius
491 4061 562 4116 vidit
588 4063 659 4116 nibil
686 4061 836 4116 addendum
866 4080 930 4126 esse,
959 4062 1057 4118 eadee

69 4152 170 4207 sublato
188 4152 372 4208 scribendum:
391 4155 654 4210 asseveratione
672 4155 793 4209 deinde
812 4156 1004 4223 eins(nxoris)
1023 4160 1057 4210 et

70 4242 293 4300 iureiurando
324 4247 376 4301 nil
402 4247 488 4313 (codd.
516 4264 548 4301 se
576 4246 640 4314 nil)
668 4248 740 4302 tale
777 4249 949 4317 suspicari
979 4266 1056 4317 per·

72 4350 199 4402 suasus,
228 4337 277 4393 hoc
305 4342 359 4401 est,
388 4340 422 4394 ad
449 4340 489 4395 nil
517 4340 573 4393 tale
595 4340 783 4411 suspicandum
803 4341 859 4409 (sed
878 4342 1054 4410 suspicionem

73 4425 250 4494 abiiciendam)
270 4429 408 4497 adductus,
438 4431 659 4501 quemadmodum
687 4433 738 4498 ΙΙΙ,
761 4437 791 4500 8,
819 4439 832 4490 1
863 4433 978 4503 Capua
996 4451 1054 4504 pa-

75 4518 151 4574 cisci
168 4538 333 4591 persuasa
351 4523 459 4581 dicitur.
