<?xml version="1.0" encoding="UTF-8"?>
<!DOCTYPE html PUBLIC "-//W3C//DTD XHTML 1.0 Transitional//EN"
    "http://www.w3.org/TR/xhtml1/DTD/xhtml1-transitional.dtd">
<html xmlns="http://www.w3.org/1999/xhtml" xml:lang="en" lang="en">
 <head>
  <title>
</title>
<meta http-equiv="Content-Type" content="text/html;charset=utf-8" />
  <meta name='ocr-system' content='tesseract 3.04.00' />
  <meta name='ocr-capabilities' content='ocr_page ocr_carea ocr_par ocr_line ocrx_word'/>
</head>
<body>
  <div class='ocr_page' id='page_1' title='image "./ioniemadvigiiad00madvgoog_0766.png"; bbox 0 0 2580 5054; ppageno 0'>
   <div class='ocr_carea' id='block_1_1' title="bbox 224 280 851 350">
    <p class='ocr_par' dir='ltr' id='par_1_1' title="bbox 224 280 851 350">
     <span class='ocr_line' id='line_1_1' title="bbox 224 280 851 350; baseline 0.002 -16"><span class='ocrx_word' id='word_1_1' title='bbox 224 282 266 343; x_wconf 75' lang='grc' dir='ltr'><strong>σο</strong></span> <span class='ocrx_word' id='word_1_2' title='bbox 593 280 653 335; x_wconf 78' lang='lat' dir='ltr'><strong>nib.</strong></span> <span class='ocrx_word' id='word_1_3' title='bbox 673 281 694 335; x_wconf 90' lang='lat'><strong>1.</strong></span> <span class='ocrx_word' id='word_1_4' title='bbox 715 280 781 350; x_wconf 74' lang='lat' dir='ltr'><strong>cap.</strong></span> <span class='ocrx_word' id='word_1_5' title='bbox 800 280 851 335; x_wconf 79' lang='lat' dir='ltr'><strong>iv.</strong></span> 
     </span>
    </p>
   </div>
   <div class='ocr_carea' id='block_1_2' title="bbox 182 471 1281 1095">
    <p class='ocr_par' dir='ltr' id='par_1_2' title="bbox 182 471 1281 1095">
     <span class='ocr_line' id='line_1_2' title="bbox 284 471 1237 561; baseline 0 -20"><span class='ocrx_word' id='word_1_6' title='bbox 284 478 318 541; x_wconf 89' lang='grc' dir='ltr'><strong>Ρ.</strong></span> <span class='ocrx_word' id='word_1_7' title='bbox 334 477 429 543; x_wconf 68' lang='grc' dir='ltr'><strong>554σ</strong></span> <span class='ocrx_word' id='word_1_8' title='bbox 451 477 496 555; x_wconf 90' lang='lat' dir='ltr'><strong>(in</strong></span> <span class='ocrx_word' id='word_1_9' title='bbox 511 477 614 543; x_wconf 87' lang='lat' dir='ltr'><strong>verbis</strong></span> <span class='ocrx_word' id='word_1_10' title='bbox 629 471 806 554; x_wconf 60' lang='lat' dir='ltr'><strong>clearcho:⁴</strong></span> <span class='ocrx_word' id='word_1_11' title='bbox 824 480 936 545; x_wconf 75' lang='grc' dir='ltr'><strong><em>τοῦτο</em></strong></span> <span class='ocrx_word' id='word_1_12' title='bbox 965 481 1004 545; x_wconf 83' lang='grc' dir='ltr'><strong>δὲ</strong></span> <span class='ocrx_word' id='word_1_13' title='bbox 1029 480 1137 561; x_wconf 77' lang='grc' dir='ltr'><strong><em>δῆλον</em></strong></span> <span class='ocrx_word' id='word_1_14' title='bbox 1157 483 1184 543; x_wconf 69' lang='grc' dir='ltr'><strong>ἐκ</strong></span> <span class='ocrx_word' id='word_1_15' title='bbox 1201 478 1237 560; x_wconf 71' lang='lat' dir='ltr'><strong>nir</strong></span> 
     </span>
     <span class='ocr_line' id='line_1_3' title="bbox 183 577 1281 674; baseline -0.003 -23"><span class='ocrx_word' id='word_1_16' title='bbox 183 591 231 651; x_wconf 82' lang='grc' dir='ltr'><strong>ἔτι</strong></span> <span class='ocrx_word' id='word_1_17' title='bbox 266 586 327 650; x_wconf 80' lang='grc' dir='ltr'><strong><em>καί·</em></strong></span> <span class='ocrx_word' id='word_1_18' title='bbox 355 585 420 650; x_wconf 76' lang='grc' dir='ltr'><strong>νῦν</strong></span> <span class='ocrx_word' id='word_1_19' title='bbox 448 577 707 669; x_wconf 70' lang='grc' dir='ltr'><strong>ὑπολειπούσης</strong></span> <span class='ocrx_word' id='word_1_20' title='bbox 738 586 817 667; x_wconf 80' lang='grc' dir='ltr'><strong><em>περί</em></strong></span> <span class='ocrx_word' id='word_1_21' title='bbox 841 579 932 660; x_wconf 84' lang='grc' dir='ltr'><strong><em>τοιίς</em></strong></span> <span class='ocrx_word' id='word_1_22' title='bbox 957 580 1142 674; x_wconf 78' lang='grc' dir='ltr'><strong>ἡγεμόνας</strong></span> <span class='ocrx_word' id='word_1_23' title='bbox 1161 579 1237 650; x_wconf 54' lang='lat' dir='ltr'><strong>neuin</strong></span> <span class='ocrx_word' id='word_1_24' title='bbox 1280 590 1281 593; x_wconf 70' lang='grc'>’</span> 
     </span>
     <span class='ocr_line' id='line_1_4' title="bbox 183 683 1237 776; baseline -0.002 -21"><span class='ocrx_word' id='word_1_25' title='bbox 183 683 332 775; x_wconf 78' lang='grc' dir='ltr'><strong><em>ἐσθῆτός</em></strong></span> <span class='ocrx_word' id='word_1_26' title='bbox 352 716 390 757; x_wconf 87' lang='grc' dir='ltr'><strong>τε</strong></span> <span class='ocrx_word' id='word_1_27' title='bbox 414 691 467 756; x_wconf 83' lang='grc' dir='ltr'><strong>καί</strong></span> <span class='ocrx_word' id='word_1_28' title='bbox 492 691 634 776; x_wconf 76' lang='grc' dir='ltr'><strong>διαίτης.</strong></span> <span class='ocrx_word' id='word_1_29' title='bbox 668 690 819 771; x_wconf 76' lang='lat' dir='ltr'><strong>Quoniam</strong></span> <span class='ocrx_word' id='word_1_30' title='bbox 842 709 952 775; x_wconf 81' lang='lat' dir='ltr'><strong>neque</strong></span> <span class='ocrx_word' id='word_1_31' title='bbox 977 695 1050 775; x_wconf 85' lang='lat' dir='ltr'><strong>ipse</strong></span> <span class='ocrx_word' id='word_1_32' title='bbox 1074 687 1237 758; x_wconf 70' lang='grc' dir='ltr'><strong><em>σ’πσλείπειι</em></strong></span> 
     </span>
     <span class='ocr_line' id='line_1_5' title="bbox 182 791 1238 880; baseline -0.001 -19"><span class='ocrx_word' id='word_1_33' title='bbox 182 815 237 879; x_wconf 87' lang='lat' dir='ltr'><strong>pro</strong></span> <span class='ocrx_word' id='word_1_34' title='bbox 259 791 515 863; x_wconf 75' lang='grc' dir='ltr'><strong><em>ιίπσλείπεσθαι</em></strong></span> <span class='ocrx_word' id='word_1_35' title='bbox 546 795 679 879; x_wconf 82' lang='lat' dir='ltr'><strong>positum</strong></span> <span class='ocrx_word' id='word_1_36' title='bbox 706 797 768 880; x_wconf 85' lang='lat' dir='ltr'><strong>legi</strong></span> <span class='ocrx_word' id='word_1_37' title='bbox 797 816 898 880; x_wconf 90' lang='lat' dir='ltr'><strong>neque</strong></span> <span class='ocrx_word' id='word_1_38' title='bbox 922 799 968 864; x_wconf 85' lang='lat' dir='ltr'><strong>ab</strong></span> <span class='ocrx_word' id='word_1_39' title='bbox 993 799 1070 865; x_wconf 81' lang='lat' dir='ltr'><strong>aliis</strong></span> <span class='ocrx_word' id='word_1_40' title='bbox 1095 802 1238 864; x_wconf 72' lang='lat' dir='ltr'><strong>annontui</strong></span> 
     </span>
     <span class='ocr_line' id='line_1_6' title="bbox 183 901 1239 990; baseline 0.002 -26"><span class='ocrx_word' id='word_1_41' title='bbox 183 901 281 976; x_wconf 84' lang='lat' dir='ltr'><strong>video,</strong></span> <span class='ocrx_word' id='word_1_42' title='bbox 303 921 395 987; x_wconf 82' lang='lat' dir='ltr'><strong>cogor</strong></span> <span class='ocrx_word' id='word_1_43' title='bbox 415 907 523 985; x_wconf 84' lang='lat' dir='ltr'><strong>putere</strong></span> <span class='ocrx_word' id='word_1_44' title='bbox 553 903 702 984; x_wconf 88' lang='lat' dir='ltr'><strong>seriptum</strong></span> <span class='ocrx_word' id='word_1_45' title='bbox 733 902 807 968; x_wconf 88' lang='lat' dir='ltr'><strong>olim</strong></span> <span class='ocrx_word' id='word_1_46' title='bbox 837 904 937 969; x_wconf 82' lang='lat' dir='ltr'><strong>fuisse</strong></span> <span class='ocrx_word' id='word_1_47' title='bbox 963 906 1034 990; x_wconf 80' lang='grc' dir='ltr'><strong>τῆς</strong></span> <span class='ocrx_word' id='word_1_48' title='bbox 1059 913 1111 974; x_wconf 69' lang='grc' dir='ltr'><strong>ἔτι</strong></span> <span class='ocrx_word' id='word_1_49' title='bbox 1134 907 1183 972; x_wconf 79' lang='grc' dir='ltr'><strong>καὶ</strong></span> <span class='ocrx_word' id='word_1_50' title='bbox 1200 904 1239 968; x_wconf 76' lang='lat' dir='ltr'><strong>rie</strong></span> 
     </span>
     <span class='ocr_line' id='line_1_7' title="bbox 183 1003 1240 1095; baseline 0.007 -23"><span class='ocrx_word' id='word_1_51' title='bbox 183 1003 426 1076; x_wconf 78' lang='grc' dir='ltr'><strong><em>ὑπολοίπου</em></strong></span> <span class='ocrx_word' id='word_1_52' title='bbox 459 1004 600 1095; x_wconf 81' lang='grc' dir='ltr'><strong><em>οὔσης.</em></strong></span> <span class='ocrx_word' id='word_1_53' title='bbox 655 1009 775 1087; x_wconf 84' lang='lat' dir='ltr'><strong>(Genus</strong></span> <span class='ocrx_word' id='word_1_54' title='bbox 808 1010 915 1074; x_wconf 89' lang='lat' dir='ltr'><strong>mendi</strong></span> <span class='ocrx_word' id='word_1_55' title='bbox 950 1031 1087 1094; x_wconf 84' lang='lat' dir='ltr'><strong>prorsus</strong></span> <span class='ocrx_word' id='word_1_56' title='bbox 1108 1013 1185 1078; x_wconf 82' lang='lat' dir='ltr'><strong>idem</strong></span> <span class='ocrx_word' id='word_1_57' title='bbox 1205 1013 1240 1084; x_wconf 59' lang='lat' dir='ltr'><strong>&amp;t</strong></span> 
     </span>
    </p>
   </div>
   <div class='ocr_carea' id='block_1_3' title="bbox 50 1114 960 1202">
    <p class='ocr_par' dir='ltr' id='par_1_3' title="bbox 50 1114 960 1202">
     <span class='ocr_line' id='line_1_8' title="bbox 50 1114 960 1202; baseline -0.002 -20"><span class='ocrx_word' id='word_1_58' title='bbox 50 1185 52 1189; x_wconf 61' lang='grc'>,</span> <span class='ocrx_word' id='word_1_59' title='bbox 117 1197 120 1202; x_wconf 31' lang='grc'><strong>,</strong></span> <span class='ocrx_word' id='word_1_60' title='bbox 183 1114 266 1197; x_wconf 81' lang='lat' dir='ltr'><strong>quod</strong></span> <span class='ocrx_word' id='word_1_61' title='bbox 287 1115 320 1179; x_wconf 92' lang='lat' dir='ltr'><strong>in</strong></span> <span class='ocrx_word' id='word_1_62' title='bbox 342 1114 560 1180; x_wconf 78' lang='lat' dir='ltr'>Demosthenis</span> <span class='ocrx_word' id='word_1_63' title='bbox 582 1117 658 1182; x_wconf 84' lang='lat' dir='ltr'><strong>orat.</strong></span> <span class='ocrx_word' id='word_1_64' title='bbox 682 1116 733 1189; x_wconf 82' lang='grc'><strong>47,</strong></span> <span class='ocrx_word' id='word_1_65' title='bbox 756 1114 797 1177; x_wconf 77' lang='lat'><strong>20</strong></span> <span class='ocrx_word' id='word_1_66' title='bbox 818 1116 960 1195; x_wconf 82' lang='lat' dir='ltr'><strong>sustuli.)</strong></span> 
     </span>
    </p>
   </div>
   <div class='ocr_carea' id='block_1_4' title="bbox 281 1231 1241 1319">
    <p class='ocr_par' dir='ltr' id='par_1_4' title="bbox 281 1231 1241 1319">
     <span class='ocr_line' id='line_1_9' title="bbox 281 1231 1241 1319; baseline 0 -25"><span class='ocrx_word' id='word_1_67' title='bbox 281 1231 317 1298; x_wconf 89' lang='lat' dir='ltr'><strong>P.</strong></span> <span class='ocrx_word' id='word_1_68' title='bbox 331 1232 419 1298; x_wconf 82' lang='lat' dir='ltr'><strong>536e</strong></span> <span class='ocrx_word' id='word_1_69' title='bbox 435 1233 478 1311; x_wconf 66' lang='lat' dir='ltr'><strong>uin</strong></span> <span class='ocrx_word' id='word_1_70' title='bbox 493 1234 596 1298; x_wconf 88' lang='lat' dir='ltr'><strong>verbis</strong></span> <span class='ocrx_word' id='word_1_71' title='bbox 608 1233 772 1319; x_wconf 70' lang='lat' dir='ltr'><strong>Phylarehi</strong></span> <span class='ocrx_word' id='word_1_72' title='bbox 789 1234 826 1298; x_wconf 84' lang='lat' dir='ltr'><strong>de</strong></span> <span class='ocrx_word' id='word_1_73' title='bbox 838 1233 1018 1300; x_wconf 80' lang='lat' dir='ltr'><strong>Ptuiemaee</strong></span> <span class='ocrx_word' id='word_1_74' title='bbox 1032 1235 1241 1319; x_wconf 68' lang='lat' dir='ltr'><strong>Philadeiptni:</strong></span> 
     </span>
    </p>
   </div>
   <div class='ocr_carea' id='block_1_5' title="bbox 182 1332 1290 1953">
    <p class='ocr_par' dir='ltr' id='par_1_5' title="bbox 182 1332 1290 1953">
     <span class='ocr_line' id='line_1_10' title="bbox 184 1332 1241 1428; baseline 0.004 -26"><span class='ocrx_word' id='word_1_75' title='bbox 184 1339 315 1407; x_wconf 80' lang='grc' dir='ltr'><strong><em>κατεῖδε</em></strong></span> <span class='ocrx_word' id='word_1_76' title='bbox 338 1333 393 1405; x_wconf 83' lang='grc' dir='ltr'><strong><em>διιί</em></strong></span> <span class='ocrx_word' id='word_1_77' title='bbox 416 1364 518 1405; x_wconf 83' lang='grc' dir='ltr'><strong><em>τινων</em></strong></span> <span class='ocrx_word' id='word_1_78' title='bbox 540 1334 802 1425; x_wconf 77' lang='grc' dir='ltr'><strong><em>ιίπολαμπιίδσιυ</em></strong></span> <span class='ocrx_word' id='word_1_79' title='bbox 824 1336 906 1413; x_wconf 79' lang='grc' dir='ltr'><strong>τούς</strong></span> <span class='ocrx_word' id='word_1_80' title='bbox 921 1343 1155 1428; x_wconf 75' lang='grc' dir='ltr'><strong><em>Αἰγυπτίους</em></strong></span> <span class='ocrx_word' id='word_1_81' title='bbox 1175 1332 1241 1422; x_wconf 69' lang='lat' dir='ltr'><strong>naeu</strong></span> 
     </span>
     <span class='ocr_line' id='line_1_11' title="bbox 182 1439 1244 1532; baseline 0 -23"><span class='ocrx_word' id='word_1_82' title='bbox 182 1439 243 1511; x_wconf 82' lang='grc' dir='ltr'><strong>σδν</strong></span> <span class='ocrx_word' id='word_1_83' title='bbox 275 1441 435 1532; x_wconf 81' lang='grc' dir='ltr'><strong><em>ποταμδν</em></strong></span> <span class='ocrx_word' id='word_1_84' title='bbox 473 1439 821 1530; x_wconf 82' lang='grc' dir='ltr'><strong><em>α’ριστοπσιουμίνσυς</em></strong></span> <span class='ocrx_word' id='word_1_85' title='bbox 846 1471 873 1512; x_wconf 82' lang='grc' dir='ltr'><strong>κ.</strong></span> <span class='ocrx_word' id='word_1_86' title='bbox 896 1472 927 1512; x_wconf 86' lang='grc' dir='ltr'><strong>τ.</strong></span> <span class='ocrx_word' id='word_1_87' title='bbox 953 1449 986 1513; x_wconf 83' lang='grc' dir='ltr'><strong>λ.</strong></span> <span class='ocrx_word' id='word_1_88' title='bbox 1058 1451 1159 1515; x_wconf 84' lang='lat' dir='ltr'><strong>Recte</strong></span> <span class='ocrx_word' id='word_1_89' title='bbox 1188 1447 1244 1511; x_wconf 79' lang='lat' dir='ltr'><strong>itri-</strong></span> 
     </span>
     <span class='ocr_line' id='line_1_12' title="bbox 182 1547 1290 1636; baseline -0.001 -19"><span class='ocrx_word' id='word_1_90' title='bbox 182 1553 291 1618; x_wconf 85' lang='lat' dir='ltr'><strong>nekius</strong></span> <span class='ocrx_word' id='word_1_91' title='bbox 315 1547 385 1620; x_wconf 76' lang='grc' dir='ltr'><strong><em>διαί</em></strong></span> <span class='ocrx_word' id='word_1_92' title='bbox 410 1548 602 1636; x_wconf 77' lang='grc' dir='ltr'><strong>λαμπάδων</strong></span> <span class='ocrx_word' id='word_1_93' title='bbox 623 1553 715 1618; x_wconf 82' lang='lat' dir='ltr'><strong>scribi</strong></span> <span class='ocrx_word' id='word_1_94' title='bbox 736 1553 849 1627; x_wconf 82' lang='lat' dir='ltr'><strong>votuit3</strong></span> <span class='ocrx_word' id='word_1_95' title='bbox 872 1552 949 1636; x_wconf 88' lang='lat' dir='ltr'><strong>quid</strong></span> <span class='ocrx_word' id='word_1_96' title='bbox 966 1553 1093 1620; x_wconf 84' lang='lat' dir='ltr'><strong>lateret</strong></span> <span class='ocrx_word' id='word_1_97' title='bbox 1108 1557 1139 1620; x_wconf 94' lang='lat' dir='ltr'><strong>in</strong></span> <span class='ocrx_word' id='word_1_98' title='bbox 1156 1552 1244 1619; x_wconf 84' lang='lat' dir='ltr'><strong>litteris</strong></span> <span class='ocrx_word' id='word_1_99' title='bbox 1289 1569 1290 1573; x_wconf 71' lang='grc'>’</span> 
     </span>
     <span class='ocr_line' id='line_1_13' title="bbox 184 1644 1290 1737; baseline -0.003 -14"><span class='ocrx_word' id='word_1_100' title='bbox 184 1654 239 1725; x_wconf 75' lang='grc' dir='ltr'><strong><em>διαί</em></strong></span> <span class='ocrx_word' id='word_1_101' title='bbox 273 1685 383 1737; x_wconf 74' lang='grc' dir='ltr'><strong><em>τινων,</em></strong></span> <span class='ocrx_word' id='word_1_102' title='bbox 418 1680 478 1725; x_wconf 90' lang='lat' dir='ltr'><strong>non</strong></span> <span class='ocrx_word' id='word_1_103' title='bbox 512 1660 698 1724; x_wconf 84' lang='lat' dir='ltr'><strong>inveniebat.</strong></span> <span class='ocrx_word' id='word_1_104' title='bbox 752 1658 843 1723; x_wconf 82' lang='lat' dir='ltr'><strong>Latet</strong></span> <span class='ocrx_word' id='word_1_105' title='bbox 867 1660 935 1723; x_wconf 88' lang='lat' dir='ltr'><strong>sine</strong></span> <span class='ocrx_word' id='word_1_106' title='bbox 958 1660 1060 1727; x_wconf 88' lang='lat' dir='ltr'><strong>dubio</strong></span> <span class='ocrx_word' id='word_1_107' title='bbox 1086 1657 1144 1728; x_wconf 81' lang='grc' dir='ltr'><strong>δαί</strong></span> <span class='ocrx_word' id='word_1_108' title='bbox 1166 1684 1243 1726; x_wconf 73' lang='grc' dir='ltr'><strong><em>πνοι</em></strong></span> <span class='ocrx_word' id='word_1_109' title='bbox 1289 1644 1290 1683; x_wconf 70' lang='lat'>³</span> 
     </span>
     <span class='ocr_line' id='line_1_14' title="bbox 183 1758 1245 1850; baseline 0 -21"><span class='ocrx_word' id='word_1_110' title='bbox 183 1758 297 1833; x_wconf 77' lang='grc' dir='ltr'><strong><em>ὀπῶν</em></strong></span> <span class='ocrx_word' id='word_1_111' title='bbox 319 1771 373 1832; x_wconf 85' lang='lat' dir='ltr'><strong>eut</strong></span> <span class='ocrx_word' id='word_1_112' title='bbox 396 1763 451 1832; x_wconf 75' lang='grc' dir='ltr'><strong>διδ</strong></span> <span class='ocrx_word' id='word_1_113' title='bbox 474 1769 554 1833; x_wconf 78' lang='grc' dir='ltr'><strong>τῶν</strong></span> <span class='ocrx_word' id='word_1_114' title='bbox 576 1758 708 1840; x_wconf 78' lang='grc' dir='ltr'><strong><em>σ’πών,</em></strong></span> <span class='ocrx_word' id='word_1_115' title='bbox 729 1783 783 1847; x_wconf 88' lang='lat' dir='ltr'><strong>per</strong></span> <span class='ocrx_word' id='word_1_116' title='bbox 799 1766 959 1837; x_wconf 79' lang='lat' dir='ltr'>fenestras.</span> <span class='ocrx_word' id='word_1_117' title='bbox 985 1786 1059 1850; x_wconf 83' lang='lat' dir='ltr'><strong>quae</strong></span> <span class='ocrx_word' id='word_1_118' title='bbox 1078 1768 1114 1834; x_wconf 90' lang='lat' dir='ltr'><strong>in</strong></span> <span class='ocrx_word' id='word_1_119' title='bbox 1133 1764 1245 1833; x_wconf 79' lang='lat' dir='ltr'>cubiculi</span> 
     </span>
     <span class='ocr_line' id='line_1_15' title="bbox 182 1872 417 1953; baseline 0 -18"><span class='ocrx_word' id='word_1_120' title='bbox 182 1872 298 1953; x_wconf 82' lang='lat' dir='ltr'><strong>pariete</strong></span> <span class='ocrx_word' id='word_1_121' title='bbox 321 1873 417 1936; x_wconf 87' lang='lat' dir='ltr'><strong>erant.</strong></span> 
     </span>
    </p>
   </div>
   <div class='ocr_carea' id='block_1_6' title="bbox 180 1981 1246 2928">
    <p class='ocr_par' dir='ltr' id='par_1_6' title="bbox 180 1981 1246 2928">
     <span class='ocr_line' id='line_1_16' title="bbox 283 1981 1245 2078; baseline 0.002 -26"><span class='ocrx_word' id='word_1_122' title='bbox 283 1989 316 2055; x_wconf 92' lang='lat' dir='ltr'><strong>P.</strong></span> <span class='ocrx_word' id='word_1_123' title='bbox 328 1990 389 2052; x_wconf 82' lang='grc'><strong>545</strong></span> <span class='ocrx_word' id='word_1_124' title='bbox 401 2009 435 2056; x_wconf 82' lang='lat' dir='ltr'><strong>u:</strong></span> <span class='ocrx_word' id='word_1_125' title='bbox 465 1984 699 2074; x_wconf 83' lang='grc' dir='ltr'><strong><em>Ἀριστόξενος</em></strong></span> <span class='ocrx_word' id='word_1_126' title='bbox 722 1984 751 2057; x_wconf 81' lang='grc' dir='ltr'><strong>δ’</strong></span> <span class='ocrx_word' id='word_1_127' title='bbox 771 1985 789 2056; x_wconf 82' lang='grc' dir='ltr'>ὁ</span> <span class='ocrx_word' id='word_1_128' title='bbox 803 1983 970 2075; x_wconf 76' lang='grc' dir='ltr'><strong><em>μουσικός</em></strong></span> <span class='ocrx_word' id='word_1_129' title='bbox 987 1993 1091 2078; x_wconf 79' lang='grc' dir='ltr'><strong><em>ἐντῷ</em></strong></span> <span class='ocrx_word' id='word_1_130' title='bbox 1116 1981 1245 2078; x_wconf 73' lang='grc' dir='ltr'><strong><em>Ἀρχύτα</em></strong></span> 
     </span>
     <span class='ocr_line' id='line_1_17' title="bbox 181 2087 1246 2184; baseline 0.01 -26"><span class='ocrx_word' id='word_1_131' title='bbox 181 2096 246 2181; x_wconf 74' lang='grc' dir='ltr'><strong>βίῳ</strong></span> <span class='ocrx_word' id='word_1_132' title='bbox 275 2087 393 2181; x_wconf 82' lang='grc' dir='ltr'><strong><em>α’φίησι</em></strong></span> <span class='ocrx_word' id='word_1_133' title='bbox 424 2092 517 2180; x_wconf 79' lang='grc' dir='ltr'><strong><em>παριί</em></strong></span> <span class='ocrx_word' id='word_1_134' title='bbox 548 2097 732 2164; x_wconf 82' lang='grc' dir='ltr'><strong><em>Διονυσίου</em></strong></span> <span class='ocrx_word' id='word_1_135' title='bbox 762 2097 823 2163; x_wconf 79' lang='grc' dir='ltr'><strong>τοῦ</strong></span> <span class='ocrx_word' id='word_1_136' title='bbox 853 2102 1022 2183; x_wconf 75' lang='grc' dir='ltr'><strong><em>νεωτέρου</em></strong></span> <span class='ocrx_word' id='word_1_137' title='bbox 1046 2090 1246 2184; x_wconf 64' lang='grc' dir='ltr'><strong><em>πρεσβευτάς</em></strong></span> 
     </span>
     <span class='ocr_line' id='line_1_18' title="bbox 183 2195 1245 2290; baseline 0 -23"><span class='ocrx_word' id='word_1_138' title='bbox 183 2195 269 2287; x_wconf 82' lang='grc' dir='ltr'><strong><em>πρδσ</em></strong></span> <span class='ocrx_word' id='word_1_139' title='bbox 301 2196 367 2288; x_wconf 76' lang='grc' dir='ltr'><strong>την</strong></span> <span class='ocrx_word' id='word_1_140' title='bbox 404 2204 626 2286; x_wconf 86' lang='grc' dir='ltr'><strong><em>Ταραντίνων</em></strong></span> <span class='ocrx_word' id='word_1_141' title='bbox 659 2197 761 2270; x_wconf 78' lang='grc' dir='ltr'><strong><em>πόλιν</em></strong></span> <span class='ocrx_word' id='word_1_142' title='bbox 794 2228 822 2270; x_wconf 84' lang='grc' dir='ltr'><strong>ιι.</strong></span> <span class='ocrx_word' id='word_1_143' title='bbox 856 2229 888 2268; x_wconf 91' lang='grc' dir='ltr'><strong>τ.</strong></span> <span class='ocrx_word' id='word_1_144' title='bbox 921 2205 950 2269; x_wconf 79' lang='grc' dir='ltr'><strong>λ.</strong></span> <span class='ocrx_word' id='word_1_145' title='bbox 1034 2206 1096 2270; x_wconf 86' lang='lat' dir='ltr'><strong>Pro</strong></span> <span class='ocrx_word' id='word_1_146' title='bbox 1144 2199 1245 2290; x_wconf 75' lang='grc' dir='ltr'><strong><em>α’ςσίησι</em></strong></span> 
     </span>
     <span class='ocr_line' id='line_1_19' title="bbox 182 2308 1244 2397; baseline 0.007 -24"><span class='ocrx_word' id='word_1_147' title='bbox 182 2308 377 2374; x_wconf 84' lang='lat' dir='ltr'><strong>scribendum</strong></span> <span class='ocrx_word' id='word_1_148' title='bbox 400 2329 467 2376; x_wconf 88' lang='lat' dir='ltr'><strong>esse</strong></span> <span class='ocrx_word' id='word_1_149' title='bbox 489 2313 612 2395; x_wconf 69' lang='lat' dir='ltr'><strong>derue</strong></span> <span class='ocrx_word' id='word_1_150' title='bbox 620 2317 723 2378; x_wconf 77' lang='grc' dir='ltr'><strong><em>σθαι</em></strong></span> <span class='ocrx_word' id='word_1_151' title='bbox 747 2309 846 2397; x_wconf 88' lang='grc' dir='ltr'><strong><em>φησί</em></strong></span> <span class='ocrx_word' id='word_1_152' title='bbox 876 2310 944 2374; x_wconf 77' lang='lat' dir='ltr'><strong>tum</strong></span> <span class='ocrx_word' id='word_1_153' title='bbox 974 2311 1183 2379; x_wconf 81' lang='lat' dir='ltr'><strong>manifestum</strong></span> <span class='ocrx_word' id='word_1_154' title='bbox 1202 2314 1244 2381; x_wconf 75' lang='lat' dir='ltr'><strong>eu</strong></span> 
     </span>
     <span class='ocr_line' id='line_1_20' title="bbox 181 2414 1244 2501; baseline -0.001 -20"><span class='ocrx_word' id='word_1_155' title='bbox 181 2419 218 2481; x_wconf 92' lang='lat' dir='ltr'><strong>ut</strong></span> <span class='ocrx_word' id='word_1_156' title='bbox 238 2416 360 2480; x_wconf 85' lang='lat' dir='ltr'><strong>tuntum</strong></span> <span class='ocrx_word' id='word_1_157' title='bbox 385 2416 582 2500; x_wconf 25' lang='lat' dir='ltr'><strong>singularem·</strong></span> <span class='ocrx_word' id='word_1_158' title='bbox 596 2416 716 2483; x_wconf 84' lang='lat' dir='ltr'><strong>librarii</strong></span> <span class='ocrx_word' id='word_1_159' title='bbox 738 2434 872 2482; x_wconf 88' lang='lat' dir='ltr'><strong>errorem</strong></span> <span class='ocrx_word' id='word_1_160' title='bbox 893 2434 912 2479; x_wconf 84' lang='lat' dir='ltr'><strong>n</strong></span> <span class='ocrx_word' id='word_1_161' title='bbox 932 2416 1037 2498; x_wconf 87' lang='lat' dir='ltr'><strong>priore</strong></span> <span class='ocrx_word' id='word_1_162' title='bbox 1053 2418 1166 2484; x_wconf 85' lang='lat' dir='ltr'><strong>littere</strong></span> <span class='ocrx_word' id='word_1_163' title='bbox 1180 2414 1244 2501; x_wconf 71' lang='lat' dir='ltr'><strong>unt</strong></span> 
     </span>
     <span class='ocr_line' id='line_1_21' title="bbox 182 2520 1243 2605; baseline 0.002 -19"><span class='ocrx_word' id='word_1_164' title='bbox 182 2520 311 2587; x_wconf 86' lang='lat' dir='ltr'><strong>alteram</strong></span> <span class='ocrx_word' id='word_1_165' title='bbox 335 2523 461 2588; x_wconf 86' lang='lat' dir='ltr'><strong>neutum</strong></span> <span class='ocrx_word' id='word_1_166' title='bbox 483 2523 697 2590; x_wconf 69' lang='lat' dir='ltr'><strong>transferentis</strong></span> <span class='ocrx_word' id='word_1_167' title='bbox 719 2521 926 2589; x_wconf 83' lang='lat' dir='ltr'><strong>annotandum</strong></span> <span class='ocrx_word' id='word_1_168' title='bbox 942 2525 1065 2604; x_wconf 87' lang='lat' dir='ltr'><strong>putem.</strong></span> <span class='ocrx_word' id='word_1_169' title='bbox 1103 2524 1172 2605; x_wconf 84' lang='lat' dir='ltr'><strong>[Sic</strong></span> <span class='ocrx_word' id='word_1_170' title='bbox 1195 2523 1243 2588; x_wconf 85' lang='lat' dir='ltr'><strong>ium</strong></span> 
     </span>
     <span class='ocr_line' id='line_1_22' title="bbox 181 2626 1243 2714; baseline -0.001 -21"><span class='ocrx_word' id='word_1_171' title='bbox 181 2627 378 2694; x_wconf 84' lang='lat' dir='ltr'><strong>Caseubonns</strong></span> <span class='ocrx_word' id='word_1_172' title='bbox 431 2627 531 2708; x_wconf 80' lang='lat' dir='ltr'><strong>Quam</strong></span> <span class='ocrx_word' id='word_1_173' title='bbox 559 2630 650 2714; x_wconf 67' lang='lat' dir='ltr'><strong>&#39;longe</strong></span> <span class='ocrx_word' id='word_1_174' title='bbox 680 2630 718 2695; x_wconf 88' lang='lat' dir='ltr'><strong>ab</strong></span> <span class='ocrx_word' id='word_1_175' title='bbox 747 2626 880 2710; x_wconf 85' lang='lat' dir='ltr'><strong>simplici</strong></span> <span class='ocrx_word' id='word_1_176' title='bbox 906 2629 948 2693; x_wconf 86' lang='lat' dir='ltr'><strong>rei</strong></span> <span class='ocrx_word' id='word_1_177' title='bbox 972 2629 1146 2712; x_wconf 78' lang='lat' dir='ltr'><strong>aliquando</strong></span> <span class='ocrx_word' id='word_1_178' title='bbox 1168 2629 1243 2694; x_wconf 79' lang='lat' dir='ltr'><strong>iaetu</strong></span> 
     </span>
     <span class='ocr_line' id='line_1_23' title="bbox 181 2731 1242 2820; baseline 0.002 -22"><span class='ocrx_word' id='word_1_179' title='bbox 181 2732 293 2800; x_wconf 82' lang='lat' dir='ltr'><strong>indicio</strong></span> <span class='ocrx_word' id='word_1_180' title='bbox 330 2734 447 2799; x_wconf 88' lang='lat' dir='ltr'><strong>distent</strong></span> <span class='ocrx_word' id='word_1_181' title='bbox 485 2735 631 2817; x_wconf 84' lang='lat' dir='ltr'><strong>loquendi</strong></span> <span class='ocrx_word' id='word_1_182' title='bbox 671 2736 786 2820; x_wconf 73' lang='lat' dir='ltr'><strong>figurae,</strong></span> <span class='ocrx_word' id='word_1_183' title='bbox 825 2753 901 2817; x_wconf 87' lang='lat' dir='ltr'><strong>ques</strong></span> <span class='ocrx_word' id='word_1_184' title='bbox 926 2731 1242 2800; x_wconf 80' lang='lat' dir='ltr'><strong>Hemsterhusiusai</strong></span> 
     </span>
     <span class='ocr_line' id='line_1_24' title="bbox 180 2839 1183 2928; baseline 0.002 -23"><span class='ocrx_word' id='word_1_185' title='bbox 180 2839 289 2906; x_wconf 86' lang='lat' dir='ltr'><strong>Thom.</strong></span> <span class='ocrx_word' id='word_1_186' title='bbox 312 2840 395 2923; x_wconf 82' lang='lat' dir='ltr'><strong>Meg.</strong></span> <span class='ocrx_word' id='word_1_187' title='bbox 417 2840 446 2906; x_wconf 78' lang='lat' dir='ltr'><strong>v.</strong></span> <span class='ocrx_word' id='word_1_188' title='bbox 468 2841 573 2928; x_wconf 74' lang='grc' dir='ltr'><strong><em>γεννᾷ</em></strong></span> <span class='ocrx_word' id='word_1_189' title='bbox 596 2841 730 2925; x_wconf 78' lang='lat' dir='ltr'><strong>collegit,</strong></span> <span class='ocrx_word' id='word_1_190' title='bbox 753 2859 901 2925; x_wconf 84' lang='lat' dir='ltr'><strong>exponere</strong></span> <span class='ocrx_word' id='word_1_191' title='bbox 923 2840 1183 2925; x_wconf 75' lang='lat' dir='ltr'><strong>supersedeo.]*)</strong></span> 
     </span>
    </p>
   </div>
   <div class='ocr_carea' id='block_1_7' title="bbox 179 2979 1241 3596">
    <p class='ocr_par' dir='ltr' id='par_1_7' title="bbox 181 2979 1241 3281">
     <span class='ocr_line' id='line_1_25' title="bbox 279 2979 1241 3065; baseline -0.001 -20"><span class='ocrx_word' id='word_1_192' title='bbox 279 2980 315 3046; x_wconf 90' lang='lat' dir='ltr'><strong>P.</strong></span> <span class='ocrx_word' id='word_1_193' title='bbox 332 2979 429 3045; x_wconf 79' lang='grc'><strong>5585</strong></span> <span class='ocrx_word' id='word_1_194' title='bbox 451 2979 497 3057; x_wconf 88' lang='lat' dir='ltr'><strong>(in</strong></span> <span class='ocrx_word' id='word_1_195' title='bbox 520 2981 692 3065; x_wconf 77' lang='lat' dir='ltr'><strong>fragmento</strong></span> <span class='ocrx_word' id='word_1_196' title='bbox 708 2980 847 3046; x_wconf 76' lang='lat' dir='ltr'><strong>Anainae</strong></span> <span class='ocrx_word' id='word_1_197' title='bbox 869 2998 904 3045; x_wconf 86' lang='lat' dir='ltr'><strong>ex</strong></span> <span class='ocrx_word' id='word_1_198' title='bbox 926 2979 1031 3046; x_wconf 79' lang='lat' dir='ltr'><strong>iarun</strong></span> <span class='ocrx_word' id='word_1_199' title='bbox 1053 2982 1241 3063; x_wconf 75' lang='grc' dir='ltr'><strong><em>Νεοττίδηι</em></strong></span> 
     </span>
     <span class='ocr_line' id='line_1_26' title="bbox 181 3080 1239 3176; baseline 0.005 -26"><span class='ocrx_word' id='word_1_200' title='bbox 181 3084 252 3152; x_wconf 82' lang='grc' dir='ltr'><strong><em>ιίτα</em></strong></span> <span class='ocrx_word' id='word_1_201' title='bbox 274 3080 465 3170; x_wconf 85' lang='grc' dir='ltr'><strong><em>τετρσίπσυς</em></strong></span> <span class='ocrx_word' id='word_1_202' title='bbox 485 3112 546 3172; x_wconf 87' lang='grc' dir='ltr'><strong>μοι</strong></span> <span class='ocrx_word' id='word_1_203' title='bbox 569 3092 713 3174; x_wconf 71' lang='grc' dir='ltr'><strong><em>γίνοιτο,</em></strong></span> <span class='ocrx_word' id='word_1_204' title='bbox 745 3088 839 3174; x_wconf 82' lang='grc' dir='ltr'><strong><em>φησί,</em></strong></span> <span class='ocrx_word' id='word_1_205' title='bbox 867 3080 932 3172; x_wconf 82' lang='grc' dir='ltr'><strong>τήν</strong></span> <span class='ocrx_word' id='word_1_206' title='bbox 953 3080 1043 3172; x_wconf 83' lang='grc' dir='ltr'><strong><em>πρδς</em></strong></span> <span class='ocrx_word' id='word_1_207' title='bbox 1065 3082 1090 3174; x_wconf 81' lang='grc' dir='ltr'><em>ἢ</em></span> <span class='ocrx_word' id='word_1_208' title='bbox 1112 3084 1239 3176; x_wconf 73' lang='grc' dir='ltr'><strong><em>θρόνος,</em></strong></span> 
     </span>
     <span class='ocr_line' id='line_1_27' title="bbox 181 3187 1142 3281; baseline 0.007 -24"><span class='ocrx_word' id='word_1_209' title='bbox 181 3192 252 3258; x_wconf 80' lang='grc' dir='ltr'><strong><em>εἶτα</em></strong></span> <span class='ocrx_word' id='word_1_210' title='bbox 276 3187 318 3278; x_wconf 74' lang='grc' dir='ltr'><strong>δή</strong></span> <span class='ocrx_word' id='word_1_211' title='bbox 340 3193 485 3279; x_wconf 76' lang='grc' dir='ltr'><strong><em>τρίπους</em></strong></span> <span class='ocrx_word' id='word_1_212' title='bbox 506 3217 572 3269; x_wconf 83' lang='grc' dir='ltr'><strong><em>τις,</em></strong></span> <span class='ocrx_word' id='word_1_213' title='bbox 596 3193 682 3270; x_wconf 85' lang='grc' dir='ltr'><strong><em>είτα,</em></strong></span> <span class='ocrx_word' id='word_1_214' title='bbox 705 3194 799 3281; x_wconf 84' lang='grc' dir='ltr'><strong><em>φησί,</em></strong></span> <span class='ocrx_word' id='word_1_215' title='bbox 821 3191 983 3278; x_wconf 77' lang='grc' dir='ltr'><strong><em>παιδίσκη</em></strong></span> <span class='ocrx_word' id='word_1_216' title='bbox 1006 3194 1142 3270; x_wconf 86' lang='grc' dir='ltr'><strong><em>δίπους.</em></strong></span> 
     </span>
    </p>

    <p class='ocr_par' dir='ltr' id='par_1_8' title="bbox 179 3295 1240 3596">
     <span class='ocr_line' id='line_1_28' title="bbox 280 3295 1240 3388; baseline 0 -25"><span class='ocrx_word' id='word_1_217' title='bbox 280 3299 427 3384; x_wconf 85' lang='lat' dir='ltr'><strong>inpriore</strong></span> <span class='ocrx_word' id='word_1_218' title='bbox 442 3320 532 3366; x_wconf 84' lang='lat' dir='ltr'><strong>versu</strong></span> <span class='ocrx_word' id='word_1_219' title='bbox 548 3300 760 3367; x_wconf 81' lang='lat' dir='ltr'><strong>scribendum:</strong></span> <span class='ocrx_word' id='word_1_220' title='bbox 784 3300 877 3386; x_wconf 82' lang='grc' dir='ltr'><strong><em>φησί,</em></strong></span> <span class='ocrx_word' id='word_1_221' title='bbox 901 3300 1052 3386; x_wconf 83' lang='grc' dir='ltr'><strong><em>δίφρος</em></strong></span> <span class='ocrx_word' id='word_1_222' title='bbox 1074 3296 1099 3387; x_wconf 78' lang='grc' dir='ltr'><em>ἢ</em></span> <span class='ocrx_word' id='word_1_223' title='bbox 1114 3295 1240 3388; x_wconf 72' lang='grc' dir='ltr'><strong><em>θρόνος.</em></strong></span> 
     </span>
     <span class='ocr_line' id='line_1_29' title="bbox 180 3405 1240 3493; baseline -0.002 -23"><span class='ocrx_word' id='word_1_224' title='bbox 180 3405 230 3484; x_wconf 88' lang='lat' dir='ltr'><strong>(In</strong></span> <span class='ocrx_word' id='word_1_225' title='bbox 253 3405 401 3471; x_wconf 82' lang='lat' dir='ltr'><strong>Meineliii</strong></span> <span class='ocrx_word' id='word_1_226' title='bbox 428 3406 604 3472; x_wconf 78' lang='lat' dir='ltr'><strong>coniectura</strong></span> <span class='ocrx_word' id='word_1_227' title='bbox 631 3426 730 3491; x_wconf 86' lang='lat' dir='ltr'><strong>neque</strong></span> <span class='ocrx_word' id='word_1_228' title='bbox 761 3408 969 3474; x_wconf 79' lang='lat' dir='ltr'><strong>coniunctium</strong></span> <span class='ocrx_word' id='word_1_229' title='bbox 999 3406 1073 3474; x_wconf 83' lang='lat' dir='ltr'><strong>ferri</strong></span> <span class='ocrx_word' id='word_1_230' title='bbox 1096 3411 1197 3493; x_wconf 86' lang='lat' dir='ltr'><strong>petest</strong></span> <span class='ocrx_word' id='word_1_231' title='bbox 1214 3408 1240 3469; x_wconf 87' lang='lat' dir='ltr'><strong>et</strong></span> 
     </span>
     <span class='ocr_line' id='line_1_30' title="bbox 179 3511 791 3596; baseline -0.003 -18"><span class='ocrx_word' id='word_1_232' title='bbox 179 3514 246 3578; x_wconf 83' lang='lat' dir='ltr'><strong>tete</strong></span> <span class='ocrx_word' id='word_1_233' title='bbox 267 3511 423 3578; x_wconf 81' lang='lat' dir='ltr'><strong>sententia</strong></span> <span class='ocrx_word' id='word_1_234' title='bbox 443 3512 573 3579; x_wconf 80' lang='lat' dir='ltr'><strong>relative</strong></span> <span class='ocrx_word' id='word_1_235' title='bbox 593 3515 699 3596; x_wconf 82' lang='lat' dir='ltr'><strong>inepte</strong></span> <span class='ocrx_word' id='word_1_236' title='bbox 720 3514 791 3594; x_wconf 84' lang='lat' dir='ltr'><strong>est.)</strong></span> 
     </span>
    </p>
   </div>
   <div class='ocr_carea' id='block_1_8' title="bbox 177 3646 1240 3846">
    <p class='ocr_par' dir='ltr' id='par_1_9' title="bbox 177 3646 1240 3846">
     <span class='ocr_line' id='line_1_31' title="bbox 278 3646 1238 3741; baseline 0.001 -25"><span class='ocrx_word' id='word_1_237' title='bbox 278 3652 314 3716; x_wconf 92' lang='lat' dir='ltr'><strong>P.</strong></span> <span class='ocrx_word' id='word_1_238' title='bbox 330 3652 391 3715; x_wconf 88' lang='grc'><strong>573</strong></span> <span class='ocrx_word' id='word_1_239' title='bbox 411 3673 428 3717; x_wconf 86' lang='lat' dir='ltr'><strong>e</strong></span> <span class='ocrx_word' id='word_1_240' title='bbox 453 3655 498 3731; x_wconf 86' lang='lat' dir='ltr'><strong>(in</strong></span> <span class='ocrx_word' id='word_1_241' title='bbox 520 3652 621 3720; x_wconf 84' lang='lat' dir='ltr'><strong>verbis</strong></span> <span class='ocrx_word' id='word_1_242' title='bbox 643 3652 814 3734; x_wconf 83' lang='lat' dir='ltr'><strong>Clearchi):</strong></span> <span class='ocrx_word' id='word_1_243' title='bbox 840 3660 940 3741; x_wconf 79' lang='grc' dir='ltr'><strong><em>ἔχωσι</em></strong></span> <span class='ocrx_word' id='word_1_244' title='bbox 960 3655 1028 3738; x_wconf 71' lang='grc' dir='ltr'><strong>μὲν</strong></span> <span class='ocrx_word' id='word_1_245' title='bbox 1051 3656 1187 3729; x_wconf 82' lang='grc' dir='ltr'><strong><em>Λυδίας</em></strong></span> <span class='ocrx_word' id='word_1_246' title='bbox 1205 3646 1238 3718; x_wconf 71' lang='grc' dir='ltr'><strong>τί</strong></span> 
     </span>
     <span class='ocr_line' id='line_1_32' title="bbox 177 3753 1240 3846; baseline 0.001 -24"><span class='ocrx_word' id='word_1_247' title='bbox 177 3759 242 3822; x_wconf 77' lang='grc' dir='ltr'><strong>νῦν</strong></span> <span class='ocrx_word' id='word_1_248' title='bbox 264 3764 312 3825; x_wconf 80' lang='grc' dir='ltr'><strong>ἔτι</strong></span> <span class='ocrx_word' id='word_1_249' title='bbox 336 3753 550 3844; x_wconf 76' lang='grc' dir='ltr'><strong><em>καλούμενον</em></strong></span> <span class='ocrx_word' id='word_1_250' title='bbox 572 3761 632 3846; x_wconf 80' lang='grc' dir='ltr'><strong>τῆς</strong></span> <span class='ocrx_word' id='word_1_251' title='bbox 653 3760 789 3845; x_wconf 76' lang='grc' dir='ltr'><strong><em>ἑταίρας</em></strong></span> <span class='ocrx_word' id='word_1_252' title='bbox 808 3763 934 3846; x_wconf 79' lang='grc' dir='ltr'><strong><em>μνῆμα</em></strong></span> <span class='ocrx_word' id='word_1_253' title='bbox 957 3785 985 3827; x_wconf 85' lang='grc' dir='ltr'><strong>κ.</strong></span> <span class='ocrx_word' id='word_1_254' title='bbox 1008 3787 1038 3828; x_wconf 83' lang='grc' dir='ltr'><strong>τ.</strong></span> <span class='ocrx_word' id='word_1_255' title='bbox 1062 3763 1091 3827; x_wconf 83' lang='grc' dir='ltr'><strong>λ.</strong></span> <span class='ocrx_word' id='word_1_256' title='bbox 1144 3762 1240 3844; x_wconf 75' lang='lat' dir='ltr'><strong>Neque</strong></span> 
     </span>
    </p>
   </div>
   <div class='ocr_carea' id='block_1_9' title="bbox 196 4012 1241 4180">
    <p class='ocr_par' dir='ltr' id='par_1_10' title="bbox 196 4012 1241 4180">
     <span class='ocr_line' id='line_1_33' title="bbox 196 4012 1241 4089; baseline 0.004 -22"><span class='ocrx_word' id='word_1_257' title='bbox 196 4030 198 4034; x_wconf 53' lang='lat'><em>⁴</em></span> <span class='ocrx_word' id='word_1_258' title='bbox 231 4012 259 4080; x_wconf 83' lang='lat'><strong>*)</strong></span> <span class='ocrx_word' id='word_1_259' title='bbox 276 4013 307 4067; x_wconf 90' lang='lat' dir='ltr'><strong>P.</strong></span> <span class='ocrx_word' id='word_1_260' title='bbox 325 4013 378 4069; x_wconf 76' lang='grc'><strong>545</strong></span> <span class='ocrx_word' id='word_1_261' title='bbox 395 4015 410 4069; x_wconf 88' lang='lat' dir='ltr'><strong>i</strong></span> <span class='ocrx_word' id='word_1_262' title='bbox 432 4016 462 4072; x_wconf 90' lang='lat' dir='ltr'><strong>in</strong></span> <span class='ocrx_word' id='word_1_263' title='bbox 488 4017 578 4073; x_wconf 87' lang='lat' dir='ltr'><strong>verbis</strong></span> <span class='ocrx_word' id='word_1_264' title='bbox 597 4017 739 4073; x_wconf 73' lang='lat' dir='ltr'><strong>Ptolemaei</strong></span> <span class='ocrx_word' id='word_1_265' title='bbox 758 4016 872 4088; x_wconf 85' lang='lat' dir='ltr'><strong>Septimi</strong></span> <span class='ocrx_word' id='word_1_266' title='bbox 893 4018 1095 4075; x_wconf 85' lang='lat' dir='ltr'><strong>restituendum</strong></span> <span class='ocrx_word' id='word_1_267' title='bbox 1119 4022 1241 4089; x_wconf 76' lang='grc' dir='ltr'><strong><em>ίεραια·</em></strong></span> 
     </span>
     <span class='ocr_line' id='line_1_34' title="bbox 276 4103 760 4180; baseline 0.01 -20"><span class='ocrx_word' id='word_1_268' title='bbox 276 4103 406 4173; x_wconf 78' lang='grc' dir='ltr'><strong><em>μίσους</em></strong></span> <span class='ocrx_word' id='word_1_269' title='bbox 422 4126 474 4180; x_wconf 88' lang='lat' dir='ltr'><strong>pro</strong></span> <span class='ocrx_word' id='word_1_270' title='bbox 492 4110 711 4180; x_wconf 67' lang='grc' dir='ltr'><strong><em>ἱερευσαμένους.</em></strong></span> <span class='ocrx_word' id='word_1_271' title='bbox 758 4122 760 4127; x_wconf 81' lang='grc'>’</span> 
     </span>
    </p>
   </div>
   <div class='ocr_carea' id='block_1_10' title="bbox 0 0 1294 5054">
    <p class='ocr_par' dir='ltr' id='par_1_11' title="bbox 0 0 1294 5054">
     <span class='ocr_line' id='line_1_35' title="bbox 0 0 1294 5054; baseline 0 0"><span class='ocrx_word' id='word_1_272' title='bbox 0 0 1294 5054; x_wconf 95' lang='lat' dir='ltr'><strong> </strong></span> 
     </span>
    </p>
   </div>
  </div>
 </body>
</html>
