2648 5084
538 105 669 165 Iustinus.
1031 105 1091 169 629
1207 155 1209 159 ψ

65 286 1135 390 formamttantuurque[abesae‚at]aopoaa‘daexspectat

59 415 187 491 Asia,
208 417 249 479 nt
269 412 389 478 etiam
412 411 572 479 vocibus
594 415 725 485 vocat,
749 410 807 475 nisi
830 411 1135 497 quodpraetereapro

62 520 271 604 insipidoboo
289 517 456 582 vocibus
481 517 827 581 vocetantoa'eibae
849 518 1036 596 voeetlofr.
1051 519 1134 585 Suet.

64 629 169 712 calig.
183 626 237 697 22³
251 624 305 693 aut
326 620 427 687 simile
448 621 564 706 aliquid
584 623 806 692 restituendum
820 627 902 707 puto.
936 624 1136 706 (Pauloiuira

63 732 285 801 revocandum,
304 726 385 810 quod
408 726 554 792 edebatur
576 749 592 792 e
616 728 679 794 cod.
699 728 722 791 H
746 731 777 792 et
800 728 884 795 aliis:
907 729 1001 796 Nam
1024 732 1136 797 iusti·

60 843 131 907 tiae
153 833 549 922 atqueliberalitatie
572 853 647 911 suae
669 853 737 899 nec
759 837 867 918 ipsos
889 835 1051 912 militas,
1073 836 1135 919 qui

61 942 333 1024 experiantur
362 940 429 1022 (eas
462 941 590 1006 virtutes
622 943 653 1005 et
675 941 713 1006 de
736 941 773 1005 iis
797 942 971 1008 existimare
995 943 1135 1025 possint),

61 1051 199 1137 testes
222 1047 407 1130 refugere
429 1049 487 1118 etc,
544 1047 639 1110 Testes
660 1049 794 1131 ecperr'ri
813 1048 850 1115 de
872 1048 1054 1114 adhibendis
1076 1068 1134 1114 nou

62 1155 191 1231 dicitur,
214 1173 271 1219 nec
281 1152 441 1229 militibus,
464 1154 544 1236 apud
566 1173 641 1237 quos
664 1153 797 1236 loquitur
822 1153 1028 1232 Mithridates,
1050 1155 1132 1220 mili·

65 1267 120 1329 tes
143 1265 241 1326 testes
273 1259 447 1341 experiendi
476 1263 570 1325 eraut.
614 1260 687 1342 Cap.
724 1261 752 1334 9,
786 1260 806 1322 3
842 1263 946 1344 aperte
965 1244 1136 1328 'lacunosae

66 1372 119 1434 eat
142 1366 234 1436 codex
258 1367 284 1428 Α
307 1367 412 1450 etqui
439 1366 478 1432 ab
500 1384 535 1431 eo
559 1366 714 1447 pandent.)
896 1354 903 1367 ’
963 1368 966 1375 ’

171 1505 236 1570 Lib.
258 1504 339 1581 XLI,
362 1506 392 1579 2,
414 1505 451 1571 8:
486 1523 555 1572 neo
576 1525 759 1590 pugnare
785 1508 849 1572 diu
874 1511 1050 1589 possunt3
1073 1527 1137 1573 ee·

62 1619 195 1679 terum
218 1611 461 1677 intolerandi
486 1613 639 1685 forent,
662 1613 704 1688 si,
727 1618 891 1696 quantus
913 1614 964 1678 iis
986 1616 1044 1680 eet
1065 1615 1138 1681 im-

63 1720 185 1802 petus
208 1719 280 1789 vis,
316 1720 488 1783 tantaet
525 1722 956 1802 perseverantiaesset.
1014 1720 1139 1804 Requiri

63 1825 217 1910 quanta
243 1824 353 1904 praeter
379 1825 579 1889 correctorem
607 1827 720 1891 codicis
742 1828 768 1891 H
790 1829 883 1891 etiam
906 1826 959 1892 alii
980 1828 1139 1893 intellexe-

63 1934 152 2004 rnnt,
175 1927 244 2003 sed.
263 1927 335 1992 dnm
358 1948 416 1993 non
440 1929 556 2009 vident,
589 1933 667 1996 unde
690 1934 833 1998 mendum
857 1936 956 1997 ortum
979 1934 1030 2006 sit,
1053 1934 1145 2017 plura*

62 2054 162 2124 prave
184 2037 322 2107 mutant;
355 2036 548 2100 scribendum
575 2041 639 2103 eet:
677 2038 718 2114 si,
744 2039 892 2120 quanta
913 2039 962 2104 iis
985 2042 1048 2104 est
1068 2041 1138 2105 im-

64 2145 188 2228 petus
209 2141 283 2214 via,
315 2141 433 2205 tanta
466 2145 505 2206 et
525 2144 830 2226 perseverantia
852 2141 977 2207 esset·
1009 2140 1138 2206 Contra·

65 2251 123 2316 riae
147 2249 193 2313 via
216 2248 349 2329 impetus
372 2249 403 2312 et
425 2251 653 2331 perseverentia
683 2250 747 2315 eius
769 2252 939 2331 ponuntur3
976 2265 1044 2311 curn
1067 2248 1140 2312 im-

63 2360 186 2441 petus
218 2373 270 2437 pro
302 2354 488 2418 nominativo
521 2354 691 2432 baberetur,
728 2355 756 2419 ei
790 2352 1052 2434 accommodatum
1088 2356 1135 2418 est

64 2465 250 2548 quantus.
317 2445 402 2524 Haeo
450 2461 532 2539 enim
580 2461 764 2544 probabilior
814 2459 960 2526 eorrectio
1016 2460 1136 2526 videtur

65 2587 162 2652 qnam
197 2568 233 2629 ut
261 2566 382 2630 sublato
416 2567 489 2639 vis,
524 2567 605 2649 quod
647 2586 682 2631 er
713 2568 826 2633 ultima
859 2567 978 2653 syllaba
1009 2568 1139 2634 nominis

63 2675 244 2757 impetus
266 2673 367 2743 ortum
390 2673 491 2755 putari
514 2672 616 2746 debet,
639 2673 710 2739 fiat:
743 2675 790 2751 si,
815 2664 981 2758 quantus
1003 2675 1054 2739 iis
1077 2678 1139 2738 est

67 2782 261 2861 impetus,
286 2780 401 2843 tanta
424 2782 481 2843 cet.

173 2919 252 2995 (Lib.
279 2919 394 2998 XLIII,
417 2918 446 2991 3,
469 2920 488 2981 9
511 2919 723 2983 restituerem:
750 2938 862 3001 quam
887 2936 984 2984 more
1005 2920 1140 3004 gentis
1261 2943 1264 2949 ·

67 3028 206 3094 eleeto
249 3027 356 3090 iuter
399 3025 535 3109 epulas
578 3040 729 3108 genero
774 3026 936 3108 nuptum
980 3025 1141 3090 tradere

68 3130 184 3199 illico
207 3130 374 3214 parabat
397 3131 575 3216 proillio,
612 3129 723 3195 collata
747 3130 969 3209 emendatione,
995 3137 1087 3215 quam
1108 3134 1140 3197 in

68 3239 197 3305 Senecae
234 3237 321 3319 epist.
346 3237 402 3315 70,
436 3237 455 3300 5
491 3237 563 3311 feci3
598 3256 702 3301 verum
735 3235 791 3300 hoo
823 3256 940 3322 quoque
971 3239 1141 3306 Schefferus
1215 3219 1218 3226 ¹

68 3343 231 3429 pracepit,
253 3345 304 3426 qui
327 3363 386 3409 non
408 3363 475 3410 raro
498 3342 608 3409 ueteris
630 3341 810 3424 prudentior
828 3343 912 3421 fuit)

175 3485 240 3569 Lib.
264 3482 376 3559 XLIV,
399 3483 437 3561 5,
460 3483 494 3546 6:
545 3483 594 3546 llt
615 3484 736 3548 maior
758 3485 927 3566 utroque
948 3483 1141 3550 Hannibal

67 3593 300 3672 imperator,
337 3589 579 3653 Hamilcaris
611 3589 741 3662 filius,
791 3588 979 3655 succedit.
1044 3589 1140 3658 Scrib.

68 3696 126 3763 Ei
168 3696 295 3760 maior
338 3701 501 3779 utroque
544 3693 748 3759 Hannibal
783 3693 1000 3779 imperator

66 3801 262 3872 succedit.
299 3801 366 3886 [Sic
387 3799 556 3885 Bongars]
