2648 5084
241 291 303 355 646
614 283 674 341 Lib.
681 284 730 342 11.
742 282 807 352 Cap.
820 282 858 341 Π.

201 494 354 578 dignum
383 487 527 554 exitum
555 484 633 547 vira
662 502 704 549 ac
735 483 913 549 moribus
935 484 1023 551 suis
1045 485 1186 551 habuit
1213 501 1253 566 pro

200 600 303 665 sitae.
357 594 509 678 Dignus
531 610 602 656 oum
623 590 725 656 dativo
747 609 904 673 nunqnam
926 590 1072 672 positum
1096 596 1153 659 est
1191 590 1255 656 Nori

202 703 305 770 Plauti
320 704 411 785 atque
426 699 520 764 etiam
536 696 647 766 Ovidii.
669 695 879 779 sidisplacet,
901 699 1118 782 testimonia.)
1162 697 1256 763 Eodem
1299 756 1300 759 ,

202 810 301 892 capite
328 806 372 886 (3)
401 804 482 890 quod
508 805 636 888 legitur:
673 808 715 869 ut
745 804 976 869 etiamnunc
1013 805 1178 870 ridetur
1206 823 1259 869 ex·
1298 860 1299 893 3

204 911 339 1000 pre'ssa
360 912 519 978 thorace
540 911 670 975 vultus
693 910 793 983 eius,
824 928 864 974 ne
884 910 912 974 si
934 929 1134 993 expresso
1154 909 1258 993 quidem

204 1041 274 1088 cum
296 1019 447 1086 Salmaeio
467 1016 592 1092 scribas,
622 1015 718 1082 ullam
739 1017 832 1082 babet
853 1017 1067 1090 sententiam
1110 1018 1200 1102 vulgo
1217 1014 1260 1079 ad·

204 1128 333 1192 debatur
355 1128 460 1191 contra
480 1122 598 1188 codices
619 1124 743 1206 imago
766 1125 835 1209 post
856 1123 952 1188 eins.
1011 1120 1077 1188 Sed
1101 1122 1186 1188 nullo
1205 1122 1260 1186 tho

204 1251 274 1299 rnoe
306 1229 434 1314 exprimi
466 1230 569 1314 imago
602 1229 704 1294 vultus
733 1230 840 1312 potuit.
905 1226 1116 1294 Scribendnm
1141 1230 1261 1295 edetur:

205 1350 238 1401 et
260 1336 656 1402 etiamnuncvidetur
678 1325 884 1419 cupressos
905 1333 1123 1399 o-thoraoe
1138 1334 1262 1399 vultus

178 1446 299 1511 eiua.
364 1442 561 1528 significetur
590 1434 758 1526 προτομή,
793 1431 896 1525 imago
919 1439 1027 1524 vultus
1051 1460 1072 1505 a
1098 1440 1264 1506 thoruoeet

205 1552 341 1616 humeris
362 1549 520 1632 incipiens,
542 1549 606 1613 sire
629 1547 729 1626 malis,
750 1548 782 1611 in
805 1565 843 1612 ea
864 1543 1053 1623 desinens.¹)

185 1661 190 1668 '
307 1656 371 1721 lbd.
395 1656 432 1719 9:
476 1657 657 1739 qnantum
685 1660 789 1721 esset
814 1653 986 1718 additum
1019 1653 1263 1737 reipublicae

206 1764 236 1827 si
260 1761 412 1845 quidem
433 1779 532 1826 nunc
560 1761 677 1826 verba
707 1759 907 1857 naufragii
927 1758 1089 1841 publici
1113 1759 1264 1843 colligit

187 1871 341 1958 ¹nostru
370 1866 582 1951 diligentia
614 1865 658 1931 ud
686 1864 860 1931 Romanae
882 1846 1125 1948 reipublicae.
1171 1866 1264 1947 Neque

207 1973 321 2038 verba
353 1972 558 2056 naufragii
590 1972 749 2054 publici
770 1972 932 2056 quicquam
958 1971 1151 2056 significant,
1181 1989 1264 2055 neum

207 2098 243 2144 ea
267 2079 461 2164 colliguntur,
485 2097 584 2162 neque
604 2079 704 2144 tenum
736 2079 890 2160 scriptoris
922 2095 1022 2175 opere⁸
1051 2080 1083 2143 in
1111 2079 1172 2146 hac
1193 2098 1266 2145 com·

208 2186 376 2270 parauono,
405 2185 480 2269 quid
500 2185 567 2250 fieri
589 2186 737 2268 potuerit,
760 2187 934 2268 quantaque
956 2183 1072 2251 damna
1094 2186 1182 2251 facta
1203 2187 1266 2258 sint

209 2291 306 2357 ullum
328 2292 421 2358 babet
442 2292 554 2357 locum.
576 2289 792 2357 Scribendum:
814 2292 846 2356 si
868 2291 1026 2375 quidem
1050 2278 1162 2357 nunc
1186 2290 1268 2354 reli·

208 2400 326 2482 quius
349 2398 723 2483 naufragiipnbliei
744 2397 905 2481 colligit
936 2406 1068 2459 centra
1104 2400 1268 2482 (Augusto-

208 2523 287 2577 rum,
309 2504 347 2569 ad
369 2522 445 2588 quos
467 2507 620 2583 scribitur)
642 2505 865 2589 diligentia.
889 2503 954 2587 [Sic
965 2503 1029 2568 lere
1042 2504 1131 2590 Cas]
1154 2504 1266 2589 Siquid

121 2612 124 2617 ‘
207 2612 331 2694 propius
364 2631 456 2694 qnam
489 2612 680 2694 reliquias
712 2612 743 2676 in
773 2611 901 2677 eundem
930 2612 1122 2677 sententiam
1150 2611 1266 2695 reperiri

208 2720 327 2800 poterit.
350 2719 510 2800 accipiam.
555 2717 673 2782 Deinde
694 2720 776 2782 recte
798 2718 904 2799 opinor
927 2737 945 2782 a
966 2717 1079 2782 Petere
1101 2719 1267 2783 orationem

209 2824 435 2907 interponebam
459 2828 530 2906 post
553 2822 765 2908 diligentia
790 2829 821 2889 et
842 2824 983 2888 lacunam
1006 2826 1163 2890 notatam.

310 2932 463 2998 Aurelian.
479 2930 515 2995 6:
539 2931 681 2996 ltelert
702 2929 920 2995 Theoclius
942 2931 1266 2995 Gaesareanornm

31 3044 41 3068 ⁴
162 3032 164 3036 '
209 3041 428 3120 temporum
460 3038 639 3121 scriptor.
682 3037 777 3101 Nulla
809 3037 881 3101 sunt
912 3040 1054 3119 tempora
1089 3036 1267 3103 cesariana.

209 3145 267 3208 nisi
300 3145 401 3210 omnia
432 3144 504 3210 inde
537 3165 555 3211 a
589 3145 682 3210 lulio¹
705 3143 824 3208 Casare
856 3142 1109 3224 comprehendas.
1180 3141 1267 3208 Sorib

208 3248 425 3316 Theoclius
446 3240 704 3326 Caesarianae,
723 3270 847 3312 eorum
861 3252 1077 3329 temporum
1093 3249 1268 3332 scriptor.

208 3357 293 3438 (Cap.
314 3355 482 3422 dmirabur
496 3359 649 3423 neminem
664 3356 833 3438 scripsisse.
855 3353 936 3438 quod
958 3355 1054 3420 cuivis
1077 3356 1111 3420 in
1134 3361 1266 3420 mentem

88 3528 97 3547 ,
209 3464 313 3528 venire
334 3482 459 3529 necesse
481 3467 578 3529 esset:
602 3463 769 3528 Fuerunt
790 3461 827 3526 et
846 3463 979 3542 postea
1001 3460 1127 3526 multa
1149 3463 1270 3526 omina

208 3569 284 3633 iam
306 3568 508 3633 militanti
528 3569 718 3648 (Aureliano)
741 3567 874 3634 futuri
968 3567 1143 3648 imperii;
1168 3565 1267 3633 deinde

208 3672 270 3738 vidi
294 3675 338 3740 sic
360 3676 439 3759 apud
464 3676 643 3759 Bipontinos
662 3670 698 3741 'et
719 3676 750 3741 in
763 3674 926 3741 ‘veteribus
947 3672 1017 3739 edd.
1040 3676 1161 3749 scribi.)

239 4105 258 4170 ¹)
278 4104 361 4175 Capss
371 4108 533 4178 scripseram,
544 4115 574 4165 ut
584 4109 766 4197 (lberdiclriua,
775 4105 1016 4190 admirabilem
1027 4123 1075 4176 ppo
1085 4123 1135 4161 um
1143 4107 1211 4162 ubil
1219 4123 1269 4159 ern.
