<?xml version="1.0" encoding="UTF-8"?>
<!DOCTYPE html PUBLIC "-//W3C//DTD XHTML 1.0 Transitional//EN"
    "http://www.w3.org/TR/xhtml1/DTD/xhtml1-transitional.dtd">
<html xmlns="http://www.w3.org/1999/xhtml" xml:lang="en" lang="en">
 <head>
  <title>
</title>
<meta http-equiv="Content-Type" content="text/html;charset=utf-8" />
  <meta name='ocr-system' content='tesseract 3.04.00' />
  <meta name='ocr-capabilities' content='ocr_page ocr_carea ocr_par ocr_line ocrx_word'/>
</head>
<body>
  <div class='ocr_page' id='page_1' title='image "./ioniemadvigiiad00madvgoog_0569.png"; bbox 0 0 2656 5056; ppageno 0'>
   <div class='ocr_carea' id='block_1_1' title="bbox 255 307 887 377">
    <p class='ocr_par' dir='ltr' id='par_1_1' title="bbox 255 307 887 377">
     <span class='ocr_line' id='line_1_1' title="bbox 255 307 887 377; baseline 0.003 -16"><span class='ocrx_word' id='word_1_1' title='bbox 255 309 315 373; x_wconf 81' lang='lat'>558</span> <span class='ocrx_word' id='word_1_2' title='bbox 609 307 887 377; x_wconf 62' lang='lat' dir='ltr'>mammeapvl.</span> 
     </span>
    </p>
   </div>
   <div class='ocr_carea' id='block_1_2' title="bbox 212 506 1277 1122">
    <p class='ocr_par' dir='ltr' id='par_1_2' title="bbox 212 506 1277 698">
     <span class='ocr_line' id='line_1_2' title="bbox 213 506 1277 593; baseline 0.005 -19"><span class='ocrx_word' id='word_1_3' title='bbox 213 511 360 576; x_wconf 87' lang='lat' dir='ltr'>iecturem</span> <span class='ocrx_word' id='word_1_4' title='bbox 384 508 532 593; x_wconf 85' lang='lat' dir='ltr'>adiungit.</span> <span class='ocrx_word' id='word_1_5' title='bbox 587 506 750 571; x_wconf 82' lang='lat' dir='ltr'>Ablativus</span> <span class='ocrx_word' id='word_1_6' title='bbox 784 506 1042 587; x_wconf 84' lang='lat' dir='ltr'>(coniectura)</span> <span class='ocrx_word' id='word_1_7' title='bbox 1067 531 1126 593; x_wconf 92' lang='lat' dir='ltr'>pro</span> <span class='ocrx_word' id='word_1_8' title='bbox 1148 515 1277 578; x_wconf 87' lang='lat' dir='ltr'>nomina·</span> 
     </span>
     <span class='ocr_line' id='line_1_3' title="bbox 212 611 818 698; baseline -0.008 -18"><span class='ocrx_word' id='word_1_9' title='bbox 212 617 275 682; x_wconf 87' lang='lat' dir='ltr'>tivo</span> <span class='ocrx_word' id='word_1_10' title='bbox 300 618 443 698; x_wconf 83' lang='lat' dir='ltr'>acceptus</span> <span class='ocrx_word' id='word_1_11' title='bbox 466 615 654 698; x_wconf 77' lang='lat' dir='ltr'>particulam</span> <span class='ocrx_word' id='word_1_12' title='bbox 668 611 818 697; x_wconf 86' lang='lat' dir='ltr'>genuit.¹)</span> 
     </span>
    </p>

    <p class='ocr_par' dir='ltr' id='par_1_3' title="bbox 212 718 1276 1122">
     <span class='ocr_line' id='line_1_4' title="bbox 314 718 1276 800; baseline 0.005 -15"><span class='ocrx_word' id='word_1_13' title='bbox 314 721 391 787; x_wconf 57' lang='lat' dir='ltr'>Ibd,</span> <span class='ocrx_word' id='word_1_14' title='bbox 418 721 472 784; x_wconf 87' lang='lat'>16:</span> <span class='ocrx_word' id='word_1_15' title='bbox 514 723 565 786; x_wconf 81' lang='lat' dir='ltr'>At</span> <span class='ocrx_word' id='word_1_16' title='bbox 606 738 703 784; x_wconf 91' lang='lat' dir='ltr'>nunc</span> <span class='ocrx_word' id='word_1_17' title='bbox 747 718 944 800; x_wconf 86' lang='lat' dir='ltr'>patientia</span> <span class='ocrx_word' id='word_1_18' title='bbox 987 725 1164 790; x_wconf 81' lang='lat' dir='ltr'>servilia</span> <span class='ocrx_word' id='word_1_19' title='bbox 1198 729 1276 793; x_wconf 89' lang='lat' dir='ltr'>tan-</span> 
     </span>
     <span class='ocr_line' id='line_1_5' title="bbox 213 825 1276 914; baseline 0.005 -21"><span class='ocrx_word' id='word_1_20' title='bbox 213 830 373 911; x_wconf 87' lang='lat' dir='ltr'>tumque</span> <span class='ocrx_word' id='word_1_21' title='bbox 406 826 611 912; x_wconf 82' lang='lat' dir='ltr'>sanguinis</span> <span class='ocrx_word' id='word_1_22' title='bbox 640 826 741 891; x_wconf 89' lang='lat' dir='ltr'>domi</span> <span class='ocrx_word' id='word_1_23' title='bbox 763 825 897 910; x_wconf 90' lang='lat' dir='ltr'>perdit</span> <span class='ocrx_word' id='word_1_24' title='bbox 904 845 961 890; x_wconf 90' lang='lat' dir='ltr'>um</span> <span class='ocrx_word' id='word_1_25' title='bbox 985 827 1044 892; x_wconf 85' lang='lat' dir='ltr'>fat</span> <span class='ocrx_word' id='word_1_26' title='bbox 1029 828 1169 914; x_wconf 88' lang='lat' dir='ltr'>tigant</span> <span class='ocrx_word' id='word_1_27' title='bbox 1202 834 1276 898; x_wconf 93' lang='lat' dir='ltr'>ani-</span> 
     </span>
     <span class='ocr_line' id='line_1_6' title="bbox 212 932 1275 1016; baseline 0.005 -18"><span class='ocrx_word' id='word_1_28' title='bbox 212 954 310 999; x_wconf 90' lang='lat' dir='ltr'>mum</span> <span class='ocrx_word' id='word_1_29' title='bbox 335 936 374 999; x_wconf 85' lang='lat' dir='ltr'>et</span> <span class='ocrx_word' id='word_1_30' title='bbox 394 933 516 999; x_wconf 85' lang='lat' dir='ltr'>maesti</span> <span class='ocrx_word' id='word_1_31' title='bbox 522 933 580 997; x_wconf 90' lang='lat' dir='ltr'>tia</span> <span class='ocrx_word' id='word_1_32' title='bbox 600 933 855 1016; x_wconf 86' lang='lat' dir='ltr'>restringunt.</span> <span class='ocrx_word' id='word_1_33' title='bbox 910 932 1108 1009; x_wconf 85' lang='lat' dir='ltr'>Videndum,</span> <span class='ocrx_word' id='word_1_34' title='bbox 1133 957 1172 1003; x_wconf 89' lang='lat' dir='ltr'>ne</span> <span class='ocrx_word' id='word_1_35' title='bbox 1192 940 1275 1005; x_wconf 81' lang='lat' dir='ltr'>soriti</span> 
     </span>
     <span class='ocr_line' id='line_1_7' title="bbox 212 1033 599 1122; baseline -0.017 -18"><span class='ocrx_word' id='word_1_36' title='bbox 212 1041 322 1105; x_wconf 78' lang='lat' dir='ltr'>debeat</span> <span class='ocrx_word' id='word_1_37' title='bbox 343 1033 599 1122; x_wconf 73' lang='lat' dir='ltr'>reatinptcecnt,</span> 
     </span>
    </p>
   </div>
   <div class='ocr_carea' id='block_1_3' title="bbox 207 1161 1275 1990">
    <p class='ocr_par' dir='ltr' id='par_1_4' title="bbox 207 1161 1275 1990">
     <span class='ocr_line' id='line_1_8' title="bbox 312 1161 1274 1244; baseline 0.009 -17"><span class='ocrx_word' id='word_1_38' title='bbox 312 1161 376 1227; x_wconf 91' lang='lat' dir='ltr'>Ibd.</span> <span class='ocrx_word' id='word_1_39' title='bbox 411 1162 451 1224; x_wconf 76' lang='lat'>26</span> <span class='ocrx_word' id='word_1_40' title='bbox 484 1162 528 1240; x_wconf 86' lang='lat' dir='ltr'>(in</span> <span class='ocrx_word' id='word_1_41' title='bbox 564 1180 667 1227; x_wconf 88' lang='lat' dir='ltr'>eorum</span> <span class='ocrx_word' id='word_1_42' title='bbox 701 1162 855 1240; x_wconf 90' lang='lat' dir='ltr'>oratione,</span> <span class='ocrx_word' id='word_1_43' title='bbox 887 1162 938 1244; x_wconf 88' lang='lat' dir='ltr'>qui</span> <span class='ocrx_word' id='word_1_44' title='bbox 968 1162 1120 1230; x_wconf 81' lang='lat' dir='ltr'>Thraseae</span> <span class='ocrx_word' id='word_1_45' title='bbox 1150 1174 1274 1235; x_wconf 83' lang='lat' dir='ltr'>mortem</span> 
     </span>
     <span class='ocr_line' id='line_1_9' title="bbox 212 1265 1275 1359; baseline 0.005 -25"><span class='ocrx_word' id='word_1_46' title='bbox 212 1269 412 1342; x_wconf 84' lang='lat' dir='ltr'>voluntariam</span> <span class='ocrx_word' id='word_1_47' title='bbox 438 1269 594 1345; x_wconf 87' lang='lat' dir='ltr'>euadent):</span> <span class='ocrx_word' id='word_1_48' title='bbox 638 1265 802 1331; x_wconf 86' lang='lat' dir='ltr'><strong>Proinde</strong></span> <span class='ocrx_word' id='word_1_49' title='bbox 823 1265 1114 1346; x_wconf 81' lang='lat' dir='ltr'>intemeratus,</span> <span class='ocrx_word' id='word_1_50' title='bbox 1134 1274 1275 1359; x_wconf 90' lang='lat' dir='ltr'>impol-</span> 
     </span>
     <span class='ocr_line' id='line_1_10' title="bbox 211 1373 1273 1458; baseline 0.007 -18"><span class='ocrx_word' id='word_1_51' title='bbox 211 1376 334 1450; x_wconf 83' lang='lat' dir='ltr'>lutus,</span> <span class='ocrx_word' id='word_1_52' title='bbox 369 1395 532 1458; x_wconf 89' lang='lat' dir='ltr'>quorum</span> <span class='ocrx_word' id='word_1_53' title='bbox 555 1373 745 1457; x_wconf 80' lang='lat' dir='ltr'>vestigiis</span> <span class='ocrx_word' id='word_1_54' title='bbox 777 1376 814 1436; x_wconf 88' lang='lat' dir='ltr'>et</span> <span class='ocrx_word' id='word_1_55' title='bbox 834 1374 980 1440; x_wconf 85' lang='lat' dir='ltr'>studiis</span> <span class='ocrx_word' id='word_1_56' title='bbox 1005 1377 1135 1443; x_wconf 87' lang='lat' dir='ltr'>vitam</span> <span class='ocrx_word' id='word_1_57' title='bbox 1159 1382 1273 1447; x_wconf 86' lang='lat' dir='ltr'>dure·</span> 
     </span>
     <span class='ocr_line' id='line_1_11' title="bbox 210 1479 1273 1570; baseline 0.007 -25"><span class='ocrx_word' id='word_1_58' title='bbox 210 1482 288 1558; x_wconf 85' lang='lat' dir='ltr'>rit,</span> <span class='ocrx_word' id='word_1_59' title='bbox 316 1499 446 1547; x_wconf 88' lang='lat' dir='ltr'>eorum</span> <span class='ocrx_word' id='word_1_60' title='bbox 479 1481 607 1564; x_wconf 84' lang='lat' dir='ltr'>gloria</span> <span class='ocrx_word' id='word_1_61' title='bbox 640 1481 795 1561; x_wconf 89' lang='lat' dir='ltr'>peteret</span> <span class='ocrx_word' id='word_1_62' title='bbox 821 1479 948 1544; x_wconf 83' lang='lat' dir='ltr'>finem.</span> <span class='ocrx_word' id='word_1_63' title='bbox 1008 1481 1091 1561; x_wconf 86' lang='lat' dir='ltr'>Quid</span> <span class='ocrx_word' id='word_1_64' title='bbox 1115 1486 1160 1550; x_wconf 84' lang='lat' dir='ltr'>sit</span> <span class='ocrx_word' id='word_1_65' title='bbox 1180 1486 1273 1570; x_wconf 69' lang='lat' dir='ltr'>plcre</span> 
     </span>
     <span class='ocr_line' id='line_1_12' title="bbox 211 1585 1272 1671; baseline 0.01 -22"><span class='ocrx_word' id='word_1_66' title='bbox 211 1586 340 1650; x_wconf 75' lang='lat' dir='ltr'>alicuius</span> <span class='ocrx_word' id='word_1_67' title='bbox 362 1586 453 1652; x_wconf 86' lang='lat' dir='ltr'>tinem</span> <span class='ocrx_word' id='word_1_68' title='bbox 474 1592 579 1671; x_wconf 86' lang='lat' dir='ltr'>petere</span> <span class='ocrx_word' id='word_1_69' title='bbox 611 1589 665 1669; x_wconf 88' lang='lat' dir='ltr'>aut</span> <span class='ocrx_word' id='word_1_70' title='bbox 685 1587 807 1650; x_wconf 91' lang='lat' dir='ltr'>omnino</span> <span class='ocrx_word' id='word_1_71' title='bbox 828 1585 942 1668; x_wconf 90' lang='lat' dir='ltr'>aliquid</span> <span class='ocrx_word' id='word_1_72' title='bbox 964 1586 1077 1663; x_wconf 86' lang='lat' dir='ltr'>facere,</span> <span class='ocrx_word' id='word_1_73' title='bbox 1102 1611 1167 1657; x_wconf 93' lang='lat' dir='ltr'>non</span> <span class='ocrx_word' id='word_1_74' title='bbox 1188 1595 1272 1659; x_wconf 90' lang='lat' dir='ltr'>intel·</span> 
     </span>
     <span class='ocr_line' id='line_1_13' title="bbox 209 1690 1271 1781; baseline -0.001 -23"><span class='ocrx_word' id='word_1_75' title='bbox 209 1694 281 1778; x_wconf 85' lang='lat' dir='ltr'>ligo.</span> <span class='ocrx_word' id='word_1_76' title='bbox 352 1693 504 1776; x_wconf 82' lang='lat' dir='ltr'>Scriptum</span> <span class='ocrx_word' id='word_1_77' title='bbox 553 1693 669 1758; x_wconf 78' lang='lat' dir='ltr'>iuerat:</span> <span class='ocrx_word' id='word_1_78' title='bbox 726 1710 855 1756; x_wconf 87' lang='lat' dir='ltr'>eorum</span> <span class='ocrx_word' id='word_1_79' title='bbox 898 1690 1069 1775; x_wconf 79' lang='lat' dir='ltr'>pieriam</span> <span class='ocrx_word' id='word_1_80' title='bbox 1114 1705 1271 1781; x_wconf 75' lang='lat' dir='ltr'>peteret</span> 
     </span>
     <span class='ocr_line' id='line_1_14' title="bbox 207 1797 1269 1929; baseline 0.012 -69"><span class='ocrx_word' id='word_1_81' title='bbox 207 1800 359 1882; x_wconf 57' lang='lat' dir='ltr'>pipat</span> <span class='ocrx_word' id='word_1_82' title='bbox 345 1799 496 1865; x_wconf 86' lang='lat' dir='ltr'>translata</span> <span class='ocrx_word' id='word_1_83' title='bbox 533 1799 661 1874; x_wconf 88' lang='lat' dir='ltr'>lineola,</span> <span class='ocrx_word' id='word_1_84' title='bbox 704 1798 761 1862; x_wconf 92' lang='lat' dir='ltr'>hoc</span> <span class='ocrx_word' id='word_1_85' title='bbox 800 1799 864 1876; x_wconf 88' lang='lat' dir='ltr'>est,</span> <span class='ocrx_word' id='word_1_86' title='bbox 902 1797 1034 1881; x_wconf 84' lang='lat' dir='ltr'>glorioso</span> <span class='ocrx_word' id='word_1_87' title='bbox 1072 1802 1180 1868; x_wconf 85' lang='lat' dir='ltr'>fine</span> <span class='ocrx_word' id='word_1_88' title='bbox 1172 1808 1210 1872; x_wconf 84' lang='lat' dir='ltr'>ris</span> <span class='ocrx_word' id='word_1_89' title='bbox 1196 1826 1269 1929; x_wconf 27' lang='lat' dir='ltr'>‘se</span> 
     </span>
     <span class='ocr_line' id='line_1_15' title="bbox 211 1908 353 1990; baseline -0.008 -20"><span class='ocrx_word' id='word_1_90' title='bbox 211 1908 353 1990; x_wconf 80' lang='lat' dir='ltr'>aequaret.</span> 
     </span>
    </p>
   </div>
   <div class='ocr_carea' id='block_1_4' title="bbox 169 2026 1267 3175">
    <p class='ocr_par' dir='ltr' id='par_1_5' title="bbox 169 2026 1267 3160">
     <span class='ocr_line' id='line_1_16' title="bbox 308 2026 1267 2118; baseline 0.006 -25"><span class='ocrx_word' id='word_1_91' title='bbox 308 2029 374 2094; x_wconf 86' lang='lat' dir='ltr'>lbd.</span> <span class='ocrx_word' id='word_1_92' title='bbox 412 2028 452 2091; x_wconf 76' lang='lat'>28</span> <span class='ocrx_word' id='word_1_93' title='bbox 485 2029 529 2104; x_wconf 87' lang='lat' dir='ltr'>(in</span> <span class='ocrx_word' id='word_1_94' title='bbox 566 2026 662 2112; x_wconf 86' lang='lat' dir='ltr'>Eprii.</span> <span class='ocrx_word' id='word_1_95' title='bbox 695 2026 833 2091; x_wconf 84' lang='lat' dir='ltr'>Marcelli</span> <span class='ocrx_word' id='word_1_96' title='bbox 871 2028 1037 2110; x_wconf 88' lang='lat' dir='ltr'>oratione):</span> <span class='ocrx_word' id='word_1_97' title='bbox 1081 2032 1267 2118; x_wconf 83' lang='lat' dir='ltr'>Denique</span> 
     </span>
     <span class='ocr_line' id='line_1_17' title="bbox 208 2133 1266 2222; baseline 0.002 -21"><span class='ocrx_word' id='word_1_98' title='bbox 208 2154 321 2222; x_wconf 84' lang='lat' dir='ltr'>agere</span> <span class='ocrx_word' id='word_1_99' title='bbox 374 2137 594 2200; x_wconf 85' lang='lat' dir='ltr'>senatorem</span> <span class='ocrx_word' id='word_1_100' title='bbox 648 2138 684 2199; x_wconf 90' lang='lat' dir='ltr'>et</span> <span class='ocrx_word' id='word_1_101' title='bbox 731 2133 924 2217; x_wconf 89' lang='lat' dir='ltr'>principis</span> <span class='ocrx_word' id='word_1_102' title='bbox 977 2135 1266 2216; x_wconf 82' lang='lat' dir='ltr'>obtrectatores</span> 
     </span>
     <span class='ocr_line' id='line_1_18' title="bbox 208 2240 1264 2327; baseline 0.003 -19"><span class='ocrx_word' id='word_1_103' title='bbox 208 2247 413 2327; x_wconf 85' lang='lat' dir='ltr'>protegere</span> <span class='ocrx_word' id='word_1_104' title='bbox 435 2240 581 2306; x_wconf 81' lang='lat' dir='ltr'>solitus</span> <span class='ocrx_word' id='word_1_105' title='bbox 615 2241 785 2314; x_wconf 81' lang='lat' dir='ltr'>veniret3</span> <span class='ocrx_word' id='word_1_106' title='bbox 825 2244 1025 2315; x_wconf 79' lang='lat' dir='ltr'>censeret,</span> <span class='ocrx_word' id='word_1_107' title='bbox 1064 2245 1163 2327; x_wconf 91' lang='lat' dir='ltr'>quid</span> <span class='ocrx_word' id='word_1_108' title='bbox 1190 2266 1264 2311; x_wconf 89' lang='lat' dir='ltr'>cor-</span> 
     </span>
     <span class='ocr_line' id='line_1_19' title="bbox 205 2345 1262 2435; baseline -0.001 -20"><span class='ocrx_word' id='word_1_109' title='bbox 205 2351 281 2435; x_wconf 84' lang='lat' dir='ltr'>rigi</span> <span class='ocrx_word' id='word_1_110' title='bbox 331 2352 395 2415; x_wconf 90' lang='lat' dir='ltr'>ant</span> <span class='ocrx_word' id='word_1_111' title='bbox 443 2348 588 2411; x_wconf 88' lang='lat' dir='ltr'>mutari</span> <span class='ocrx_word' id='word_1_112' title='bbox 641 2345 776 2420; x_wconf 87' lang='lat' dir='ltr'>vellet;</span> <span class='ocrx_word' id='word_1_113' title='bbox 832 2345 989 2411; x_wconf 82' lang='lat' dir='ltr'>facilius</span> <span class='ocrx_word' id='word_1_114' title='bbox 1040 2351 1262 2432; x_wconf 81' lang='lat' dir='ltr'>perlaturos</span> 
     </span>
     <span class='ocr_line' id='line_1_20' title="bbox 206 2453 1262 2541; baseline 0.001 -20"><span class='ocrx_word' id='word_1_115' title='bbox 206 2457 364 2541; x_wconf 85' lang='lat' dir='ltr'>singula</span> <span class='ocrx_word' id='word_1_116' title='bbox 421 2453 683 2535; x_wconf 89' lang='lat' dir='ltr'>increpatium</span> <span class='ocrx_word' id='word_1_117' title='bbox 745 2471 853 2536; x_wconf 87' lang='lat' dir='ltr'>quam</span> <span class='ocrx_word' id='word_1_118' title='bbox 907 2472 1007 2518; x_wconf 90' lang='lat' dir='ltr'>nuno</span> <span class='ocrx_word' id='word_1_119' title='bbox 1064 2458 1262 2524; x_wconf 83' lang='lat' dir='ltr'>cilentinn</span> 
     </span>
     <span class='ocr_line' id='line_1_21' title="bbox 204 2559 1262 2650; baseline 0 -23"><span class='ocrx_word' id='word_1_120' title='bbox 204 2564 426 2646; x_wconf 81' lang='lat' dir='ltr'>perferrent</span> <span class='ocrx_word' id='word_1_121' title='bbox 478 2560 607 2625; x_wconf 85' lang='lat' dir='ltr'>omnia</span> <span class='ocrx_word' id='word_1_122' title='bbox 668 2559 898 2624; x_wconf 87' lang='lat' dir='ltr'>damnantis.</span> <span class='ocrx_word' id='word_1_123' title='bbox 934 2560 1104 2628; x_wconf 72' lang='lat' dir='ltr'>&#39;Primum</span> <span class='ocrx_word' id='word_1_124' title='bbox 1163 2583 1262 2650; x_wconf 86' lang='lat' dir='ltr'>egere</span> 
     </span>
     <span class='ocr_line' id='line_1_22' title="bbox 204 2666 1262 2749; baseline 0.003 -15"><span class='ocrx_word' id='word_1_125' title='bbox 204 2673 419 2734; x_wconf 82' lang='lat' dir='ltr'>senatorem</span> <span class='ocrx_word' id='word_1_126' title='bbox 453 2684 512 2730; x_wconf 91' lang='lat' dir='ltr'>non</span> <span class='ocrx_word' id='word_1_127' title='bbox 556 2667 639 2732; x_wconf 86' lang='lat' dir='ltr'>solue</span> <span class='ocrx_word' id='word_1_128' title='bbox 683 2666 834 2742; x_wconf 78' lang='lat' dir='ltr'>Thrasea,</span> <span class='ocrx_word' id='word_1_129' title='bbox 878 2666 998 2749; x_wconf 90' lang='lat' dir='ltr'>opinor,</span> <span class='ocrx_word' id='word_1_130' title='bbox 1043 2669 1158 2735; x_wconf 88' lang='lat' dir='ltr'>solitus</span> <span class='ocrx_word' id='word_1_131' title='bbox 1197 2673 1262 2739; x_wconf 76' lang='lat' dir='ltr'>erat,</span> 
     </span>
     <span class='ocr_line' id='line_1_23' title="bbox 204 2772 1261 2859; baseline -0.002 -18"><span class='ocrx_word' id='word_1_132' title='bbox 204 2776 257 2841; x_wconf 84' lang='lat' dir='ltr'>sed</span> <span class='ocrx_word' id='word_1_133' title='bbox 293 2792 415 2841; x_wconf 82' lang='lat' dir='ltr'>omnes:</span> <span class='ocrx_word' id='word_1_134' title='bbox 452 2773 548 2837; x_wconf 90' lang='lat' dir='ltr'>immo</span> <span class='ocrx_word' id='word_1_135' title='bbox 578 2774 605 2837; x_wconf 89' lang='lat' dir='ltr'>is</span> <span class='ocrx_word' id='word_1_136' title='bbox 647 2772 748 2836; x_wconf 83' lang='lat' dir='ltr'>minue</span> <span class='ocrx_word' id='word_1_137' title='bbox 784 2772 959 2837; x_wconf 82' lang='lat' dir='ltr'>videbatur.</span> <span class='ocrx_word' id='word_1_138' title='bbox 986 2773 1018 2837; x_wconf 95' lang='lat' dir='ltr'>id</span> <span class='ocrx_word' id='word_1_139' title='bbox 1058 2776 1179 2852; x_wconf 81' lang='lat' dir='ltr'>facere,</span> <span class='ocrx_word' id='word_1_140' title='bbox 1219 2776 1261 2859; x_wconf 85' lang='lat' dir='ltr'>qui</span> 
     </span>
     <span class='ocr_line' id='line_1_24' title="bbox 169 2875 1260 2966; baseline -0.004 -17"><span class='ocrx_word' id='word_1_141' title='bbox 169 2875 284 2966; x_wconf 78' lang='lat' dir='ltr'>&#39;saepe</span> <span class='ocrx_word' id='word_1_142' title='bbox 317 2880 660 2963; x_wconf 85' lang='lat' dir='ltr'>aberat,tploru1nque</span> <span class='ocrx_word' id='word_1_143' title='bbox 700 2879 830 2942; x_wconf 66' lang='lat' dir='ltr'>mactat</span> <span class='ocrx_word' id='word_1_144' title='bbox 889 2878 1108 2946; x_wconf 89' lang='lat' dir='ltr'>Scribendum:</span> <span class='ocrx_word' id='word_1_145' title='bbox 1153 2883 1260 2948; x_wconf 90' lang='lat' dir='ltr'>Deni-</span> 
     </span>
     <span class='ocr_line' id='line_1_25' title="bbox 204 2986 1261 3072; baseline -0.003 -18"><span class='ocrx_word' id='word_1_146' title='bbox 204 3008 274 3072; x_wconf 85' lang='lat' dir='ltr'>que</span> <span class='ocrx_word' id='word_1_147' title='bbox 319 2997 452 3072; x_wconf 74' lang='lat' dir='ltr'>operat</span> <span class='ocrx_word' id='word_1_148' title='bbox 494 2989 718 3052; x_wconf 86' lang='lat' dir='ltr'>senatorem</span> <span class='ocrx_word' id='word_1_149' title='bbox 761 2989 812 3060; x_wconf 87' lang='lat' dir='ltr'>et,</span> <span class='ocrx_word' id='word_1_150' title='bbox 861 2986 1120 3070; x_wconf 86' lang='lat' dir='ltr'>principis.</span> <span class='ocrx_word' id='word_1_151' title='bbox 1135 2991 1261 3054; x_wconf 85' lang='lat' dir='ltr'>.eoli·</span> 
     </span>
     <span class='ocr_line' id='line_1_26' title="bbox 202 3091 1259 3175; baseline -0.002 -17"><span class='ocrx_word' id='word_1_152' title='bbox 202 3097 283 3166; x_wconf 88' lang='lat' dir='ltr'>tue</span> <span class='ocrx_word' id='word_1_153' title='bbox 317 3094 479 3159; x_wconf 83' lang='lat' dir='ltr'>veniret.</span> <span class='ocrx_word' id='word_1_154' title='bbox 456 3092 759 3166; x_wconf 74' lang='lat' dir='ltr'>ttnPostulan</span> <span class='ocrx_word' id='word_1_155' title='bbox 760 3091 873 3156; x_wconf 86' lang='lat' dir='ltr'>tiore</span> <span class='ocrx_word' id='word_1_156' title='bbox 905 3110 959 3157; x_wconf 88' lang='lat' dir='ltr'>sno</span> <span class='ocrx_word' id='word_1_157' title='bbox 999 3095 1121 3175; x_wconf 87' lang='lat' dir='ltr'>utatur,</span> <span class='ocrx_word' id='word_1_158' title='bbox 1168 3095 1259 3160; x_wconf 80' lang='lat' dir='ltr'>officio</span> 
     </span>
    </p>
   </div>
   <div class='ocr_carea' id='block_1_5' title="bbox 148 3574 1256 4198">
    <p class='ocr_par' dir='ltr' id='par_1_6' title="bbox 271 3574 1256 3652">
     <span class='ocr_line' id='line_1_27' title="bbox 271 3574 1256 3652; baseline 0.003 -22"><span class='ocrx_word' id='word_1_159' title='bbox 271 3577 420 3644; x_wconf 82' lang='lat' dir='ltr'>mensis),</span> <span class='ocrx_word' id='word_1_160' title='bbox 447 3574 504 3645; x_wconf 91' lang='lat' dir='ltr'>qni</span> <span class='ocrx_word' id='word_1_161' title='bbox 530 3574 683 3644; x_wconf 83' lang='lat' dir='ltr'>Aprilem</span> <span class='ocrx_word' id='word_1_162' title='bbox 706 3574 911 3644; x_wconf 87' lang='lat' dir='ltr'>eundemque</span> <span class='ocrx_word' id='word_1_163' title='bbox 930 3575 1123 3635; x_wconf 83' lang='lat' dir='ltr'>Neroneum</span> <span class='ocrx_word' id='word_1_164' title='bbox 1154 3596 1256 3652; x_wconf 79' lang='lat' dir='ltr'>seque</span> 
     </span>
    </p>

    <p class='ocr_par' dir='ltr' id='par_1_7' title="bbox 271 3667 1255 3742">
     <span class='ocr_line' id='line_1_28' title="bbox 271 3667 1255 3742; baseline 0.004 -19"><span class='ocrx_word' id='word_1_165' title='bbox 271 3669 394 3723; x_wconf 85' lang='lat' dir='ltr'>bantur</span> <span class='ocrx_word' id='word_1_166' title='bbox 411 3668 461 3736; x_wconf 82' lang='lat' dir='ltr'>(sic</span> <span class='ocrx_word' id='word_1_167' title='bbox 480 3668 550 3722; x_wconf 84' lang='lat' dir='ltr'>recte</span> <span class='ocrx_word' id='word_1_168' title='bbox 569 3667 698 3737; x_wconf 84' lang='lat' dir='ltr'>Nipperd.</span> <span class='ocrx_word' id='word_1_169' title='bbox 714 3685 765 3742; x_wconf 91' lang='lat' dir='ltr'>pro</span> <span class='ocrx_word' id='word_1_170' title='bbox 782 3670 1018 3739; x_wconf 74' lang='lat' dir='ltr'>sequebatur),</span> <span class='ocrx_word' id='word_1_171' title='bbox 1038 3671 1152 3729; x_wconf 79' lang='lat' dir='ltr'>Maius</span> <span class='ocrx_word' id='word_1_172' title='bbox 1171 3674 1255 3731; x_wconf 81' lang='lat' dir='ltr'>Clau·</span> 
     </span>
    </p>

    <p class='ocr_par' dir='ltr' id='par_1_8' title="bbox 234 3759 1254 3930">
     <span class='ocr_line' id='line_1_29' title="bbox 271 3759 1254 3837; baseline 0.005 -20"><span class='ocrx_word' id='word_1_173' title='bbox 271 3762 334 3828; x_wconf 87' lang='lat' dir='ltr'>dii,</span> <span class='ocrx_word' id='word_1_174' title='bbox 360 3764 461 3814; x_wconf 75' lang='lat' dir='ltr'>Iuliae</span> <span class='ocrx_word' id='word_1_175' title='bbox 486 3759 679 3815; x_wconf 82' lang='lat' dir='ltr'>Germanici</span> <span class='ocrx_word' id='word_1_176' title='bbox 707 3761 889 3817; x_wconf 79' lang='lat' dir='ltr'>vocabulis</span> <span class='ocrx_word' id='word_1_177' title='bbox 914 3766 1100 3820; x_wconf 85' lang='lat' dir='ltr'>mutentur.</span> <span class='ocrx_word' id='word_1_178' title='bbox 1138 3767 1254 3837; x_wconf 74' lang='lat' dir='ltr'>Alioquin</span> 
     </span>
     <span class='ocr_line' id='line_1_30' title="bbox 234 3853 1254 3930; baseline 0.007 -22"><span class='ocrx_word' id='word_1_179' title='bbox 234 3873 238 3881; x_wconf 66' lang='grc'><strong><em>’</em></strong></span> <span class='ocrx_word' id='word_1_180' title='bbox 271 3853 422 3909; x_wconf 74' lang='lat' dir='ltr'>transmissi</span> <span class='ocrx_word' id='word_1_181' title='bbox 448 3853 520 3907; x_wconf 82' lang='lat' dir='ltr'>lunii</span> <span class='ocrx_word' id='word_1_182' title='bbox 547 3869 627 3908; x_wconf 86' lang='lat' dir='ltr'>cenea</span> <span class='ocrx_word' id='word_1_183' title='bbox 655 3854 775 3910; x_wconf 81' lang='lat' dir='ltr'>subiecta</span> <span class='ocrx_word' id='word_1_184' title='bbox 801 3854 921 3925; x_wconf 81' lang='lat' dir='ltr'>intelligi</span> <span class='ocrx_word' id='word_1_185' title='bbox 948 3856 1024 3911; x_wconf 93' lang='lat' dir='ltr'>nullo</span> <span class='ocrx_word' id='word_1_186' title='bbox 1052 3857 1131 3913; x_wconf 87' lang='lat' dir='ltr'>ruodo</span> <span class='ocrx_word' id='word_1_187' title='bbox 1166 3863 1254 3930; x_wconf 75' lang='lat' dir='ltr'>potest</span> 
     </span>
    </p>

    <p class='ocr_par' dir='ltr' id='par_1_9' title="bbox 271 3945 1253 4022">
     <span class='ocr_line' id='line_1_31' title="bbox 271 3945 1253 4022; baseline 0.005 -23"><span class='ocrx_word' id='word_1_188' title='bbox 271 3945 340 4000; x_wconf 84' lang='lat' dir='ltr'>Nam</span> <span class='ocrx_word' id='word_1_189' title='bbox 358 3947 472 4000; x_wconf 85' lang='lat' dir='ltr'>omieeue</span> <span class='ocrx_word' id='word_1_190' title='bbox 499 3963 513 4001; x_wconf 90' lang='lat' dir='ltr'>e</span> <span class='ocrx_word' id='word_1_191' title='bbox 537 3946 615 4002; x_wconf 79' lang='lat' dir='ltr'>foetis</span> <span class='ocrx_word' id='word_1_192' title='bbox 642 3951 716 4002; x_wconf 81' lang='lat' dir='ltr'>totns</span> <span class='ocrx_word' id='word_1_193' title='bbox 746 3945 844 4004; x_wconf 81' lang='lat' dir='ltr'>mensio</span> <span class='ocrx_word' id='word_1_194' title='bbox 868 3948 983 4005; x_wconf 89' lang='lat' dir='ltr'>ridicule</span> <span class='ocrx_word' id='word_1_195' title='bbox 1009 3951 1139 4022; x_wconf 76' lang='lat' dir='ltr'>flugitnr3</span> <span class='ocrx_word' id='word_1_196' title='bbox 1170 3949 1253 4022; x_wconf 88' lang='lat' dir='ltr'>etqui</span> 
     </span>
    </p>

    <p class='ocr_par' dir='ltr' id='par_1_10' title="bbox 148 4038 1252 4198">
     <span class='ocr_line' id='line_1_32' title="bbox 271 4038 1252 4111; baseline 0.004 -19"><span class='ocrx_word' id='word_1_197' title='bbox 271 4041 327 4092; x_wconf 86' lang='lat' dir='ltr'>turn</span> <span class='ocrx_word' id='word_1_198' title='bbox 347 4038 521 4093; x_wconf 79' lang='lat' dir='ltr'>Germanicus</span> <span class='ocrx_word' id='word_1_199' title='bbox 538 4040 669 4110; x_wconf 84' lang='lat' dir='ltr'>appellari</span> <span class='ocrx_word' id='word_1_200' title='bbox 688 4041 812 4111; x_wconf 81' lang='lat' dir='ltr'>poterat?</span> <span class='ocrx_word' id='word_1_201' title='bbox 848 4041 914 4097; x_wconf 90' lang='lat' dir='ltr'>Iulii</span> <span class='ocrx_word' id='word_1_202' title='bbox 933 4042 1046 4098; x_wconf 76' lang='lat' dir='ltr'>Cereris</span> <span class='ocrx_word' id='word_1_203' title='bbox 1065 4045 1190 4101; x_wconf 84' lang='lat' dir='ltr'>honorem</span> <span class='ocrx_word' id='word_1_204' title='bbox 1208 4059 1252 4099; x_wconf 91' lang='lat' dir='ltr'>non</span> 
     </span>
     <span class='ocr_line' id='line_1_33' title="bbox 148 4119 828 4198; baseline 0.007 -16"><span class='ocrx_word' id='word_1_205' title='bbox 148 4119 150 4124; x_wconf 68' lang='grc'><strong>’</strong></span> <span class='ocrx_word' id='word_1_206' title='bbox 269 4130 406 4194; x_wconf 83' lang='lat' dir='ltr'>curabant,</span> <span class='ocrx_word' id='word_1_207' title='bbox 426 4131 472 4198; x_wconf 88' lang='lat' dir='ltr'>qni</span> <span class='ocrx_word' id='word_1_208' title='bbox 492 4131 623 4188; x_wconf 83' lang='lat' dir='ltr'>Neronem</span> <span class='ocrx_word' id='word_1_209' title='bbox 642 4133 828 4190; x_wconf 74' lang='lat' dir='ltr'>adulabantur.</span> 
     </span>
    </p>
   </div>
   <div class='ocr_carea' id='block_1_6' title="bbox 0 0 1332 5056">
    <p class='ocr_par' dir='ltr' id='par_1_11' title="bbox 0 0 1332 5056">
     <span class='ocr_line' id='line_1_34' title="bbox 0 0 1332 5056; baseline 0 4"><span class='ocrx_word' id='word_1_210' title='bbox 0 0 1332 5056; x_wconf 95' lang='lat' dir='ltr'> </span> 
     </span>
    </p>
   </div>
   <div class='ocr_carea' id='block_1_7' title="bbox 232 3479 1320 3556">
    <p class='ocr_par' dir='ltr' id='par_1_12' title="bbox 232 3443 1320 3556">
     <span class='ocr_line' id='line_1_35' title="bbox 232 3479 1320 3556; baseline 0.005 -17"><span class='ocrx_word' id='word_1_211' title='bbox 232 3482 253 3550; x_wconf 85' lang='lat'>¹)</span> <span class='ocrx_word' id='word_1_212' title='bbox 274 3481 337 3553; x_wconf 85' lang='lat' dir='ltr'>Cap.</span> <span class='ocrx_word' id='word_1_213' title='bbox 358 3485 393 3538; x_wconf 74' lang='lat'>12</span> <span class='ocrx_word' id='word_1_214' title='bbox 413 3482 560 3536; x_wconf 77' lang='lat' dir='ltr'>necessario</span> <span class='ocrx_word' id='word_1_215' title='bbox 578 3497 638 3536; x_wconf 90' lang='lat' dir='ltr'>cnm</span> <span class='ocrx_word' id='word_1_216' title='bbox 656 3480 748 3552; x_wconf 88' lang='lat' dir='ltr'>Lipeio</span> <span class='ocrx_word' id='word_1_217' title='bbox 768 3481 949 3548; x_wconf 68' lang='lat' dir='ltr'>scribendum</span> <span class='ocrx_word' id='word_1_218' title='bbox 985 3483 1256 3556; x_wconf 66' lang='lat' dir='ltr'>demerserant</span> <span class='ocrx_word' id='word_1_219' title='bbox 1315 3479 1320 3525; x_wconf 81' lang='lat' dir='ltr'>l</span> 
     </span>
    </p>
   </div>
  </div>
 </body>
</html>
