2656 5056
439 664 579 731 cioeronis
598 664 744 722 orationes.
1032 667 1088 729 lle

6 901 15 943 ς
60 858 222 943 dumque
242 859 294 925 hio
328 860 520 930 indioiorunr
556 864 821 941 alternorum,
865 865 1009 947 qnoniam
1046 863 1129 930 idern

0 1011 15 1031 2
60 965 228 1048 utrumque
248 967 428 1033 vocabulum
452 969 616 1054 signifieat,
631 971 730 1037 fotum
747 970 891 1047 fodinam,
907 969 1006 1054 quiin
1023 969 1130 1052 aliqua

60 1088 157 1137 eausa
176 1071 286 1137 sedent
307 1074 458 1163 sensurive
480 1077 561 1156 sunt
585 1095 757 1144 numerum.

165 1189 242 1255 lbid.
265 1191 323 1256 62:
358 1190 501 1259 Omnes
535 1194 638 1259 enim
670 1193 906 1258 istiusmodi
938 1196 1047 1259 artes
1071 1190 1130 1271 (rei

60 1291 208 1359 militarie
228 1312 311 1375 usus,
334 1297 518 1381 eloquentia,
541 1300 616 1366 iuris
635 1299 760 1382 peritia)
783 1296 821 1362 in
844 1298 896 1363 iia
917 1301 1129 1383 reprehen-

61 1397 228 1477 duntur,
251 1401 432 1485 qni‚onm
455 1405 633 1488 professi
656 1411 766 1479 sunt,
788 1403 1035 1472 satisfacere
1056 1425 1129 1471 non

4 1500 9 1597 J
60 1508 250 1587 possunt,
274 1526 346 1574 non
368 1509 407 1575 in
430 1511 500 1591 iis,
523 1511 590 1595 qni
612 1530 653 1576 se
673 1511 830 1577 afuisse
851 1512 897 1577 ab
919 1511 1020 1577 istis
1041 1515 1129 1577 stn-

60 1610 144 1678 diis
177 1613 440 1682 confitentur.
487 1611 613 1683 Nemini
642 1636 790 1702 umquam
822 1617 858 1681 in.
886 1619 1021 1683 mentem
1045 1617 1131 1683 venit

61 1720 146 1783 artes
166 1717 236 1784 illas
261 1720 291 1784 iu
314 1720 487 1788 candidatis
515 1722 753 1805 reprehendere3
785 1740 891 1787 earnm
913 1723 1013 1805 inopie
1035 1723 1130 1788 offen·

61 1823 157 1890 debat
187 1824 219 1891 in
251 1825 303 1901 iis,
336 1826 388 1911 qui
418 1847 470 1894 eas
497 1829 625 1911 professi
646 1832 750 1903 erant3
778 1846 848 1893 nam
871 1828 951 1910 qnod
974 1827 1129 1892 interdum

61 1930 218 1997 defeotnm
245 1933 290 1998 rei
318 1952 371 2016 pro
398 1934 467 2017 ipso
495 1954 527 2000 re
549 1934 698 2019 appellari
722 1932 839 2007 dieunt,
860 1932 893 1997 id
915 1932 953 1999 de
975 1932 1045 1997 aliis
1067 1932 1129 1998 for·

2 2059 7 2121 g
60 2038 148 2102 tasse
170 2037 352 2121 quibusdam
366 2039 525 2107 effectibus
540 2042 604 2107 lieri
624 2042 737 2125 potest,
754 2038 934 2122 reprehendi
951 2039 1130 2122 eloquentis

60 2144 118 2207 ant
149 2162 199 2208 ars
232 2143 375 2210 militaris
406 2145 438 2209 in
471 2165 518 2224 eo,
548 2148 600 2231 qni
631 2167 699 2213 eam
728 2164 784 2211 neo
811 2144 904 2211 habet
932 2162 987 2208 neo
1017 2142 1129 2208 habere

61 2246 193 2327 studuit,
216 2250 299 2316 nullo
323 2251 414 2316 modo
436 2255 546 2335 potest.
592 2254 651 2321 Pro
674 2250 1029 2335 reprehenduntur
1051 2256 1130 2329 (re-

1 2376 3 2385 “
60 2353 327 2436 prenduntnr)
359 2358 507 2440 seriptum
544 2359 644 2424 fuerat
677 2378 696 2425 a
729 2356 871 2424 cicerone
904 2356 1129 2442 requiruntur,

60 2460 322 2543 quemadmodum
347 2463 436 2544 paulo
459 2467 527 2545 post
549 2462 704 2548 requiri
729 2465 844 2529 solet.

163 2587 243 2655 lbid.
278 2589 335 2654 98:
379 2593 444 2674 qni
485 2593 728 2668 (sceleratissimi
765 2593 901 2658 homines
937 2610 973 2657 ao
1009 2590 1130 2667 nefarii)

60 2695 278 2777 antequam
312 2696 356 2762 de
387 2717 469 2763 meo
498 2699 672 2764 adventu
705 2699 846 2763 andire
878 2697 1130 2779 potuissent,

59 2819 149 2866 oum
175 2802 331 2866 tantum
362 2803 553 2870 abessent
580 2802 741 2886 aliquot
767 2802 919 2869 dierum
942 2803 1063 2875 viam,
1089 2803 1128 2867 in

60 2905 339 2972 Macedoniam
361 2908 408 2974 ad
433 2909 720 2992 Planciumque
744 2909 910 2990 perrexi.
945 2908 978 2972 Si
994 2908 1129 2973 brevitas

60 3012 218 3077 interualli
241 3016 423 3092 (tantum)
446 3015 680 3098 significaretur,
703 3033 762 3079 non
785 3013 947 3096 aliquot
969 3012 1129 3092 diceretur,

58 3116 118 3183 ssd
152 3135 374 3200 paucorum.
432 3102 560 3187 Codices
597 3120 667 3187 boni
702 3120 741 3195 (b
758 3121 797 3197 Ε)
830 3120 947 3184 habent
982 3121 1129 3185 tamen.

59 3223 197 3289 Videtur
215 3225 325 3290 fuisse:
348 3243 433 3290 oum
455 3226 552 3292 etiam
574 3229 642 3291 tum
665 3226 857 3291 abessent
872 3227 930 3292 eet.

162 3412 226 3479 Pro
248 3413 381 3481 Rabirio
403 3414 487 3482 Post.
511 3417 547 3480 4:
586 3415 666 3482 Hoo
686 3414 761 3480 ille
783 3416 918 3491 natus,
948 3414 1130 3498 quamvis

58 3520 215 3602 patrem
240 3538 351 3586 sunm
373 3539 579 3603 numquam
600 3519 776 3596 viderat,
793 3523 924 3586 tamen
940 3529 977 3590 et
993 3524 1131 3588 natura

57 3627 151 3706 ipsa
185 3625 298 3704 duee,
335 3645 417 3710 qnae
454 3625 669 3708 plurimum
707 3627 835 3704 valet,
873 3628 913 3691 et
948 3627 1130 3694 assiduis

57 3730 379 3798 domesticorum
408 3732 664 3798 sermonibus
694 3734 731 3797 in
760 3733 937 3814 paterna
959 3734 1050 3798 uitae
1072 3734 1128 3798 si·
1231 3768 1236 3772 ·

50 3834 339 3901 militudinem
373 3837 571 3903 deductus
605 3843 676 3903 est.
724 3836 939 3909 certissimum
971 3839 1019 3903 est
1041 3838 1129 3905 Oios-

56 3959 167 4007 ronem
182 3961 239 4007 uon
255 3940 385 4010 dixisse:
404 3944 586 4027 quamvis
609 3947 763 4025 patrem
787 3962 892 4009 sunm
916 3962 1128 4026 numquam

56 4046 236 4125 viderat,
269 4049 324 4114 sed
357 4069 417 4114 non
448 4051 549 4115 minus
571 4053 688 4114 eertum
712 4049 866 4114 neminem
888 4047 1047 4116 librarium
1075 4068 1130 4133 pro

57 4171 295 4237 quamquam
319 4203 329 4218 .
350 4203 357 4218 .
380 4154 542 4222 viderat
569 4154 811 4222 substituturum
836 4156 928 4221 fnisse
951 4156 1132 4238 quamvis

56 4305 100 4322 ..
134 4258 303 4326 viderat.
363 4260 492 4328 Aooedit
527 4261 567 4327 ad
604 4259 829 4326 dubitationem
867 4260 1128 4337 commovendam.

56 4363 151 4449 quod,
174 4365 199 4431 si
221 4363 327 4434 (linere
349 4368 511 4434 Rabirium
534 4385 640 4450 reapse
663 4368 750 4449 patre
770 4370 891 4434 mortuo
907 4368 1013 4432 natum
1030 4367 1130 4451 signi-

54 4469 191 4547 ficasset,
219 4472 412 4554 gravioribus
439 4472 470 4536 id
505 4470 608 4538 verbis
635 4477 666 4537 et
695 4474 902 4541 miserabilius
926 4475 981 4539 ant
1002 4473 1052 4538 hio
1071 4478 1134 4539 aut
