2656 5056
118 198 352 327 ’-ωι
593 253 901 330 mmmm

86 482 88 487 ·
118 488 120 493 ·
156 448 302 551 [alnae
337 463 435 527 enim
465 458 625 542 querela
653 459 726 532 est,
763 457 859 540 qnod
898 458 1198 536 incommodum,
1230 461 1264 534 si,

214 567 400 653 quicquid
422 565 590 630 debebat
622 563 816 635 desinere,
849 562 1019 627 defecit?
1062 563 1201 636 Animus,
1221 564 1263 646 qui

215 674 342 757 quasia
374 671 493 736 Seneca
524 671 682 750 separatus
714 686 785 732 eum
807 667 958 750 dispicere
989 669 1077 734 iubet
1104 673 1137 734 et
1157 672 1264 753 gratum

179 810 181 813 ·
213 778 399 861 intelligere,
431 794 577 859 magnam
614 776 734 875 partem
770 773 1004 856 tranquillitatis
1041 779 1074 838 et
1111 776 1266 848 modestia,
1321 859 1322 878 χ

186 899 188 902 ·
217 903 283 968 quae
305 901 385 947 uunc
414 881 445 945 in
476 880 544 962 ipso
566 879 617 952 sit.
655 898 715 945 non
747 879 845 944 solum
875 879 1028 945 voluntati
1050 899 1112 945 non
1134 880 1268 963 peccandi
1321 909 1322 918 κ

216 988 272 1055 sed
307 989 399 1053 etiam
439 985 568 1051 sublatae
600 986 692 1048 aetate
721 986 867 1066 potestati
898 985 1044 1066 peccandi
1072 985 1194 1063 deberi,
1225 1003 1271 1068 pro

218 1112 340 1158 summa
376 1090 539 1173 iniquitate
587 1092 619 1153 et
658 1090 737 1173 aequi
781 1090 909 1155 interitu
951 1091 1113 1156 habiturus
1151 1095 1212 1164 est.
1249 1093 1271 1155 si

219 1198 303 1264 uolet
337 1198 454 1261 Seneca
485 1195 630 1279 gaudere,
662 1196 741 1279 quod
780 1197 940 1279 quicquam
974 1214 1034 1261 non
1062 1197 1164 1278 pessit
1189 1194 1272 1279 (qued

220 1303 344 1369 omnino
366 1321 430 1366 renr
452 1301 549 1365 ullam
573 1318 632 1364 uon
650 1301 768 1383 possit).
801 1300 928 1365 Nullum
953 1301 1035 1365 eninr
1049 1302 1270 1366 incommodum

220 1427 298 1485 esse,
331 1407 422 1490 quod,
456 1425 523 1488 quae
560 1406 699 1479 desinere
732 1406 894 1489 aliquando
922 1404 1085 1470 debuerint
1117 1407 1207 1483 vires,
1229 1407 1275 1470 de·

220 1512 358 1578 iecerint.
383 1512 483 1578 'Nam
515 1512 684 1577 debebat
712 1512 765 1588 (de
799 1511 951 1581 destinato
977 1511 1040 1575 iarn
1062 1502 1136 1576 a'nte
1158 1516 1278 1586 euentu)

220 1636 275 1699 pro
296 1618 439 1683 debeat
459 1621 541 1682 recte
557 1618 698 1682 Fickertu
720 1618 752 1680 in
775 1618 1057 1690 mentemuenerat.
1080 1619 1134 1682 sed
1147 1616 1276 1682 instabili

220 1723 340 1787 iudicio.
364 1723 506 1806 Sequitur
520 1724 625 1805 paucis
637 1722 804 1787 interiectis
816 1722 833 1805 ᾖ
845 1722 880 1785 4:
904 1722 950 1786 St
966 1723 1051 1804 quis
1064 1729 1135 1797 (scr.
1154 1722 1277 1808 quue)

224 1827 350 1892 exitus
385 1832 445 1919 est
475 1808 611 1893 melici
648 1846 754 1911 quam
788 1828 824 1890 in
859 1826 979 1891 linem
1014 1847 1123 1893 suum
1145 1834 1279 1894 natura

222 1932 401 1997 solvente
423 1933 564 1999 dilabi?
619 1934 699 1998 Non
723 1932 814 2015 quia
836 1932 986 2015 aliquid
1007 1934 1100 1998 mali
1122 1934 1225 1999 ictus
1248 1936 1279 1997 et

223 2037 344 2103 evita
379 2040 606 2123 repentinus
642 2056 840 2115 excessus,
873 2038 940 2102 sed
969 2039 1056 2122 quia
1079 2041 1184 2107 lenis
1211 2043 1279 2106 hae

187 2215 189 2219 y
224 2146 287 2208 est
308 2144 379 2222 via,
400 2146 578 2211 subduci.
612 2146 647 2210 lu
670 2145 775 2230 ictus
798 2149 835 2209 et
858 2145 935 2209 latet
955 2147 1116 2228 praesentis
1138 2147 1279 2229 temporis

223 2250 369 2324 verbnm3
404 2252 485 2334 apud
514 2251 689 2316 Ciceronem
719 2250 752 2314 id
781 2250 963 2316 coniunctivi
998 2252 1081 2317 modi
1116 2252 1281 2319 necessario

226 2344 321 2439 essat3
358 2355 438 2439 apud
463 2356 609 2423 Senecam
643 2371 679 2422 ea
711 2357 760 2421 ler
790 2356 956 2438 negligitur
977 2359 1024 2432 lut
1045 2357 1084 2422 de
1112 2362 1178 2423 vita
1200 2360 1281 2422 beuta

226 2460 276 2537 26,
298 2461 335 2524 5:
357 2480 429 2526 non
449 2463 537 2545 quia
558 2463 649 2537 odit,
673 2463 798 2528 sedin
820 2461 1054 2537 remedium).
1088 2463 1135 2528 Er
1156 2464 1280 2529 etuset

226 2575 309 2645 lnam
334 2569 402 2632 ier
425 2566 524 2648 priore
559 2567 650 2633 verbo
683 2567 825 2643 adhesit)
857 2566 923 2631 fieri
955 2566 1077 2632 videtur
1102 2572 1280 2634 eontinet.

225 2673 391 2756 Aliquanto
434 2672 515 2738 infra
554 2672 575 2758 S
613 2673 633 2736 8
669 2674 734 2737 haec
775 2672 936 2755 leguntur:
981 2672 1170 2738 Desinere
1216 2676 1281 2738 ion

225 2778 393 2843 volebam
419 2779 457 2842 et
482 2797 613 2844 manus
642 2778 850 2861 spectabat
876 2779 923 2844 sd
952 2778 1190 2853 clausulam
1223 2777 1283 2844 sed

227 2884 474 2949 conficienda
494 2888 582 2949 sunt
600 2901 708 2947 sacra
729 2886 769 2947 et
790 2883 881 2948 huie
902 2885 1079 2967 epistolae
1101 2887 1281 2950 viaticum

226 2989 387 3053 dandum
409 2991 477 3054 est.
530 2987 616 3052 Nihil
639 2989 690 3054 hic
712 2990 805 3054 sacris
828 2989 888 3055 loci
910 2993 973 3066 est;
1004 3009 1076 3055 nam
1099 3009 1198 3074 neque
1220 2996 1282 3056 tau·

225 3096 292 3159 tum
320 3094 464 3159 honorem
502 3093 640 3176 epistolis
674 3096 738 3161 suis
763 3095 881 3160 Seneca
904 3094 1008 3168 habet,
1042 3097 1078 3159 nt
1099 3115 1171 3163 cnm
1194 3096 1285 3161 sacris

226 3201 398 3281 comparet,
435 3200 468 3264 et
489 3205 546 3265 hoc
567 3201 634 3265 loeo
656 3201 846 3286 significatur
880 3200 927 3276 id,
961 3202 1042 3283 qnod
1078 3204 1166 3265 extra
1186 3203 1284 3284 ipsum

226 3304 361 3385 epistolae
390 3307 607 3387 argumentum
642 3305 788 3370 accedere
813 3306 919 3403 debet.
982 3306 1183 3371 Scribeudum
1218 3309 1284 3372 est:

226 3409 469 3475 conficienda
489 3412 577 3476 sunt
599 3432 687 3489 cera,
709 3412 790 3494 qnod
812 3412 919 3478 eodem
944 3413 1034 3477 modo
1056 3411 1094 3477 de
1115 3412 1288 3478 rationibus

227 3515 422 3580 conficiendis
454 3515 571 3582 Seneca
600 3517 685 3591 dixit,
722 3536 780 3599 quo
813 3517 919 3582 Cicero
950 3517 982 3580 in
1019 3504 1178 3583 Hortensii
1210 3517 1290 3592 loco,

227 3624 278 3705 qni
309 3625 357 3686 est
384 3621 464 3705 apud
493 3621 627 3688 Nonium
656 3643 685 3705 p.
723 3621 791 3686 193.
849 3624 908 3703 (De
936 3626 956 3703 ξ
987 3623 1007 3685 8
1036 3626 1069 3688 et
1100 3622 1120 3684 9
1149 3622 1210 3686 diri
1232 3621 1290 3686 vol

226 3727 440 3809 mmm
1079 3758 1081 3762 >

226 3878 422 3892 m

245 3976 266 4043 ¹)
294 3976 345 4046 Ep.
363 3978 412 4042 27,
442 3975 627 4034 saltandum
654 3992 711 4033 esse
734 3980 876 4032 noverat
897 3976 1042 4031 iudicaram
1068 3975 1201 4031 Gronorii
1231 3992 1289 4030 sen·

295 4068 389 4122 tenua
417 4069 534 4138 ignarus.
583 4071 709 4126 Perverse
737 4069 877 4125 Fickertns
907 4072 1000 4125 contm
1030 4067 1113 4133 dicit,
1155 4067 1291 4123 interdurn
