2626 5070
265 297 326 360 346
625 295 891 365 Lit.vl11.cap.11.

224 513 336 578 quam
392 511 525 575 parum
577 493 736 559 decoras
786 493 950 558 fortuna
1000 496 1073 556 tuae
1120 490 1253 555 reiicies

225 600 351 665 Prorsus
373 599 512 682 ineptum
533 604 590 675 est,
620 600 720 681 ipsam
744 598 892 662 Marciam
916 616 1007 662 omen
1029 599 1119 662 tsiste
1138 595 1256 659 metitus

224 722 379 768 occurrere
404 721 531 786 cupere;
566 704 704 790 futurum
726 721 804 776 esso,
839 709 874 767 ut
895 703 996 768 tristis
1018 703 1129 768 ominis
1150 703 1206 765 icoc
1222 697 1257 763 sit

225 810 262 875 ad
286 809 497 874 deterrendum
531 828 599 874 eam
632 809 750 874 Seneca
779 809 873 891 ponit
918 808 953 871 in
984 811 1011 871 A
1043 813 1107 873 est:
1137 809 1258 890 ipsuu-

225 934 295 997 qus
342 921 410 991 (nou
453 915 628 997 ipsaque)
672 914 899 980 desiderans
1054 927 1259 979 occurreres.

227 1020 428 1085 scribendum
450 1021 499 1084 cst
520 1019 628 1103 igitur:
675 1020 930 1085 aversaberis
962 1023 1001 1084 et
1021 1019 1167 1084 alienos
1186 1017 1259 1081 iite-

226 1144 286 1190 ros
323 1127 362 1189 at
400 1126 485 1189 tuos
521 1127 737 1208 ipsumque,
776 1147 882 1208 quem
918 1125 1133 1201 decideram
1170 1123 1262 1187 triste

227 1231 417 1296 matribus
439 1249 543 1295 omen
566 1250 755 1303 occurren
778 1230 1002 1314 voluptates
1025 1232 1205 1295 honestus

227 1337 388 1403 reiicics.
446 1338 544 1401 Acuta
566 1333 712 1399 iuturum'
725 1334 842 1400 Sanoua
864 1336 947 1408 dicit
982 1337 1018 1398 ut
1041 1336 1158 1400 Marcia
1177 1336 1265 1416 ipsum,

226 1462 317 1526 quem
339 1441 453 1524 lugeat,
476 1443 644 1506 auersetur.
691 1441 757 1524 [Sic
778 1442 842 1505 iam
865 1441 1040 1517 Rubenius3
1063 1442 1168 1506 omisit
1188 1433 1266 1516 utcu]

328 1544 446 1619 lbd.·3,
478 1547 514 1610 4:
551 1547 674 1625 iilum
707 1547 833 1630 ipsum
856 1548 1029 1611 iuvenem
1058 1546 1268 1631 dignissime

230 1654 398 1736 quietam
423 1671 570 1734 semper
601 1654 819 1718 nominatus
852 1653 1123 1737 cogitatusque
1157 1650 1268 1716 iaciat.

230 1758 391 1824 meliore
424 1777 542 1841 pones
574 1760 675 1832 loco,
704 1760 737 1824 si
769 1760 883 1823 matri
907 1778 995 1838 suae,
1026 1759 1157 1841 qualis
1178 1757 1269 1820 visus

228 1864 402 1940 solebat,
430 1864 648 1947 hilarisque
671 1869 710 1929 et
732 1884 813 1930 oum
835 1865 973 1949 gaudio
995 1866 1180 1930 occurrit
1231 1857 1270 1921 Sit

229 1969 352 2044 Atuisi
374 1971 454 2052 quod
477 1971 619 2036 hilaris
652 1980 783 2054 quam).
826 1971 918 2061 Multi
953 1972 1028 2048 (iam
1052 1970 1181 2040 librariii
1203 1965 1269 2046 uig-

229 2075 451 2151 nissimum;
485 2077 617 2142 Haasius
647 2077 738 2141 ctiam
770 2077 836 2158 qui
859 2080 896 2140 te
919 2076 992 2141 addi
1015 2076 1120 2161 ¹voluit
1152 2073 1223 2158 (qui
1243 2070 1270 2131 te

229 2182 399 2263 quietam
430 2231 498 2246 ...
527 2183 669 2251 faciau.
727 2182 786 2247 Scd
817 2183 922 2264 inepta
950 2183 980 2246 iu
1012 2182 1070 2246 hac
1100 2201 1134 2247 ro
1161 2173 1269 2256 tiatiuis

226 2288 407 2370 prasertim)
423 2286 534 2369 quietis
551 2289 649 2363 uctio;
673 2288 821 2354 vcuumiu
837 2288 985 2352 vocabulo
998 2289 1102 2370 inepto
1126 2286 1158 2350 id
1179 2284 1269 2366 ipsum,

227 2394 306 2477 quod
339 2393 498 2474 quaeritur,
531 2394 629 2458 iucst:
673 2395 968 2478 dignissimum,
1009 2395 1075 2478 qai
1107 2404 1139 2453 ce
1171 2390 1271 2452 luico

228 2498 367 2574 (letam)
403 2516 553 2581 semper
593 2499 814 2564 nominatus
848 2499 1128 2582 cogitatusque
1160 2489 1269 2560 iaciat-

229 2607 336 2688 itaque
368 2603 447 2687 quod
477 2604 550 2668 alibi
581 2603 652 2684 (voi.
682 2606 695 2668 i
726 2627 752 2682 p.
783 2604 837 2689 30)
869 2625 886 2670 c
914 2606 1057 2687 quictis
1088 2623 1195 2668 nomeu
1225 2587 1271 2678 qui

229 2732 307 2794 stupe
330 2714 431 2776 ortum
454 2711 525 2789 dixi,
548 2711 690 2776 hocloco
714 2715 899 2778 contrarium
923 2710 1045 2776 accidit.
1101 2711 1179 2775 Tum
1203 2713 1272 2783 repo·

228 2818 361 2882 nendum
386 2836 452 2882 essa
475 2828 659 2880 occurret
680 2819 756 2883 satis
780 2821 829 2883 est
850 2818 943 2882 verbo
966 2816 1087 2880 dixisse.
1101 2817 1126 2891 ¹)

291 3076 426 3086 v>——-·...

259 3252 280 3316 ¹)
299 3252 363 3321 Cap.
392 3255 417 3316 4,
453 3255 469 3307 4
504 3251 624 3305 tamam
654 3252 769 3306 editores
799 3251 861 3306 indc
894 3249 928 3304 ab
960 3250 1070 3304 Erasmo
1101 3216 1297 3345 intellexeross:

298 3343 464 3413 appellatam
482 3346 667 3396 liberrimam
678 3348 746 3413 (qua
759 3344 834 3399 nullo
854 3348 928 3397 metu
943 3342 1146 3410 compiimatur]
1166 3343 1242 3411 prin
1256 3338 1297 3381 0⁴

298 3453 373 3507 pum
393 3435 555 3504 iudicem
584 3436 726 3491 Fickertus
745 3442 773 3490 et
793 3437 915 3494 Haasius
940 3418 1011 3503 quod
1040 3433 1169 3488 librarius
1188 3435 1198 3487 i
1218 3417 1297 3500 su?

298 3544 403 3584 vorsum
422 3544 514 3598 parum
534 3529 667 3599 produxit,
696 3532 727 3583 ut
745 3545 792 3598 pro
808 3529 834 3582 ii
858 3531 1011 3583 nasceretur
1033 3543 1059 3589 u,
1087 3526 1289 3582 ubertim?

300 3620 435 3690 appellaui
459 3621 602 3679 iusserunt,
632 3638 689 3690 qua
716 3627 786 3676 esset
816 3621 913 3675 iudicis
938 3619 1058 3682 ubertas,
1088 3620 1179 3674 necao
1206 3612 1297 3674 uus!

197 3746 203 3752 .
299 3713 413 3768 scientes
443 3730 479 3768 an
507 3730 560 3767 uon
588 3719 718 3769 curantes.
764 3714 963 3769 Collocutus
1000 3729 1046 3782 pro
1082 3713 1275 3767 collocator

301 3805 353 3859 etsi
380 3809 422 3859 cst
445 3807 473 3859 iu
502 3807 533 3868 ii,
562 3811 651 3861 tamen
679 3806 750 3876 apud
774 3808 903 3861 Haasium
927 3807 1078 3878 typothstis
1107 3805 1201 3860 deberi
1222 3782 1297 3860 ma]

298 3896 411 3955 creuere.
459 3899 492 3955 Iu
518 3900 637 3970 generali
664 3900 713 3953 hac
747 3901 883 3955 sannatia
907 3901 977 3954 nihil
1009 3900 1059 3952 luci
1096 3902 1141 3952 est
1166 3894 1297 3953 iomisit

299 3989 397 4055 ganesi.
