2648 5084
152 335 161 355 0
252 299 315 364 632
611 295 881 388 lullLCupll.

210 497 325 563 excidit
333 495 537 580 familiam
557 497 754 580 somatum
774 498 930 560 extremas
943 496 1073 562 litteras
1087 497 1253 572 (lianlsas

211 603 291 668 dem.
343 602 404 668 Cir.
427 602 497 667 Ver.
534 603 572 666 2:
603 605 713 685 patre
745 602 791 666 ab
810 600 1015 667 Hadriano
1047 595 1299 685 adoptstoir''

210 707 406 774 familiam
449 707 590 772 Bliam
640 707 808 773 devenit
848 706 921 784 (ΕΙ.
958 706 999 771 2:
1034 707 1076 771 in
1104 708 1256 774 AElioron

211 814 429 896 familiam.)
472 814 670 896 Andaniam
691 815 843 897 gentem
864 813 1030 879 dixissent

311 920 380 987 lbd
415 919 469 983 13:
511 920 774 984 'l'nneantem
812 920 1007 985 Antonini
1035 921 1147 1004 leges
1172 938 1258 1002 sepe·

211 1027 337 1093 liendi
369 1025 744 1108 sepulchrorumqno
779 1026 1026 1108 asperrimas
1057 1030 1261 1094 sanxerunt

211 1133 362 1218 quando
388 1130 544 1215 qnidam
563 1136 769 1208 caverunt,
796 1151 840 1196 ne
868 1132 956 1214 quis
978 1133 1096 1199 selle
1119 1133 1262 1200 solatri

210 1243 365 1305 earetnr
403 1237 675 1320 sepulchrum,
709 1238 807 1322 quod
850 1237 1053 1321 hodieque
1094 1242 1262 1306 servatur.

211 1345 379 1410 infeliciter
411 1343 578 1426 oorrignnt
632 1342 787 1426 Scriptum
823 1345 918 1408 fnisse
951 1345 1083 1428 opinor:
1124 1366 1169 1411 ns
1200 1345 1264 1429 onis

209 1449 312 1514 oilla
332 1449 550 1535 applicaret
573 1449 842 1532 aepnlohrnmr
864 1451 923 1514 nisi
946 1452 1019 1532 quis
1055 1453 1264 1519 adfabrica-

209 1562 321 1623 retur
341 1559 473 1622 retinere
493 1555 597 1621 audet

310 1663 377 1728 lbd.
426 1663 477 1724 ll:
543 1661 688 1727 Contra
731 1660 945 1728 Germanos
989 1681 1055 1728 res
1099 1665 1264 1731 feliciter

209 1771 346 1854 gessit
390 1768 574 1852 Speeiale
609 1768 695 1850 ipse
741 1767 885 1833 bellam
918 1768 1264 1835 Marcomanniam

207 1876 277 1942 sed
299 1880 487 1959 qnantum
512 1876 569 1949 (sie
591 1877 675 1939 reete
697 1875 789 1940 Peter
811 1893 846 1938 ex
870 1874 1021 1958 autmpio
1048 1895 1105 1958 pro
1129 1881 1265 1959 quanto)

209 1984 318 2048 nulla
345 2001 506 2064 unquam
534 1981 719 2046 memoria
742 1979 837 2052 init,
874 1999 956 2045 enm
994 1982 1169 2059 virtute,
1204 1986 1264 2046 tun

209 2089 328 2153 etiam
365 2088 566 2153 felicitate
596 2087 809 2170 transegit.
866 2084 964 2151 Serio.
994 2085 1181 2172 speciali
1200 2090 1265 2172 ipse

208 2196 350 2261 bellum
373 2194 485 2261 llere.
595 2211 677 2256 enm
700 2192 861 2267 virtute,
897 2195 975 2257 tum
1000 2194 1125 2260 etism
1150 2195 1265 2261 ieliei·

207 2305 288 2367 tate
309 2300 514 2384 transegit.
565 2297 633 2383 [Sie
655 2295 804 2381 Cosano]

308 2406 374 2473 lod
399 2405 454 2470 18:
498 2403 605 2470 Unde
637 2403 756 2469 etiarn
790 2403 980 2485 templum
1019 2406 1058 2470 ei
1081 2409 1265 2473 eonstitu-

204 2516 304 2587 tnm,
341 2512 423 2577 dati
455 2510 678 2575 sacerdotes
711 2510 964 2575 Antoniniani
999 2514 1037 2576 et
1060 2512 1220 2579 sodales
1238 2518 1266 2576 et

205 2619 388 2686 flamines
409 2619 448 2681 et
468 2617 603 2689 omnia,
626 2635 704 2698 quae
725 2616 769 2680 de
791 2616 1012 2693 saerata(B;
1034 2617 1063 2681 P
1084 2623 1264 2689 sacratas}

205 2725 382 2790 decrevit
403 2723 630 2806 antiquitas.
674 2721 726 2787 Sis
747 2722 879 2797 eodiees;
903 2723 1000 2787 ednnt
1020 2723 1067 2787 de
1089 2727 1264 2797 sacratis

204 2831 260 2896 sed
281 2834 349 2895 tom
379 2828 583 2895 omittendum
613 2831 681 2892 erat
711 2811 773 2900 de,
810 2847 881 2893 nam
909 2831 1101 2895 consecratis
1137 2833 1203 2898 hae
1223 2833 1265 2895 de

203 2938 413 3003 cernebantur.
466 2935 491 2999 Ε
525 2934 593 3000 eod.
626 2934 651 2998 B
685 2933 816 2999 effieitnr
848 2937 1024 3020 perspicue:
1064 2940 1106 3001 et
1139 2940 1265 3010 omnia

202 3062 284 3126 qaas
306 3043 380 3105 nde
400 3045 556 3108 saerata
577 3038 753 3106 deoresit
774 3038 1001 3122 antiquit-as.
1055 3041 1163 3109 Semel
1182 3045 1266 3126 scrip

154 3193 156 3198 -
203 3150 271 3214 tam
293 3153 342 3214 est
365 3170 399 3224 α,
422 3166 492 3213 oum
514 3147 562 3212 bis
584 3145 719 3211 deberet

302 3255 368 3321 lbd.
392 3254 447 3318 25:
481 3252 604 3317 Simul
629 3251 746 3334 petit,
771 3269 815 3315 ne
839 3252 901 3334 qui
923 3255 1078 3317 senator
1102 3257 1266 3340 tempore

202 3362 447 3446 principatus
482 3357 826 3431 snioeoideretnr,
860 3377 904 3423 no
926 3358 1009 3423 eius
1032 3360 1266 3441 pollueretur
1315 3396 1316 3399 =

200 3467 420 3549 imperinm.
465 3465 551 3529 Ferri
569 3463 676 3546 nequit
698 3464 781 3530 sius
804 3483 857 3546 pro
878 3481 995 3536 sunm,
1018 3469 1196 3546 prasertim
1207 3471 1266 3551 post

201 3573 260 3637 sni
282 3572 341 3656 (ne
362 3572 421 3638 sni
442 3619 471 3635 ..
488 3590 537 3636 ne
559 3571 666 3642 eins).
690 3569 840 3634 Videntur
853 3571 963 3635 litterae
976 3575 1052 3645 tres,
1064 3589 1131 3639 nna
1146 3576 1265 3647 adiectu,

199 3678 410 3763 geminanda:
432 3697 587 3742 naneae
609 3675 693 3740 sius
716 3676 895 3754 (senatoria)
920 3676 1008 3758 poll
1032 3678 1124 3761 imp.

301 3782 392 3848 Asid.
430 3782 515 3851 (loss.
558 3782 598 3848 8:
653 3779 792 3847 dicens
837 3781 1024 3846 meruisse
1067 3783 1264 3856 Neronem,

200 3886 384 3954 debuisse
417 3889 654 3973 Caligulam,
687 3885 876 3953 Othonem
910 3892 946 3951 et
975 3888 1184 3956 Vitellium
1205 3907 1265 3956 nee

199 3990 395 4073 imperare
415 3992 599 4060 voluisse.
646 3992 771 4058 Etiam
796 3994 841 4060 de
864 3992 1068 4058 Pertinere
1090 3999 1131 4061 et
1153 3996 1265 4064 Galba

197 4097 309 4178 paria
330 4098 543 4175 sentiebat,
569 4117 664 4163 enm
688 4097 838 4164 diceret
866 4099 903 4163 in
927 4088 1169 4183 imperatore
1188 4121 1263 4168 ava·
