2654 5010
225 280 286 343 216
586 277 645 333 Lib.
666 278 702 332 11.
721 277 787 346 Cap.
804 275 856 333 tv.

183 479 327 556 tatem,
350 479 453 562 quod
475 479 546 544 hac
566 476 781 557 uoluptate
810 494 889 541 non
920 476 1084 558 capior.
1134 478 1255 544 Assilui-

184 584 261 651 tatis
294 586 411 651 mentio
443 585 607 651 manifesto
639 599 699 647 nou
729 600 800 648 eum
829 579 877 646 rei
898 582 1032 667 frigida
1056 584 1256 660 (certaminum

186 690 274 767 circi)
303 691 525 774 appellatione,
557 691 612 757 sed
645 708 714 755 cnm
748 687 910 777 homiuum
948 687 1038 755 ludis
1070 689 1257 756 assidentium

187 796 409 882 significatione
433 796 645 884 coniungenda
666 797 723 875 est,
744 794 826 878 qnod
845 792 1085 862 intellexeruut
1099 796 1202 874 etiam,
1215 799 1258 880 qui
1308 821 1310 838 ⁴

187 902 351 969 assidue
373 904 561 986 scripserunt
581 903 636 969 aut
656 900 806 984 scriptum
821 901 1010 982 probarunt.
1050 901 1114 968 Sed
1134 904 1258 985 ineptum

188 1012 237 1074 est
272 1009 438 1076 assidue
473 1008 916 1098 tam=sinsatiabiliter3
965 1008 1186 1074 scribendum:
1217 1028 1259 1076 ao·

188 1113 344 1180 uiduitate
370 1117 449 1180 tam
476 1113 653 1182 insatiabili
682 1113 880 1179 desidere.
924 1113 1040 1179 Meudi
1065 1115 1190 1180 initium
1212 1116 1261 1179 init

188 1220 363 1285 litterarum
387 1221 473 1286 tate
494 1222 665 1324 autetam
689 1220 822 1285 omissio.

289 1324 367 1389 ibid.
390 1325 430 1405 X,
453 1328 502 1405 58,
524 1330 545 1390 4
567 1325 694 1404 (Keil.):
726 1326 889 1407 ltaque,
912 1329 1111 1407 quamvis
1145 1329 1260 1393 eidem

189 1430 295 1497 tolia
316 1433 487 1499 crimina
510 1430 960 1516 applicarentur,nihil
982 1431 1260 1499 decernendum

189 1538 331 1619 putavi
353 1542 411 1604 cet
456 1541 597 1623 Ineptum
626 1538 658 1602 in
684 1537 742 1602 hac
763 1537 918 1619 scripturn
941 1537 1080 1604 eidem
1106 1560 1162 1624 pro
1183 1541 1217 1605 ei
1235 1545 1261 1604 et

189 1640 317 1724 pluralis
347 1663 501 1724 numerus,
531 1644 677 1728 qnoniam
705 1662 798 1707 unum
829 1643 946 1708 crimen
972 1645 1191 1728 significatum
1212 1658 1259 1711 eut.

190 1746 349 1814 Sententia
376 1753 409 1815 et
436 1751 533 1817 oratio
555 1749 719 1828 constabit,
751 1749 778 1812 si
810 1748 1048 1831 scripserimus:
1086 1753 1259 1836 quamuis

191 1852 320 1919 eidem
355 1862 391 1922 et
420 1855 487 1924 ulia
519 1857 690 1922 crimina
720 1859 779 1920 cet.
833 1853 1011 1921 Confirmat
1033 1860 1259 1933 correctionem,

190 1959 273 2041 qnod
293 1959 325 2024 in
348 1961 472 2027 Traiani
492 1980 540 2044 ep.
562 1964 603 2026 60
624 1963 752 2046 legitur:
783 1961 816 2025 si
843 1961 940 2043 qoid
971 1962 1049 2028 illi
1072 1967 1169 2031 novi
1190 1968 1258 2029 eri·

190 2064 312 2131 minis
334 2067 541 2134 obiicitur.

292 2183 371 2249 ibid.
395 2186 457 2265 §7
487 2191 531 2263 (in
562 2186 662 2252 edicto
691 2186 755 2251 divi
783 2185 921 2263 Nervaett
957 2185 1152 2264 Quadam
1183 2189 1256 2254 sine

191 2286 327 2367 dubio,
344 2290 543 2370 Quirites,
566 2293 654 2375 ipsa
675 2292 859 2358 felicitas
880 2293 1115 2374 temporum
1132 2296 1255 2371 edicit,

191 2412 262 2461 nec
282 2398 529 2477 spectandus
552 2402 614 2464 est
634 2400 670 2464 iu
692 2399 741 2464 iis
757 2401 880 2464 bonus
894 2398 1111 2482 princeps,
1129 2404 1254 2485 quibos

191 2499 308 2566 illnm
341 2502 529 2590 intelligi
561 2504 664 2569 satis
696 2507 757 2568 est
778 2505 837 2568 cet.
886 2504 984 2569 Pravo
1008 2509 1169 2572 contraria
1190 2509 1252 2591 poni

191 2609 438 2689 spectandus
466 2612 499 2675 et
525 2609 716 2693 intelligi
744 2628 800 2674 nec
829 2611 953 2675 omniuo
975 2610 1036 2677 hoc
1060 2612 1130 2680 loco
1153 2614 1204 2700 agi
1223 2614 1253 2678 de

191 2714 382 2796 spectatione
404 2715 550 2798 principis
572 2721 603 2781 et
623 2716 833 2792 aestimatione,
865 2713 920 2780 sed
942 2715 999 2781 hoc
1028 2718 1210 2802 significem,
1228 2720 1252 2783 in

192 2820 345 2886 nonnullis
367 2822 458 2887 rebus
486 2823 676 2888 uoluntatem
705 2823 851 2905 principis
880 2821 977 2886 etiem
1006 2825 1077 2889 sine
1108 2826 1210 2891 edicto
1228 2828 1252 2888 et

190 2925 304 2992 litteris
336 2927 481 3012 intelligi,
515 2930 708 3011 perspectum
740 2928 801 2992 iarn
832 2928 870 2991 ab
901 2926 973 2992 aliis
1005 2928 1102 2997 uideo
1137 2934 1251 2997 restitu-

191 3034 320 3117 tumque
361 3052 379 3098 e
419 3033 575 3100 codicibus
618 3033 930 3117 exspectandum
982 3034 1038 3099 sed
1084 3037 1251 3104 adhibenda

191 3139 252 3204 alia
284 3139 460 3205 emendatio
498 3142 561 3215 est;
603 3157 698 3223 neque
738 3139 820 3205 enim
852 3141 1077 3223 exspectationi
1110 3149 1185 3228 apta
1213 3149 1251 3209 est

189 3243 262 3309 boni
294 3245 441 3329 principis
473 3245 600 3322 mentio,
634 3246 689 3312 sed
722 3248 801 3325 novi,
836 3244 1033 3329 pertinetque
1068 3251 1139 3315 tota
1170 3250 1251 3315 edicti

190 3350 330 3433 praeiatio
352 3352 390 3417 ad
420 3352 508 3417 initia
534 3355 606 3417 novi
635 3352 765 3435 imperii,
794 3352 826 3416 iu
850 3353 960 3434 quibus
981 3355 1134 3420 nonnulla
1162 3356 1251 3420 Nerua

191 3475 245 3539 per
266 3477 298 3523 se
322 3458 414 3524 etiam
437 3460 503 3524 sine
526 3457 626 3525 edicto
647 3456 779 3542 intelligi
803 3458 888 3523 dicit.
925 3457 1131 3526 scribendum
1147 3463 1251 3545 igitm:

190 3566 553 3648 necexspectaudus
569 3571 630 3631 est
652 3567 690 3630 in
713 3565 1107 3647 iisnounsprinoeps,
1123 3566 1252 3650 quibus

190 3666 237 3743 (in
259 3670 442 3753 quibust)
464 3671 579 3736 illum
601 3669 791 3754 intelligi
813 3669 917 3734 satis
940 3672 1013 3735 est.

289 3774 369 3841 ibid.
394 3777 443 3854 61,
468 3779 486 3838 2
509 3777 560 3853 (de
583 3778 651 3843 lecu
678 3776 798 3842 flumini
827 3775 873 3841 sic
901 3775 1070 3860 iungendo,
1101 3781 1138 3843 ut
1158 3784 1251 3844 mmen

188 3882 467 3966 margointersit):
489 3883 555 3948 Sic
576 3883 937 3967 couseqnemnr‚ut
959 3901 1032 3949 uec
1054 3904 1178 3950 uacuo
1198 3886 1251 3949 ui·

188 3982 332 4050 deutur
353 3984 516 4053 flumini
538 3989 814 4067 mixtusssacus)
830 3992 869 4055 et
891 3989 946 4054 sit
967 3990 1140 4071 perinde
1161 4010 1203 4056 oc
1221 3990 1250 4053 si

187 4089 417 4158 misceatur.
461 4094 505 4158 lix
526 4095 583 4161 hac
599 4095 723 4160 evantii
746 4095 902 4176 editionis,
925 4116 994 4180 qnae
1015 4096 1131 4163 codicis
1152 4096 1250 4162 amissi
