2580 5054
219 308 240 367 6
599 300 659 354 Lib.
680 299 701 354 1.
722 304 788 371 Gap.
807 303 828 357 Ι.

178 504 263 569 tihns
285 500 369 565 urhis
391 501 540 566 matronis
563 500 711 566 Minerva
731 499 763 565 in
786 519 855 566 aree
872 505 970 584 atque
994 502 1112 584 templo
1127 504 1227 568 ollemt
1250 503 1251 507 ’

179 609 349 691 Postquam
372 607 468 690 igitur
482 606 609 672 Hecuba
631 607 663 670 in
686 605 860 673 cubiculum
877 601 1082 689 (θάλαμον)
1098 608 1228 675 edoratnn

176 713 374 781 descendisse
393 712 477 778 dicta
498 713 556 785 est,
577 713 643 778 haec
664 713 811 798 leguntur
832 725 874 790 (v.
898 715 964 778 289
987 725 1092 799 sqq.):

263 814 339 890 ἔνθ’
362 826 442 887 ἔοαν
463 823 496 886 οί
518 822 655 895 πέπλοι,
679 820 896 906 παμποίκιλα
920 828 1006 908 ἔργα
1028 823 1194 908 γυναικεία

266 926 444 1002 Σιδονίων,
465 921 527 1000 eric
548 919 653 1001 ον’τός
676 921 899 1012 Ἀλέξανδρος
924 924 1095 1013 θεοειδής

262 1031 369 1122 ἤγαγε
393 1032 614 1117 Σιδονίηθεν,
637 1031 788 1109 ἑπιπλοίς
809 1028 907 1120 εὐρέα
931 1030 1083 1113 πόντον,

260 1137 328 1226 triv
351 1135 432 1207 ὁδόν
453 1134 498 1224 ἢν
518 1138 664 1226 Ἑλένην
685 1168 750 1227 περ
773 1136 948 1230 α’νήγαγεν
972 1147 1201 1229 εὐπατέρειαν.

281 1248 332 1312 Sic
353 1248 434 1313 hune
455 1248 557 1313 locum
579 1250 726 1331 scriptum
750 1250 926 1315 habuerunt
950 1269 1011 1315 non
1034 1251 1139 1316 solnm
1153 1266 1235 1333 grun-

179 1353 295 1429 matici,
320 1353 513 1429 scholiorum,
537 1375 604 1438 quae
631 1360 667 1420 ad
700 1374 753 1421 nos
777 1361 990 1438 peruenerunt.
1015 1362 1166 1424 auctores.
1188 1353 1234 1422 oe
1262 1343 1263 1346 ¹

178 1461 215 1525 ut
237 1460 368 1538 videtur,
398 1463 491 1528 etiam
518 1460 628 1527 Strabo
657 1462 725 1536 (lib.
751 1461 765 1524 1
788 1484 816 1546 p.
839 1464 877 1523 41
902 1461 984 1546 Cas,
1008 1463 1064 1527 uhi
1088 1466 1187 1528 tamen
1206 1456 1236 1531 ίι
1268 1525 1269 1529 ,

179 1567 305 1652 legitur)
328 1570 361 1633 et
382 1587 418 1633 eo
441 1570 530 1652 louge
552 1568 708 1653 antiquior
729 1569 912 1645 Herodotus,
943 1567 999 1650 qui
1015 1569 1076 1635 hos
1093 1567 1236 1634 versnslh

182 1674 241 1735 116
263 1674 388 1755 profert
412 1694 599 1759 quamquam
621 1694 717 1758 neque
742 1677 823 1757 apud
843 1673 1038 1740 Herodotum
1056 1695 1158 1758 neque
1171 1671 1236 1756 apnd

177 1778 363 1844 Strabonem
385 1801 422 1846 aa
444 1801 499 1848 ron
522 1783 569 1847 vel
592 1784 692 1866 polius
714 1803 749 1847 ea
771 1782 886 1853 littora
909 1779 948 1845 de
968 1800 1034 1864 qna
1048 1782 1119 1846 sola
1134 1784 1237 1847 couno
1267 1844 1268 1847 ,

178 1884 312 1949 veroium
334 1888 536 1963 movebimus,
558 1889 729 1972 quidquem
750 1890 788 1953 ad
811 1887 983 1953 testimonii
1006 1887 1169 1952 Homerici
1188 1885 1237 1948 rin

176 1993 212 2053 et
232 1991 416 2057 seutentiam
440 1996 584 2075 pertinet.
629 1998 745 2079 Iraque.
768 1997 803 2060 ut
818 1996 906 2059 veroa
923 2011 1004 2057 nnnc
1021 1993 1151 2068 habent
1166 1992 1238 2057 Puris

167 2100 322 2185 'narratur
354 2098 468 2166 Sidone
502 2120 560 2166 non
594 2111 710 2167 vestem
743 2102 910 2184 pretiosam
932 2101 1060 2165 Troiam
1084 2100 1238 2167 odaeum

177 2202 235 2267 sed
256 2204 403 2271 mulieres
425 2207 610 2285 Phoenissae,
634 2229 702 2291 quae
717 2209 814 2274 'lroiae
835 2207 1012 2273 huiusmodi
1036 2213 1158 2273 restem
1180 2223 1238 2271 con·

176 2312 313 2376 tinerent.
368 2313 477 2396 Neque
512 2316 617 2397 ignoro
649 2335 745 2399 nuper
776 2336 811 2380 ex
837 2315 895 2378 hac
925 2314 1105 2381 narratione
1128 2314 1235 2397 longius

175 2419 273 2484 etium
295 2419 500 2485 coniecturam
524 2422 647 2486 ductam
679 2442 755 2499 esse,
784 2430 817 2487 ut
845 2423 876 2486 in
906 2422 975 2486 aliis
1006 2440 1135 2504 quoque
1157 2437 1236 2504 gene-

176 2526 263 2591 ribus
285 2527 391 2593 itidem
414 2546 463 2592 ars
491 2528 706 2612 opificiumque
736 2527 910 2593 Phoenicum
944 2527 1072 2592 Troiam
1108 2525 1236 2592 tradnct

141 2639 143 2642 ‘
175 2633 380 2699 crederentur.
423 2632 504 2699 Mihi
536 2639 637 2700 lamen
671 2635 868 2701 manifestum
900 2634 1032 2707 videtur,
1062 2635 1167 2699 totum
1188 2631 1235 2696 hoc

175 2743 386 2805 commentum
422 2760 441 2806 a
472 2744 601 2823 poeticae
634 2742 813 2807 narrationis
846 2739 1047 2821 simplicitate
1080 2743 1115 2804 et
1143 2741 1181 2805 ab
1207 2757 1236 2802 ea

177 2864 279 2911 rerum
312 2849 418 2924 torma,
442 2867 534 2930 quam
567 2849 774 2931 antiquissimi
802 2853 901 2931 poetae
930 2847 1030 2911 menti
1053 2849 1235 2913 obversatam
1274 2887 1275 2890 =

177 2953 271 3018 luisse
293 2954 355 3019 veri
377 2953 478 3018 simile
500 2957 557 3033 est
582 2956 670 3038 longe
692 2954 864 3020 abhorrere.
908 2952 1018 3036 Neque
1041 2954 1129 3019 enim
1150 2959 1236 3037 poeta

175 3064 226 3124 est
255 3059 414 3125 hominem
448 3061 534 3127 miris
568 3082 620 3144 per
650 3062 774 3126 ultimos
807 3078 876 3126 oras
907 3060 1063 3126 erroribus
1095 3061 1234 3127 iactatum

176 3166 321 3232 iuducere
342 3166 454 3232 artium
478 3167 728 3257 opificiommque
750 3165 875 3232 aliunde
897 3164 937 3230 ed
957 3184 1031 3232 suos
1046 3169 1131 3233 eires
1146 3169 1235 3232 trans·
1279 3157 1280 3161 ’

176 3273 369 3338 ferendorum
402 3275 529 3340 consilia
562 3276 805 3359 persequentem,
841 3273 895 3339 sed
928 3292 964 3336 en
997 3274 1179 3358 peregrinis,
1210 3273 1235 3335 in

172 3399 253 3463 quas
284 3378 435 3446 deductus
468 3381 518 3453 eit
551 3381 643 3445 terris
675 3399 723 3444 res
755 3398 841 3445 ceras
875 3381 908 3444 et
936 3381 1089 3462 pretiosas
1119 3380 1236 3462 suisque
1281 3401 1282 3405 ¹

174 3489 296 3570 ignotas
328 3487 358 3550 in
392 3487 525 3568 patriam
559 3489 750 3558 referentem,
784 3485 1048 3568 quemadmodum
1085 3490 1180 3552 etiam
1211 3485 1236 3547 iu

172 3592 321 3678 Odyssea
343 3594 420 3658 libro
445 3592 495 3666 lv,
519 3594 580 3656 618
602 3595 633 3657 et
659 3592 726 3668 XV,
765 3595 822 3654 llo
855 3590 894 3656 de
926 3591 1071 3657 Menelao
1105 3594 1237 3657 narratur

174 3698 280 3763 itidem
303 3699 447 3766 Sidonem
470 3699 610 3793 advecto.
654 3700 701 3764 Ne
723 3698 864 3781 antiquos
879 3699 1003 3780 quidem
1020 3698 1136 3764 fefellit
1152 3699 1236 3763 mira·

171 3806 265 3869 tionis
289 3809 321 3870 et
342 3806 519 3871 offensionis
534 3805 648 3889 aliquid
665 3805 744 3870 hanc
759 3804 962 3870 narrationem
979 3804 1114 3880 habere;
1138 3808 1237 3886 itaque

169 3908 212 3971 ad
245 3927 312 3974 eam
345 3913 544 3977 offensionem
581 3912 749 3977 tollendam
782 3914 812 3976 in
846 3909 970 3977 scholiis
1003 3915 1172 3978 annotetur
1203 3909 1237 3975 ad

174 4012 295 4078 Paridis
323 4019 462 4084 studium
489 4022 522 4085 et
548 4039 652 4087 euram
675 4019 899 4106 (περιεργίαν)
927 4017 1144 4084 declarandam
1176 4038 1238 4102 per·

168 4119 280 4196 tinere,
313 4122 395 4204 quod
427 4143 486 4190 uon
519 4124 617 4190 solnm
651 4126 765 4201 vestes,
800 4124 855 4190 sed
876 4127 971 4190 etiam
994 4124 1152 4207 mulieres,
1175 4143 1238 4209 qua
