2626 5070
57 322 62 331 .
187 267 193 280 '
256 287 318 351 320
614 285 772 340 1111111.
795 285 901 354 capr.

214 491 255 554 ut
270 485 434 552 absurde
455 483 706 568 grauissimis
721 482 1084 566 virorumoperibus
1099 485 1276 563 inserens,

214 593 391 676 maligna
413 590 607 656 relatione
638 587 973 671 eomprehendam,
1003 590 1085 665 sed,
1108 592 1197 674 quia

214 696 406 781 producta
429 696 473 761 ad
502 695 681 779 populum
787 694 886 758 nihil
916 714 935 759 a
961 697 1111 761 tuorum
1139 697 1275 780 ampli·

213 802 347 869 tudine
382 801 641 886 degenerasti,
685 800 880 865 honorata
919 801 1103 867 memoria
1145 803 1275 885 prose·

214 928 316 992 quar.
369 908 402 974 si
434 927 467 975 11
497 907 684 972 inserturum
712 904 926 988 Semproniam
962 906 1107 989 'Velanius
1144 912 1274 993 negaret,

214 1016 382 1081 absurde
408 1017 604 1087 inserens,
644 1030 703 1075 non
731 1011 870 1078 utabe.
903 1012 973 1076 ins.
1010 1013 1196 1096 scripsisset,
1226 1030 1274 1079 neo

214 1123 282 1187 tum
305 1118 441 1206 maligna
463 1119 573 1186 relatio
598 1120 689 1191 esset,
711 1116 766 1182 sed
787 1117 893 1199 inepta
913 1121 945 1184 at
966 1120 1072 1184 stulta.
1125 1120 1169 1186 Ut
1193 1120 1274 1186 Sem·

214 1227 352 1310 proniam
388 1226 549 1301 Valerius,
573 1223 645 1309 quia
666 1222 814 1305 producta
835 1224 875 1289 ad
896 1225 1043 1307 populum
1065 1244 1125 1291 non
1150 1228 1274 1312 degene-

214 1332 294 1398 rarit
321 1352 340 1398 a
367 1333 441 1410 suis,
474 1331 623 1398 honorata
657 1333 805 1399 memoria
831 1331 1039 1414 prosequitur,
1072 1333 1119 1397 sic
1144 1335 1273 1418 maligna

216 1428 325 1503 relatio
347 1437 451 1502 futura
471 1441 547 1516 erat,
569 1439 596 1503 si
614 1457 703 1504 secus
723 1438 763 1503 de
785 1439 850 1504 eius
871 1437 911 1503 ad
932 1437 1078 1521 populum
1100 1437 1190 1503 aditu
1202 1438 1273 1504 iudi-

215 1544 346 1617 caretur,
367 1542 458 1626 idque
479 1544 626 1609 iudicium
649 1544 711 1609 illis
733 1545 834 1610 verbis
863 1547 904 1610 ut
924 1542 1087 1609 absurde
1108 1563 1155 1627 31.
1178 1563 1206 1611 v.
1226 1563 1271 1626 op.

212 1649 397 1715 inserens
425 1649 571 1716 contineri
602 1649 705 1716 debet.
755 1649 928 1733 Scripserut
945 1649 1108 1724 Valerius,
1141 1650 1271 1732 quamvis

213 1755 311 1820 audax
335 1755 477 1835 rideatur
498 1758 662 1824 correctio:
699 1777 772 1822 non
803 1759 845 1822 ut
875 1754 1042 1820 absurde
1071 1757 1272 1839 11311111-

214 1860 325 1925 simis
348 1863 518 1926 virorum
549 1864 730 1946 operibus
759 1864 987 1924 inserentem
1015 1860 1190 1944 maligna
1219 1879 1272 1925 re·

213 1963 358 2030 latione
394 1968 730 2051 comprehendam,
775 1967 843 2033 sed
883 1967 941 2030 oet.
997 1966 1137 2048 Apparet
1177 1969 1272 2032 tamen

213 2071 322 2138 erroris
345 2073 430 2158 11131
454 2092 491 2138 ex
513 2075 549 2139 te
572 2077 641 2157 post
667 2074 710 2139 de
731 2074 844 2139 omisso
877 2073 910 2137 et
930 2090 966 2136 11
988 2072 1190 2137 inserente
1211 2073 1273 2136 unte

212 2201 243 2240 m
265 2180 413 2264 scripto„
430 2179 498 2244 dein
524 2199 618 2263 prave
640 2180 770 2246 mutato.
814 2178 894 2255 (lbd.
924 2176 1088 2243 libiam
1118 2178 1171 2242 alii
1197 2178 1272 2242 recta

211 2303 320 2367 quam
342 2287 446 2351 metu
465 2304 519 2369 pro
542 2306 650 2368 quarn
672 2285 710 2349 in
733 2286 856 2359 metu.)
892 2326 894 2329 -

310 2390 378 2459 Lib,
401 2390 455 2467 lv,
480 2392 506 2464 1,
532 2392 585 2455 12:
630 2390 831 2456 Acerrime
864 2408 944 2454 eum
967 2387 1154 2470 Scipione
1178 2387 1273 2454 Afri·

210 2513 303 2562 uano
336 2496 507 2579 (Metellus)
537 2495 816 2563 Macedonicus
850 2494 1097 2560 dissenserat
1132 2513 1273 2571 eorum·

210 2620 281 2684 que
306 2602 354 2693 wub
385 2602 630 2667 emulatione
657 2601 823 2667 virtutis
855 2600 1032 2685 profecta
1063 2599 1273 2667 concitatio

209 2706 253 2771 ad
306 2725 443 2790 graves
495 2709 749 2792 testatasque
794 2706 1024 2773 inimicitias
1074 2725 1273 2792 progressa

209 2810 346 2876 fuerat.
394 2812 444 2877 Sie
466 2812 507 2888 B3
532 2813 651 2880 cedices
673 2815 840 2880 deteriores
862 2811 1075 2879 eontentio.
1129 2811 1166 2876 ln
1195 2812 1272 2879 codi-

210 2916 253 2981 cis
275 2917 302 2980 B
325 2920 476 3002 scriptura
498 2921 625 2986 subesse
648 2919 770 3006 videtur
792 2914 1036 2983 concertatio.

308 3024 374 3089 lbd.
394 3025 430 3088 ll.
457 3026 476 3088 9
498 3028 583 3108 (nam
604 3025 641 3090 de
668 3028 700 3102 1,
735 3025 774 3087 14
803 3024 991 3090 dictumest
1019 3021 1077 3087 111.
1110 3022 1125 3086 I
1154 3042 1185 3106 p.
1214 3024 1273 3099 91),

207 3130 259 3194 ubl
282 3130 442 3194 scribitur:
479 3132 631 3216 3111111
659 3149 778 3216 13111
807 3129 948 3214 populu
976 3112 1274 3193 111111111εεί-

209 3235 412 3302 mulanter
433 3236 548 3311 tulit,
581 3238 631 3303 uix
653 3237 720 3301 fieri
752 3238 865 3319 potest,
897 3236 933 3299 ut
959 3252 1016 3298 non
1039 3232 1214 3298 addendum
1236 3232 1276 3297 sit

207 3363 243 3405 ee
264 3342 430 3425 (3111111
451 3363 487 3404 oo
515 3351 651 3426 13111).

308 3446 376 3513 lbd.
396 3449 425 3524 3,
464 3450 500 3513 4:
546 3448 735 3531 Deinceps
758 3451 795 3514 et
816 3448 1085 3523 iteraremus,
1118 3463 1274 3528 quorum

208 3552 360 3619 animus
403 3555 534 3639 aliquo
577 3556 616 3620 in
649 3555 837 3618 momento
870 3551 1036 3637 ponendi
1071 3549 1274 3634 pecuniam

207 3679 405 3744 uunquam
441 3659 616 3726 vaeavit.
658 3660 727 3724 Non
760 3659 858 3724 solum
891 3652 944 3743 per
971 3677 1003 3723 se
1033 3655 1275 3739 improbabiliter

207 3766 374 3850 ponendi
408 3765 438 3831 h.
474 3768 495 3831 l.
536 3766 568 3830 in
604 3765 782 3850 ponendo
818 3766 966 3839 mutatur,
1001 3781 1072 3827 cnm
1103 3759 1274 3844 prasertim

207 3872 361 3938 efficiatur
382 3872 537 3939 structura
558 3871 707 3938 rarissimi
728 3881 813 3948 usus,
842 3877 878 3936 ut
900 3869 1009 3952 tauro,
1022 3866 1164 3954 gerundii
1185 3884 1273 3932 aceu-

207 3978 324 4044 autivus
362 3978 574 4065 subiungatur,
616 3977 672 4044 sed
714 3977 941 4060 ineptissimum
983 3976 1033 4042 est
1073 3975 1133 4039 hoe
1176 3975 1275 4039 totum

207 4104 315 4145 uacare
332 4084 469 4167 pecuniae
490 4085 521 4147 ira
545 4083 648 4168 aliquo
672 4093 820 4147 momento
837 4083 997 4167 ponenda,
1024 4082 1113 4165 quasi
1133 4081 1176 4147 ad
1203 4100 1272 4146 eam
