2580 5054
210 289 249 348 74
579 280 639 335 usn.
658 281 679 335 1.
699 279 764 349 cap.
783 279 832 334 nv.

772 478 1012 563 Καταφαγεῑν

253 575 368 661 αῦιάξ
378 578 511 652 τοσοῦτ’
534 577 708 672 α’ργάριον.
731 577 803 649 oo'd'
826 588 857 648 el
878 578 972 669 γάλα
998 584 1111 671 λαγοῦ

253 693 344 780 εἶχον
364 687 414 778 μά
437 685 503 778 τήν
524 691 667 777 γῆνκαὶ
691 684 791 763 ταώς,
814 685 1029 773 κατήσθιον.

271 812 322 877 Sic
349 830 430 877 nnnc
458 810 574 884 editum
608 808 639 872 in
663 807 819 873 codicibus
843 807 935 894 εἶχον
959 807 1077 895 λαγοῦ
1098 803 1231 870 scribitur.

170 920 309 1001 Apparet
331 934 470 998 perverse
493 917 525 980 et
546 914 768 980 incredibiliter
795 913 987 979 sententiam
1024 918 1058 979 et
1081 913 1231 978 oralionen
1289 946 1290 951 κ

169 1025 300 1106 discerpi
334 1021 485 1087 infinitivo
521 1034 731 1107 καταφαγεῖν
754 1040 771 1085 a
793 1011 903 1085 celcris
927 1020 1092 1101 diiunct0;
1127 1021 1233 1098 integra

171 1130 252 1193 enim
272 1129 383 1192 saltem
406 1127 445 1191 ad
467 1127 700 1211 grammaticam
726 1109 856 1192 lornrsm
885 1125 1060 1190 sententiae
1091 1126 1234 1206 poetarum

168 1237 209 1300 ab
232 1235 381 1299 Athenaeo
403 1240 567 1315 ponuntur.
600 1234 642 1298 Et
663 1233 770 1298 adesso
792 1232 923 1302 videtur,
946 1232 1036 1314 quod
1059 1250 1134 1296 cnm
1150 1254 1236 1295 acac-

170 1354 293 1429 φαγεῑν
316 1340 508 1406 coniunctum
532 1341 717 1405 sententiam
740 1338 855 1421 optime
876 1337 1013 1419 expleat.
1039 1337 1150 1424 ελχονε
1182 1334 1235 1399 lion

169 1450 310 1531 poteram
332 1447 398 1530 ipse
421 1447 539 1510 tantam
563 1445 724 1526 pecuniam
747 1445 915 1515 comedere.
946 1444 1078 1508 etiamsi
1104 1445 1174 1519 cet,
1195 1438 1236 1505 scd

173 1573 262 1638 prave
294 1572 376 1618 nnnc
407 1552 452 1616 sin
484 1553 628 1634 positum,
660 1552 696 1615 nt
726 1551 758 1615 in
788 1550 972 1615 sententiam
1000 1548 1235 1616 condicionalem

170 1660 343 1725 necessario
375 1657 550 1735 includatur
572 1660 616 1734 (ei
648 1651 733 1744 γάλα
768 1658 873 1744 λαγοῦ
906 1655 1027 1742 εἶχον),
1063 1673 1237 1739 quamquain

173 1768 237 1831 haec
259 1783 380 1849 qnoque
403 1764 557 1830 sententia
579 1764 709 1830 mirifica
723 1763 970 1846 interpunctione
986 1764 1161 1844 evomitum
1181 1760 1238 1844 quis

173 1873 254 1936 enim
287 1888 345 1935 nou
378 1870 464 1934 uidet
496 1862 593 1955 ταώς,
616 1870 697 1953 quod
720 1870 901 1952 perridicule
927 1887 999 1933 cum
1031 1862 1102 1953 τήν
1124 1870 1190 1955 γῆν
1214 1869 1238 1931 in

169 1978 305 2053 iurando
322 1979 526 2061 coniungitur,
548 1975 792 2060 coniungendam
822 1994 888 2040 csse
917 1994 988 2039 cum
1013 1968 1110 2061 γάλα
1133 1973 1238 2061 λαγοῦ,

173 2084 208 2147 ut
228 2082 349 2148 luxuria
370 2082 562 2166 significetur
584 2084 674 2167 potus
697 2100 781 2164 paens
803 2080 992 2146 incredibilis
1018 2083 1054 2146 et
1076 2083 1140 2147 eibi
1158 2081 1239 2146 raris·

173 2188 245 2253 simi
279 2191 311 2253 et
344 2187 559 2273 pretiosissimi
590 2188 768 2253 mentione?
809 2188 850 2253 Fll
877 2187 983 2253 tamen
1021 2181 1114 2274 γάλα
1146 2187 1240 2274 λαγοῦ

170 2294 219 2359 vis
241 2314 259 2359 a
282 2295 373 2360 verbo
397 2289 587 2379 κατήσθιον
614 2294 745 2377 pendere
772 2296 884 2376 potest
918 2275 1069 2375 quoniam
1104 2295 1156 2362 lac
1187 2314 1238 2361 non

169 2401 282 2474 editur,
304 2400 357 2467 sed
379 2402 511 2489 potatur.
547 2401 645 2467 Valde
667 2403 803 2484 suspicor
824 2419 929 2465 omnes
952 2399 1015 2464 loci
1041 2403 1154 2467 turbas
1176 2401 1236 2466 inde

172 2511 255 2573 ortas
287 2526 363 2578 esso,
396 2508 474 2590 quod
507 2507 539 2572 in
573 2509 672 2574 locum
704 2506 789 2572 serbi
811 2505 924 2588 proprii
947 2507 986 2569 nd
1009 2504 1103 2592 γάλα
1130 2527 1236 2574 accom-

171 2616 287 2680 modati
309 2615 437 2679 verbnm
467 2612 558 2701 εἶχον
585 2620 709 2697 propter
738 2611 974 2678 similitudinem
1000 2610 1182 2679 litterarum
1201 2613 1235 2677 ir·

171 2721 303 2805 repserit
334 2740 350 2785 c
383 2739 437 2784 suo
471 2721 536 2785 lonc
565 2722 759 2794 translatum,
782 2722 942 2800 totumque
964 2718 1180 2803 fragmentum
1200 2720 1235 2783 sic

169 2846 238 2894 esse
260 2825 470 2893 scribendum:

773 2932 998 3018 Καταφαγεῑν

256 3034 360 3114 nonde
382 3032 515 3105 τοσοῦτ’
540 3031 702 3125 α’ργάριον
724 3029 797 3104 ov'd'
818 3041 849 3104 εἰ
869 3031 955 3124 γάλα
980 3039 1093 3124 λαγοῦ

256 3144 399 3213 εἷλκον
419 3139 471 3232 μά
493 3138 558 3230 τήν
581 3146 647 3233 γῆν
670 3146 724 3210 καὶ
747 3139 835 3218 scole
858 3136 1067 3223 κατήσθιον,

256 3253 347 3340 εἶχον
368 3252 471 3339 (εἶχον
493 3248 561 3318 ῦνλ
582 3247 626 3317 άν
648 3251 784 3339 elgeri).

272 3395 408 3461 Verbum
431 3397 541 3462 ε’λκαν
563 3394 668 3460 notum
691 3397 740 3459 est
760 3392 823 3459 dici
845 3392 882 3456 de
897 3389 988 3456 avide
1004 3390 1132 3458 haustu.
1170 3390 1233 3456 nee

169 3504 267 3588 igitur
296 3501 427 3568 eflicitur
461 3501 631 3566 sententis:
653 3499 819 3564 Comedere
847 3501 967 3564 tantam
990 3498 1156 3580 pecuniam
1177 3497 1232 3580 ipse

174 3613 206 3675 et
226 3610 320 3684 solus,
345 3626 383 3673 ne
405 3607 433 3674 si
455 3608 502 3673 lac
525 3607 638 3689 leporis
666 3607 790 3691 quidem
814 3605 978 3676 haurirem,
1000 3622 1057 3686 per
1086 3605 1232 3673 tellurem

168 3719 204 3781 et
224 3734 358 3800 pavones
382 3715 569 3792 desererem,
591 3731 722 3794 possem.

272 3888 309 3955 P.
324 3891 385 3954 672
400 3889 415 3954 l
427 3888 480 3967 (ds
494 3907 584 3970 poenn
598 3886 678 3953 dicis
694 3906 787 3953 cause
801 3886 986 3952 Prometheo
1008 3883 1113 3952 soluto
1135 3905 1154 3951 a
1173 3886 1236 3951 lore

49 4016 73 4051 'r
98 4048 102 4052 ,
157 3994 346 4077 imposito:
368 3998 422 4062 uni
445 3996 535 4063 σι’σιν
557 3988 712 4062 ἑκούσιον
734 4000 772 4061 ἐν
792 3988 920 4078 cilonio
943 3997 1111 4079 κειμένην
1126 3993 1235 4060 δοῦναι

61 4107 64 4111 ’
169 4094 397 4184 θελήσαντος,
428 4097 559 4189 ταύτην
587 4107 674 4188 ἔχειν
703 4093 855 4178 ἐπιτάξαι
884 4094 946 4166 σάν
968 4095 1238 4187 ιαθηγσῦγιενον
