2626 5070
277 280 338 344 298
636 279 784 337 nrnvur.
799 278 864 360 cap.
875 280 899 335 1.

233 474 277 554 11,
300 475 351 556 29,
382 475 456 540 iat
475 495 505 558 p.
530 475 589 538 153
612 475 651 541 de
673 476 698 553 Ι,
732 476 782 554 18,
816 477 831 537 1
866 474 988 553 accidit,
1010 493 1081 541 cum
1102 496 1138 542 eo
1161 481 1303 562 tempore

233 580 357 644 tantum
384 580 483 662 priore
512 579 622 645 Haasii
656 581 794 663 exemplo
831 582 944 664 uterer.
987 580 1102 657 Multa,
1134 600 1204 664 quae
1236 583 1303 666 ipse

233 684 315 751 inter
341 683 505 768 legendum
534 686 771 763 annoaseram,
806 688 915 769 postea
943 684 1006 750 vidi
1037 704 1057 749 a
1092 687 1302 770 superioribus

234 788 394 866 (Acidalio,
425 788 508 868 aliis)
536 791 704 873 praecepta,
737 809 864 874 quorum
893 791 980 855 bonis
1009 790 1144 856 inuentis
1174 792 1303 857 mallem

233 893 359 978 quidam
395 912 478 959 nuuc
512 896 671 961 uterentur
707 915 798 980 quam
843 896 875 961 in
911 894 998 960 novis
1041 896 1232 979 reperiendis
1268 917 1302 963 se

232 999 421 1082 torquerent.
432 999 457 1081 ¹)

333 1103 400 1168 lib.
434 1103 448 1166 Ι
488 1122 514 1170 c.
542 1103 572 1178 4,
605 1106 640 1167 4:
683 1105 730 1171 ut
762 1124 843 1171 mox
875 1104 1005 1184 AEolii,
1042 1104 1177 1171 eadem
1213 1128 1302 1191 pro·

230 1208 328 1274 lecti
360 1208 516 1275 Graecia.
560 1209 622 1273 Ser.
655 1231 695 1272 en
728 1212 859 1275 eadem
891 1228 942 1293 pr.
976 1209 1036 1276 Gr.
1066 1210 1224 1277 Haustum
1255 1233 1302 1278 er

231 1316 302 1380 ante
324 1332 375 1380 ea.
818 1365 821 1368 -
1219 1379 1222 1385 .

333 1418 398 1484 lbd.
424 1418 462 1480 12
484 1418 553 1482 init.
597 1418 785 1484 Universa
806 1416 960 1496 deinde,
983 1426 1024 1487 ut
1042 1421 1302 1506 praediximus,

232 1524 429 1589 instincta
459 1523 497 1586 in
525 1520 672 1587 bellum
704 1523 864 1602 Achaia,
893 1528 1000 1592 cuius
1039 1545 1129 1612 pars
1160 1545 1303 1613 magna

201 1705 203 1709 ⁸
233 1629 404 1694 eiusdem
443 1627 603 1693 Metelli
635 1627 879 1694 Macedonici
914 1630 1066 1696 virtute
1102 1633 1302 1716 armisque

232 1736 360 1800 fracta
382 1737 480 1812 erat,
513 1733 676 1798 maxime
714 1731 929 1800 Corinthiis
960 1735 996 1799 in
1025 1754 1132 1801 arma
1239 1738 1301 1801 in·

232 1839 492 1922 stigantibus,
526 1835 752 1903 destinatus
785 1840 818 1903 ei
840 1840 945 1906 bello
967 1841 1138 1934 gerendo
1161 1843 1300 1908 consul

232 1943 443 2009 Mummius.
499 1943 600 2007 Verba
632 1946 675 2007 ut
695 1944 944 2026 praediximus
972 1947 1204 2029 transponenda
1226 1951 1298 2014 sunt

227 2049 304 2133 nost
324 2066 412 2131 pars
433 2067 580 2132 magna.
638 2048 685 2112 De
708 2049 894 2115 universa
914 2050 1034 2117 Achaia
1055 2052 1088 2117 in
1110 2052 1231 2119 bellum
1252 2055 1300 2117 in·

228 2154 346 2220 stincta
369 2153 446 2220 nihil
467 2155 568 2223 adhuc
590 2153 725 2219 Velleius
747 2153 881 2231 dixerat3
914 2156 1045 2222 Achaeoe
1080 2158 1230 2224 rebellare
1252 2161 1300 2224 in·

230 2260 375 2343 cipieutes
407 2259 473 2325 acis
493 2260 576 2325 fusos
602 2279 621 2325 a
651 2258 779 2325 Metello
808 2261 954 2338 narravit,
986 2261 1019 2326 id
1049 2265 1113 2339 est,
1150 2283 1299 2349 magnam

223 2365 355 2431 Achaia
376 2374 496 2448 partem
519 2365 584 2431 eius
609 2365 722 2430 virtute
743 2365 975 2433 fmctam'esss.

230 2604 429 2612 m„-

256 2775 278 2841 ¹)
297 2773 458 2829 Huiusmodi
487 2771 574 2825 estin
593 2771 708 2825 seeundo
736 2771 829 2826 statim
856 2771 944 2839 capite
971 2772 1070 2851 prioris
1088 2771 1154 2826 libri
1173 2777 1246 2828 recte
1264 2774 1298 2829 ab

298 2864 411 2920 Heinsio
440 2864 588 2933 repositum
612 2863 748 2933 Megara
780 2880 828 2933 pro
854 2864 1025 2933 Megaram
1056 2862 1125 2932 (sid.
1160 2865 1236 2934 pref.
1264 2865 1298 2920 ad

297 2957 356 3013 Lis.
375 2956 412 3019 Il,
432 2960 446 3012 1
466 2955 500 3010 ad
517 2955 616 3019 XXIV,
636 2958 678 3019 30,
697 2958 728 3020 93
760 2971 832 3024 seque
854 2970 935 3025 praue
953 2955 990 3018 ΙΙ,
1011 2957 1063 3012 102
1081 2959 1176 3011 contra
1194 2957 1296 3013 lllureti

296 3049 506 3105 admonitionem
525 3048 659 3102 retinetur
677 3047 896 3116 Artageram),
929 3050 989 3102 tum
1007 3064 1024 3102 a
1041 3047 1147 3119 Lipsio:
1185 3050 1298 3105 inin·

297 3141 373 3197 sula
400 3139 611 3195 circumfusa
627 3138 760 3195 Oceano
778 3180 786 3194 .
807 3180 814 3194 .
834 3179 840 3192 .
859 3138 969 3195 Gades
993 3140 1157 3196 condidit
1181 3158 1230 3210 pro
1258 3159 1297 3206 ec,

293 3233 367 3304 quod
384 3232 466 3289 codex
484 3231 594 3288 habuit=
621 3232 772 3288 insulam
797 3232 1039 3288 circumfusam
1064 3233 1204 3289 Oceano
1235 3276 1269 3290 ..
1290 3276 1297 3291 .

295 3325 406 3381 Gades
430 3323 603 3381 condidit
653 3324 735 3380 Aliud
760 3329 801 3380 ast
819 3325 889 3396 apud
908 3324 1015 3382 Graecos
1033 3328 1135 3392 κτίζειν
1153 3331 1242 3397 νῆσον
1265 3328 1297 3382 de

296 3436 328 3475 ea
345 3419 494 3474 cultoribus
512 3416 714 3487 frequentanda,
742 3433 792 3472 usu
810 3418 939 3485 crebrum,
968 3418 1044 3475 aliud
1062 3421 1166 3472 amiam
1185 3422 1296 3486 eandm,

296 3511 368 3581 apud
386 3511 496 3566 Latinos
508 3509 669 3576 inauditum,
690 3511 791 3562 nmium
805 3527 867 3565 sero
883 3513 967 3565 Gades
977 3514 1078 3567 condere
1092 3512 1295 3583 perridiculum,

296 3605 345 3659 hoc
362 3603 471 3673 quidem
489 3603 572 3657 etiam
590 3602 615 3655 si
635 3600 723 3657 Grncs
741 3600 829 3657 dicere
854 3620 947 3659 canere
974 3622 1000 3660 s.
1019 3622 1042 3661 c.
1062 3603 1172 3662 Ῥόδον
1192 3608 1298 3662 Λίνδον

296 3698 404 3762 κτίζειν.
454 3694 565 3748 Utinam
591 3694 696 3748 cautius
710 3693 854 3765 ‘philologi
881 3697 1008 3768 exemplis
1039 3700 1068 3751 et
1095 3699 1298 3768 comparatione

297 3786 486 3842 similitudinis
511 3788 657 3840 uterentur.
710 3785 762 3840 Sed
785 3786 818 3841 da
847 3807 869 3839 m
892 3786 988 3843 littera
1017 3789 1111 3845 addita
1141 3791 1299 3847 detractare

295 3896 366 3936 nuuc
384 3895 461 3949 spero
479 3878 614 3949 plerisque
640 3879 682 3933 ita
708 3894 862 3948 persuasum
881 3895 953 3946 esse,
985 3884 1017 3935 ut
1047 3882 1137 3937 sciant
1164 3885 1299 3953 Meanan

290 3975 390 4042 quatu
419 3972 551 4040 scriptum
577 3970 648 4027 nihil
677 3971 766 4026 valere
792 3974 887 4028 eontra
922 3958 1035 4040 Honora
1060 3976 1110 4028 aut
1136 3977 1300 4046 uenerem

295 4063 338 4117 bis
356 4065 411 4118 aut·
421 4061 504 4118 etism
519 4063 603 4118 ¹semel
621 4065 747 4133 positum.
1198 4079 1202 4086 ·
