2648 5084
237 286 299 356 664
350 268 353 271 ’
499 357 507 381 Ι
600 268 892 349 LiblLCepllL'

119 510 130 529 ·
197 487 386 551 domiuus.
450 481 594 563 Suspicor
635 479 745 581 t'uisap:
800 478 1109 556 Diswmbimum
1144 482 1249 565 facit

197 592 373 668 dominus
395 592 548 654 maturo
568 605 638 651 ouo
660 604 705 650 ac
726 603 885 649 coenam
907 589 1130 654 committit

93 674 115 706 ·’
293 699 330 795 p.
352 696 414 760 aar
437 693 559 770 (orire)
583 691 758 756 aceruus
781 691 848 754 uo.
871 691 1014 757 xxii:

297 803 376 867 Tum
399 799 476 866 illud
496 798 637 883 epiphoni
658 797 738 881 quod
759 799 853 862 etiam
874 804 942 863 tum
964 799 1069 865 nobile
1090 805 1145 865 est

198 910 415 975 scribendum:

297 1015 376 1078 Tum
398 1013 476 1078 illud
497 1006 730 1095 ἐπεφώνει,
760 1011 954 1094 quodetiam
978 1034 1060 1074 nunc
1081 1013 1176 1077 nobile
1193 1014 1236 1074 eat

297 1120 331 1184 Ρ.
355 1118 417 1181 369
439 1115 570 1202 (putare)
592 1117 765 1183 Titinius
787 1117 1045 1182 Fullonibusz

282 1226 329 1290 Da
349 1244 477 1309 pensam
499 1225 602 1290 lanam
611 1250 626 1301 3·
642 1225 694 1308 qni
716 1243 777 1289 non
799 1224 907 1289 reddet
927 1224 1072 1308 tempori,

279 1334 419 1414 putatam
442 1335 536 1408 reolo,
557 1331 658 1407 facite,
681 1336 717 1396 ut
737 1330 886 1395 multetur
907 1330 997 1394 malo.

199 1437 418 1502 Scribendum:

281 1544 458 1627 ⁴ldpenaam
478 1544 583 1608 lanam
605 1545 656 1627 qui
678 1563 739 1610 uon
761 1542 869 1609 reddet
889 1544 1031 1625 tempori,

196 1631 204 1652 ¹
281 1651 420 1731 putatam
442 1647 500 1714 eo.

198 1753 358 1836 (Alioquin
379 1753 511 1818 debebat
532 1756 622 1820 scribi
643 1756 751 1833 date,
782 1765 817 1821 ut
840 1757 943 1820 lunius
978 1755 1160 1840 lipsiusqne
1191 1757 1245 1822 aui·

154 1854 158 1861 ’
198 1858 452 1947 madverterunt.)
552 1865 554 1869 ’

299 1965 332 2028 Ρ.
356 1964 419 2028 370
439 1974 593 2050 (passuum
613 1968 772 2032 Naevius
794 1967 1014 2052 Iphigenia:

282 2071 377 2136 Passo
401 2073 449 2137 rel
471 2073 529 2139 hoc
551 2075 685 2138 ricinum
701 2073 851 2156 Aquilone
873 2075 994 2139 hortum
1018 2076 1065 2140 ier
1087 2074 1178 2140 foras

197 2174 353 2241 Nonnulla
374 2179 428 2243 alii
447 2181 657 2244 emendarunt.
700 2178 916 2244 Scribendnm:

271 2282 377 2350 ¹Paseo
400 2286 467 2350 velo
489 2286 604 2347 υίσὶπιιε
625 2285 737 2368 Aquilo
757 2306 802 2347 me
824 2307 839 2348 e
860 2290 947 2369 portu
961 2286 1045 2370 jaret
1066 2287 1158 2352 toras.

197 2389 324 2456 Vicinus
348 2392 459 2474 Aquilo
480 2394 529 2456 est
549 2391 667 2476 regioni
689 2391 835 2456 Taurica.

298 2495 602 2575 resonaverunt
626 2497 743 2562 Varro
764 2497 1061 2563 Eumenidibus:

749 2602 854 2666 Tertia
876 2602 1040 2668 Poenarum

397 2707 528 2772 Infamia
549 2710 635 2773 staua
657 2726 732 2773 nera
753 2708 784 2771 in
807 2709 890 2792 uulgi

396 2815 517 2895 pectore
540 2814 708 2888 fluctuanti,
730 2814 851 2878 intonsa
872 2831 967 2890 coma,

398 2918 519 2984 sordida
540 2919 665 2997 vestitu,
687 2937 738 2983 ore
759 2938 873 2984 severo.

197 3024 291 3088 Recte
305 3025 453 3106 Roeperua
465 3023 604 3088 lofamiae
616 3024 775 3090 substituit
789 3025 961 3099 Insaniam;
976 3024 1031 3090 sed
1043 3027 1140 3093 nihilo
1152 3029 1255 3094 malim

196 3124 251 3190 illu
273 3129 369 3194 stabit
391 3148 466 3194 nera
488 3132 542 3194 aut
562 3128 593 3192 in
627 3129 711 3214 vulgi
733 3133 854 3213 pectore
879 3131 1038 3196 fluctuanti
1074 3136 1138 3210 (rol
1161 3136 1254 3220 potius

198 3232 347 3308 fluitanti3
385 3253 456 3299 nam
479 3251 514 3298 eo
535 3235 707 3300 necessario
728 3236 910 3320 participum
934 3238 1080 3317 pertinet,
1102 3243 1257 3326 aequalitu

74 3328 86 3350 ⁸
196 3335 366 3404 distributis
388 3339 589 3405 substantivis
611 3339 851 3424 adiectivisqne).
896 3342 1115 3412 Scribendum:

767 3446 872 3513 Tertia
893 3448 1057 3515 Poenarum

395 3549 529 3626 Insania,
549 3553 636 3616 stans
657 3553 731 3614 nica
751 3552 783 3617 in
797 3554 886 3638 sueri,

395 3656 522 3720 Pectore
543 3656 685 3735 fluitanti,
709 3659 830 3726 intonsa
851 3680 950 3737 coma,
1067 3723 1071 3731 .

396 3761 516 3825 sordida
537 3764 660 3841 vestitu,
685 3784 737 3830 ore
760 3785 873 3832 severo.

280 3862 330 3927 Ῥ.
352 3865 413 3929 407
437 3852 580 3946 (tenacia)
601 3868 747 3937 Ennius
768 3873 947 3940 Hectoris
970 3876 1116 3960 Lytrie:

706 3977 804 4044 Ducat
826 3981 1057 4066 quadrupedum
