2656 5056
265 312 324 375 m
580 277 892 376 'mmmm

223 509 383 585 tebant,
407 506 551 589 quibus
580 506 700 571 rebus
729 505 845 570 certe
877 507 971 588 ipsi
1004 505 1269 573 candidatorio
1315 507 1316 512 ’

224 614 362 680 vultus
393 610 605 678 obscurior
637 611 673 675 ei
702 609 834 676 videri
864 614 998 680 solet.
1048 610 1270 696 Interpolationu
1310 611 1313 620 “

225 722 317 786 buius
349 720 408 786 ioci
441 720 513 783 ante
546 717 664 782 multos
693 734 789 782 uanos
816 719 965 802 coargui.
1019 720 1153 784 Remoto
1173 715 1270 782 vocatis

227 828 381 905 vuitus,
405 825 492 891 cuius
516 822 638 890 nulium
663 823 757 890 estin
773 822 940 889 codicibus
959 828 1150 910 vestigium,
1165 823 1271 908 quuibv.
1306 859 1307 863 =

227 932 486 1017 quemadmodum
510 948 546 995 ex
568 928 697 1013 reliquis
718 928 789 1011 apte
812 928 978 996 efficiatur
1001 951 1042 997 ea
1063 931 1218 1006 sententie.
1233 946 1272 1010 pr

227 1041 332 1120 aperte
366 1036 479 1113 subest,
509 1053 561 1101 eas
586 1053 693 1101 amnes
720 1053 779 1110 res,
808 1053 888 1118 quas
911 1037 1031 1103 Cicero
1056 1036 1272 1113 nominavitb
1308 1111 1309 1114 Ἴ

229 1142 309 1207 dicia
341 1160 407 1208 esse
439 1143 507 1224 spei
539 1143 577 1206 de
610 1159 750 1207 successu
778 1140 947 1222 petitionis
972 1142 1158 1211 imminute
1176 1163 1207 1210 se
1223 1160 1273 1226 put

229 1247 359 1320 amisse,
382 1251 414 1312 et
435 1247 587 1312 efficiatur
615 1265 687 1311 cum
713 1245 818 1330 aliquo
848 1244 961 1329 lepore
987 1269 1028 1316 ae
1052 1254 1211 1318 verboram
1227 1251 1273 1315 lan

231 1355 267 1419 ln
287 1372 323 1419 ea
352 1352 591 1438 investigatione
621 1371 709 1418 nemo
738 1351 882 1429 attendit
918 1373 1023 1437 quam
1055 1374 1274 1442 supervacaneus

232 1464 263 1525 et
284 1479 376 1544 preve
399 1458 533 1543 positum
556 1460 599 1524 sit
620 1458 798 1524 adverbium
820 1460 952 1532 certe,
990 1465 1089 1546 quasi
1115 1468 1216 1548 praeter
1231 1462 1275 1526 dn

230 1586 279 1633 res
301 1586 362 1633 uua
383 1565 496 1632 saltem
518 1564 722 1630 animadverti
744 1564 874 1631 dicutur.
931 1565 1002 1633 Sed
1040 1570 1074 1635 in
1111 1571 1176 1636 illis
1205 1568 1276 1634 liberi

230 1673 308 1740 lutet
340 1673 441 1758 ipsum
473 1671 552 1738 illud
586 1689 706 1748 nomeu,
739 1670 819 1753 quod
846 1671 1016 1752 quaeritur.
1048 1695 1069 1741 a
1101 1697 1163 1761 qno
1188 1676 1276 1760 penae

231 1780 392 1864 genetivus
421 1775 744 1855 candidatorum,
774 1795 840 1843 rem
861 1794 933 1842 eam
956 1782 1142 1863 appellans,
1175 1781 1277 1869 queat

233 1886 349 1952 scurari
371 1885 519 1952 videatur.
563 1883 734 1966 Scripserst
755 1883 838 1948 enim
859 1881 987 1951 Cicero:
1024 1889 1178 1971 quibus
1197 1888 1278 1953 reba

233 1990 1278 2078 cretsipeueenoidatoramobscurioresviderisofen

232 2099 357 2182 (sicpro
373 2097 584 2164 obscurior
606 2095 642 2161 ei
664 2098 696 2161 et
717 2096 1020 2180 sclotcamplures
1037 2102 1188 2179 codices).
1210 2102 1280 2165 laus

232 2204 337 2270 Cicero
359 2204 585 2288 desperantium
609 2202 843 2268 candidatorum
865 2203 952 2285 ipsas
979 2209 1076 2290 togas
1099 2204 1280 2274 candidasob

233 2311 348 2378 scurcri
369 2309 533 2396 significat,
555 2328 610 2392 pro
632 2308 712 2393 tagis
735 2310 870 2375 erotus
892 2309 1076 2388 nominans,
1094 2309 1281 2397 quibusiuis

232 2420 267 2482 ut
282 2417 360 2484 albae
372 2419 512 2494 niterent,
530 2417 678 2482 solebant
702 2414 752 2479 Ad
764 2433 855 2498 quam
868 2433 933 2479 rem
946 2419 1106 2498 pertinet,
1117 2419 1282 2503 quadbina

232 2524 284 2599 lv,
300 2525 339 2587 25
355 2525 479 2607 antiquo
493 2522 631 2604 tempore
646 2520 800 2587 sancitum
819 2523 933 2599 narrat
957 2542 1005 2587 ne
1030 2527 1101 2590 cui
1125 2523 1282 2592 albuuin

232 2629 520 2697 vestimentum
553 2627 699 2693 addere
731 2626 954 2710 petitionis
983 2626 1149 2698 liceret
1180 2646 1281 2698 causa

232 2738 264 2801 et
292 2735 374 2820 apud
403 2736 542 2800 Persium
564 2733 601 2807 V,
636 2733 694 2795 lvv
724 2735 888 2799 cretatae
920 2734 1112 2803 ambitionis
1142 2739 1283 2805 menuae

232 2843 313 2927 apud
335 2844 436 2924 ipsum
458 2839 645 2918 Ciceronem,
669 2858 736 2923 quse
759 2858 812 2923 pro
828 2839 933 2905 Plane.
950 2841 993 2903 85
1010 2841 1168 2911 dicuntur
1189 2845 1223 2910 de
1234 2846 1284 2909 ino

232 2948 285 3031 qui
308 2966 343 3013 ex
364 2946 461 3012 Gretae
483 2947 608 3013 nominc
623 2947 695 3012 duci
711 2946 854 3029 potuerit.
884 2945 984 3011 Video
1001 2948 1115 3034 Ieepio
1130 2954 1164 3019 in
1178 2952 1282 3018 anua

231 3059 360 3130 venisse,
390 3053 505 3136 requiri
530 3054 767 3130 substantivum,
797 3049 880 3136 quod
908 3050 1019 3118 album
1052 3059 1190 3125 colorem
1216 3056 1284 3141 signi

231 3160 354 3237 ficaret;
391 3159 447 3226 sed
480 3160 511 3225 id
545 3161 625 3243 quod
659 3161 741 3226 esset
773 3164 804 3225 et
840 3155 891 3224 ubi
928 3155 1058 3234 lateret.
1096 3183 1158 3231 noa
1188 3161 1284 3230 invenit
1318 3191 1320 3193 ¹

232 3263 399 3341 (Candor
421 3265 554 3332 hominis
577 3267 615 3332 de
638 3264 706 3331 elbo
728 3266 828 3330 colore
849 3281 910 3328 non
932 3264 1083 3345 dieitur.)

332 3385 410 3452 ibid.
434 3385 483 3462 71,
507 3383 561 3450 ubi
582 3384 689 3449 Cicero
712 3383 835 3465 exponit
856 3381 998 3447 homines
1027 3387 1146 3454 tenues
1169 3389 1206 3453 de
1223 3384 1286 3468 plebs

230 3494 308 3560 nihii
331 3494 453 3570 habere,
478 3491 559 3575 quod
582 3489 756 3555 hominibus
786 3487 952 3577 nobilibus¹
971 3493 1187 3575 magistratus
1206 3495 1287 3576 petet·

230 3602 313 3667 tibus
335 3599 480 3682 prestare
495 3597 626 3680 possint,
642 3597 755 3679 praeter
769 3592 905 3659 officium
922 3596 1103 3665 comitandi
1118 3602 1287 3680 similemque

230 3724 365 3789 operam,
387 3705 489 3779 verba,
512 3722 581 3787 quae
603 3703 635 3768 et
664 3701 738 3766 olim
762 3702 793 3765 et
813 3716 911 3782 nuper
933 3697 1118 3772 editoribus
1142 3707 1287 3774 molestius

231 3812 460 3889 facessiverint
491 3828 638 3893 perquam
667 3808 760 3873 tenue
791 3804 937 3871 meadum
968 3811 1152 3892 traxerunt
1181 3811 1287 3895 alioquin

232 3934 355 3998 prorsus
374 3936 463 3984 sane:
487 3916 526 3982 Si
548 3914 654 3981 nibil
680 3914 759 3981 erit
780 3916 928 3997 praeter
949 3915 1140 3997 ipsorum
1158 3914 1287 4000 (siccoit

89 4076 91 4081 .
154 4078 159 4086 ,
231 4019 1289 4105 longeplures,noneorum)suffragium,tenueost;sirr

231 4126 333 4201 (codd.
355 4129 389 4193 si
418 4131 473 4206 ut)
501 4129 804 4212 suffragentur,
838 4126 946 4193 nibil
980 4132 1135 4201 valent
1166 4132 1288 4220 gratia
