2656 5056
248 312 307 373 m
612 302 871 373 mmmm

306 505 385 570 Ibid.
408 506 443 569 9:
475 506 533 568 sic
565 520 659 568 vero
691 506 807 567 erant
833 501 1065 584 disposita
1088 501 1268 585 presidia,

207 617 266 689 ut,
289 610 482 693 quomodo
504 609 682 674 hostium
710 608 849 672 aditus
870 607 977 673 urbe
1003 610 1271 692 prohibentur,

207 719 268 783 ita
299 717 490 783 castellis
523 716 563 780 et
595 714 788 797 oporibus
824 714 872 779 ab
906 715 1187 800 ingressione
1215 715 1271 778 lori

211 821 399 906 populum
423 823 693 905 tribunosque
721 820 831 904 plebi
852 823 1117 905 propulsari
1138 821 1268 886 videres

210 929 311 1012 Opera
343 932 376 993 et
407 927 534 994 castella
568 927 606 992 ad
641 927 778 992 bostium
804 927 1074 1008 prohibitionem,
1100 949 1160 994 non
1180 927 1214 992 nd
1229 925 1270 990 lon'

208 1035 381 1119 ingressum
408 1034 563 1115 pertinere
589 1032 790 1099 manifestum
813 1037 870 1099 eet
928 1033 1154 1101 Scribendum
1183 1033 1270 1117 igitvr:
1316 1100 1320 1112 .

209 1147 267 1220 ut,
291 1139 486 1222 quomodo
508 1139 687 1205 hostium
716 1140 853 1204 aditus
886 1141 990 1205 urbe
1021 1140 1270 1225 prohibentur

208 1244 399 1312 castellis
432 1249 471 1311 et
504 1247 710 1328 operibus,
744 1245 803 1310 ita
831 1246 878 1311 ab
912 1246 1188 1331 ingressione
1214 1244 1270 1309 tori

210 1358 269 1418 cet.
317 1352 435 1417 Erroris
457 1370 550 1417 consa
570 1351 666 1417 luisse
696 1351 827 1429 videtur,
855 1352 942 1435 qnod
973 1353 1215 1420 librarius-oon
1238 1353 1269 1415 in·

210 1458 366 1542 belligeret
394 1456 545 1523 ablativos
567 1458 686 1523 diverso
708 1458 797 1522 modo
819 1457 857 1522 ad
879 1458 1169 1540 prohibentur
1188 1458 1270 1524 reterri

210 1564 362 1640 (Gramm.
384 1564 452 1628 Lut.
476 1566 496 1648 ς
518 1565 579 1628 278
602 1572 642 1643 a).
687 1564 766 1646 [Hoc
787 1564 848 1629 iam
876 1565 953 1628 ante
981 1568 1048 1630 tria
1077 1568 1192 1632 saeonla
1211 1562 1270 1647 apud

211 1670 333 1736 luntam
355 1676 537 1753 occupatum
560 1676 635 1750 eret,
656 1674 764 1753 postea
778 1670 816 1734 ab
831 1669 977 1735 Emestio
995 1673 1193 1754 probatum]

311 1776 390 1841 lbid.
413 1777 470 1839 21:
502 1781 633 1841 temen
666 1775 888 1858 separatim
921 1795 993 1842 suo
1029 1780 1194 1844 nomine
1222 1794 1270 1841 uo·

213 1880 334 1946 tanda
368 1865 529 1961 serisso,
564 1882 902 1964 iudicandumque
934 1882 1085 1948 nullos
1116 1888 1271 1968 septen·

213 1989 321 2053 viros
343 1987 489 2063 luisse,
512 1987 618 2053 nibil
640 1988 802 2071 placere
822 1990 953 2052 ratum
977 2007 1092 2067 esse,
1125 1987 1271 2073 quodrl

212 2094 266 2158 iis
298 2098 428 2158 actum
464 2093 681 2159 diceretur.
735 2093 937 2178 Apertissime
965 2095 1078 2160 Cicero
1103 2115 1188 2161 nuuc
1207 2094 1271 2160 etio

213 2201 367 2282 posterum
400 2199 489 2265 irrita
520 2218 586 2265 esse
619 2201 696 2280 vult,
730 2220 798 2284 quae
830 2201 897 2283 quis
925 2200 964 2264 ab
993 2201 1064 2266 illis
1094 2201 1272 2285 septemviris

211 2309 284 2370 ante
315 2313 384 2371 acta
424 2326 503 2372 nnnc
538 2306 622 2372 dicat
654 2305 830 2372 dicturusve
864 2305 915 2370 sit
975 2305 1162 2390 Scripserat
1198 2309 1272 2392 igitur

96 2448 98 2450 v
211 2409 350 2485 dicetur,
370 2431 430 2477 nou
453 2410 713 2488 diceretur.*)

313 2518 391 2583 lbid.
407 2517 463 2596 XI,
487 2518 544 2583 36:
567 2519 866 2595 Animadverti,
888 2518 1032 2601 patres
1056 2522 1273 2603 conscripti,

211 2624 354 2690 excudi
377 2625 437 2688 rui
457 2625 578 2689 etiem
606 2625 771 2690 nimium
795 2644 815 2690 a
835 2624 1101 2705 meBrutum,
1126 2628 1274 2693 nimium

210 2730 393 2796 Cassium
415 2729 567 2807 ornari,
596 2729 737 2796 Cassio
758 2751 850 2797 vero
873 2731 1089 2796 sententia
1115 2754 1203 2800 mea
1222 2733 1274 2798 do·

211 2837 405 2900 minatum
449 2841 488 2900 et
524 2838 795 2919 principatum
834 2838 929 2902 dari.
990 2837 1207 2908 Manifestum
1241 2853 1274 2905 est

209 2941 385 3008 Ciceronem
412 2942 450 3007 de
472 2942 611 3022 aliomm,
640 2963 700 3008 non
729 2943 766 3009 de
795 2962 851 3009 sno
877 2942 989 3008 iudicio
1014 2943 1137 3011 dicere.
1183 2949 1276 3031 Itaque

210 3046 324 3113 rectius
346 3047 421 3113 olim
444 3047 617 3133 Naugerius
645 3069 739 3132 quam
767 3068 862 3134 nuper
884 3048 1030 3114 Halmius
1055 3050 1275 3137 Kayserusqur,

209 3172 341 3235 quorum
372 3175 389 3219 e
418 3154 571 3238 scriptura
600 3154 801 3231 (exaudiri
823 3191 864 3202 -
893 3154 1104 3235 exaudivi)
1138 3160 1277 3226 senterm'a

209 3259 375 3342 probabilis
398 3261 477 3328 effici
500 3280 560 3327 oon
583 3263 695 3345 potest.
746 3261 805 3326 Sed
828 3261 866 3326 ad
889 3260 1030 3327 codicum
1055 3266 1202 3352 vestigia
1222 3286 1276 3352 pro-
1327 3261 1328 3306 ³

208 3366 279 3448 pius
315 3367 459 3432 accedere
497 3368 587 3434 licet:
627 3368 926 3443 Animadverti,
966 3383 996 3449 p.
1031 3387 1078 3446 c.,
1121 3380 1161 3439 et
1198 3372 1308 3444 audit

118 3550 125 3564 ·
208 3472 313 3539 videri
335 3473 456 3538 etiam
479 3475 645 3540 nimium
667 3492 686 3538 a
707 3492 763 3538 me
785 3475 967 3552 Brutum,
995 3473 1179 3545 nimium
1201 3480 1278 3546 Gas-

207 3578 310 3642 sium
332 3580 485 3658 ornari,
508 3580 649 3647 cassio
672 3600 761 3645 vero
784 3584 840 3645 oet.
882 3579 968 3644 Nihil
985 3583 1046 3659 est,
1063 3601 1125 3648 cur
1141 3587 1278 3653 tollsnbu

207 3685 299 3747 verba
321 3683 483 3750 nimium
507 3686 699 3752 Cassium.
751 3687 887 3751 Primum
910 3689 1128 3755 communiter
1151 3694 1191 3758 de
1212 3696 1277 3758 uuo

206 3806 267 3869 qne
289 3787 412 3867 dicitur,
435 3791 546 3858 deinde
569 3793 606 3857 de
629 3792 736 3859 Cassio
759 3792 934 3874 separatim.

206 3940 439 3954 Ἢ

259 4026 285 4093 *)
304 4030 319 4097 ς’
336 4029 372 4084 42
381 4034 495 4088 Antonii
514 4048 613 4089 nomen
632 4033 881 4091 incommodissime
900 4034 960 4089 loco
981 4052 996 4091 e
1018 4041 1157 4109 margine
1175 4042 1277 4112 irrepsit

305 4123 455 4191 ascriptum
472 4127 509 4181 ad
527 4127 670 4183 hominis
688 4127 968 4198 impotentissimi
987 4131 1225 4200 appellationem.
