2648 5084
248 287 311 352 650
610 249 872 353 nonuncium.

306 487 372 553 ibo.
395 486 430 550 8:
474 484 801 550 coruscationum
824 482 972 548 deindo
995 501 1041 548 sc
1062 486 1257 551 tonitruum

206 594 245 658 in
279 593 434 659 modum
466 590 662 674 fulgurum
697 589 817 673 igniti
853 589 1009 656 sidonis
1047 593 1260 657 continustr

207 700 379 767 ribrotio
402 699 578 767 omnibus
599 697 709 762 nobis
736 695 924 762 roritotis
946 696 1173 764 scientium
1192 718 1259 764 sus·

207 806 324 886 tulit..
368 805 537 872 Dolsndum
560 802 782 885 fulgurum,
815 799 894 886 quod
917 801 958 866 sd
983 804 1107 885 prioros
1128 806 1260 888 gonou'ros

208 914 396 997 adscriptum
428 915 484 978 ost.
543 909 692 989 (Vibrstio
714 909 954 974 coruscationum
979 908 1014 972 in
1042 910 1171 975 modum
1193 910 1261 993 igniti

207 1019 339 1101 sidonis.)
560 1028 561 1031 ’

105 1120 107 1122 ’
307 1124 432 1189 ltus:
477 1120 1261 1198 Surmstnssdoo...successtion-

207 1248 321 1295 suros
342 1247 381 1294 so
403 1247 474 1294 non
495 1230 621 1294 solnm
645 1227 862 1311 illyricum,
883 1227 948 1291 scd
970 1227 1171 1295 Thracios
1191 1248 1261 1312 quo·

207 1353 280 1419 quo
308 1335 543 1417 Itslismqus
568 1333 820 1409 minnrontor‚
858 1335 914 1398 its
943 1333 1006 1398 sic
1039 1335 1149 1401 iutor
1177 1336 1263 1401 boiis

207 1439 393 1523 psriondi
424 1439 621 1516 contudit,
663 1441 705 1533 ut
736 1441 793 1504 cot
858 1437 983 1523 Optimo
1021 1441 1122 1508 Potor
1157 1463 1192 1508 or
1221 1442 1262 1507 sir

205 1547 313 1612 intor
333 1547 406 1612 focit
427 1545 611 1619 scienter,
644 1544 699 1611 sed
721 1530 881 1612 riolontius
908 1546 1063 1612 bollum
1094 1549 1262 1634 gerendo.

207 1652 338 1718 Videtur
369 1652 480 1717 fuisso:
517 1653 574 1717 ito
605 1652 775 1717 sciontor
804 1652 908 1718 bollo
940 1657 1160 1736 partiendo
1191 1676 1263 1722 oon·

205 1758 325 1823 tudit

306 1863 485 1931 Numerios.
521 1865 576 1928 11:
633 1863 880 1936 Nsmosisno,
924 1864 986 1948 qui
1032 1861 1264 1941 ἁλιευτικᾰ,

207 1968 472 2057 κυνηγετικᾰ
492 1963 721 2037 struuntur?
738 1969 1084 2054 scripsitquinquo
1101 1976 1265 2042 omnibns

206 2077 362 2143 colonis
384 2079 625 2143 illustratus
646 2076 817 2142 omicuit
847 2077 969 2141 ¹Potor:
1002 2077 1131 2162 inquo
1154 2081 1265 2145 omui·

206 2183 287 2248 bus.
332 2183 393 2249 Sed
415 2204 467 2249 cur
488 2185 519 2248 in
542 2183 668 2249 coloniis
683 2185 816 2258 tontum,
840 2201 898 2248 non
913 2181 945 2246 in
961 2183 1145 2269 municipiis
1160 2204 1265 2270 quoquo

209 2294 300 2374 stqno
337 2291 466 2357 Romae?
508 2290 723 2356 Scribonium:
756 2289 897 2373 quiquo
927 2290 984 2367 (sic
1017 2290 1083 2355 ism
1108 2292 1171 2369 Po)
1202 2312 1267 2358 om·

208 2396 324 2462 nibus
363 2397 517 2460 coronis
551 2396 780 2461 illustratus
822 2393 993 2460 smiouit.
1062 2387 1265 2465 Csrtsminnm

209 2501 344 2569 siotoriae
366 2503 587 2588 significantur.
633 2499 868 2587 [Siccanas]

310 2605 767 2689 lbd.l3(do1)ioclotisno):
809 2607 928 2671 virum
1080 2613 1264 2676 amanto·

208 2712 312 2795 reip„
344 2715 538 2778 smsntom
569 2728 722 2777 suorum
751 2715 791 2777 ot
814 2712 859 2778 sd
887 2713 1029 2790 omnis,
1064 2735 1148 2798 quae
1182 2722 1266 2780 tom·

207 2837 277 2901 pus
312 2819 564 2902 quusisorst‚
602 2822 877 2901 temperatum,
913 2820 1080 2887 consilii
1115 2840 1266 2904 sempor
1311 2866 1312 2871 η

207 2925 296 2999 alti,
326 2942 597 3008 nonnunquam
628 2928 754 2991 tamon
783 2926 926 2991 frontis
955 2926 1022 2992 sod
1053 2928 1265 3010 prudentis

206 3030 323 3095 nimis
354 3032 578 3112 pervicacis
610 3033 732 3097 motus
763 3031 930 3115 inquieti
962 3031 1142 3113 poc'toris
1176 3056 1266 3101 com·

205 3136 429 3218 primontis.
495 3137 545 3202 Sic
578 3136 708 3202 codicos.
766 3137 885 3204 Edunt:
929 3140 1151 3216 adomnia,
1195 3161 1265 3225 quo

204 3245 357 3325 tompus
379 3245 637 3327 quaesirorot‚
660 3247 857 3328 psrstum,
880 3245 1133 3312 Potorststim
1158 3267 1266 3333 pora·

205 3350 293 3413 tum.
336 3349 447 3417 Putem
469 3351 570 3434 potius
591 3351 701 3416 fuisso:
730 3351 921 3416 adomnia
1026 3362 1265 3438 attempero·

204 3464 282 3516 tum
303 3455 348 3539 (et
370 3474 402 3521 so
424 3455 731 3539 accommodantem).
775 3456 894 3523 Doiudo
915 3456 992 3521 miro
1015 3475 1175 3526 oonssnsu
1199 3478 1266 3526 nors

202 3561 284 3642 opud
313 3562 439 3627 Lutinos
467 3581 539 3627 voco
570 3562 776 3635 Diocletiano,
808 3564 860 3645 qui
889 3580 908 3626 a
934 3563 1084 3646 scriptore
1111 3568 1266 3650 tantopore

203 3664 358 3738 laudatur.
391 3668 542 3735 ostrons
573 3668 779 3734 consilium
809 3669 960 3742 tribuunt,
994 3669 1076 3752 quod
1106 3675 1200 3755 quoio
1220 3674 1265 3743 sit,

188 3775 311 3839 ¹roscio.
355 3774 556 3841 Scribondum
578 3777 641 3840 ost:
675 3793 941 3858 nonnunquam
963 3779 1096 3842 tsmon
1119 3779 1265 3844 frontis

202 3880 464 3960 etprudontiae
483 3883 599 3947 nimis
617 3882 839 3965 porvicscin
854 3887 976 3949 motus
997 3882 1073 3966 inq.
1098 3885 1264 3967 pectoris

202 3987 513 4066 comprimentis.
578 3988 698 4053 Modico
731 3988 926 4071 roprohonsio
959 3987 1103 4054 laudibus
1136 3992 1264 4060 additur,
