2662 5046
242 286 318 366 '178
616 298 675 354 ure.
689 295 751 353 vn.
777 297 877 367 cepi.

214 516 308 588 ¹ques
341 504 471 583 partes
506 502 545 564 et
566 495 800 581 quot'modis
821 462 999 577 oporteat
1030 495 1278 561 similesne-

216 608 320 684 bere,
353 615 394 667 uu
431 603 579 668 similia
609 602 807 667 dicentur.
851 599 993 665 Dodices:
1014 601 1279 684 *operiemi-

78 700 86 715 ’
218 711 331 778 miles
352 696 493 777 hebere
520 706 717 778 dicuntur,
739 704 915 790 editiones:
944 708 1131 788 ‘oportent
1149 698 1195 769 ut
1224 705 1275 769 si·

218 817 332 884 miles
368 817 560 885 dicentur,
592 809 657 875 ‘nisi
692 809 771 893 quod
791 799 974 874 Muellerus:
1007 813 1194 894 'opo'rteet
1223 811 1278 876 ti·

202 922 333 988 miles
353 922 508 995 hebere,
531 916 655 982 omissis
676 919 719 980 ut
741 917 774 979 et
794 915 982 981 dicantur.
1094 933 1107 992 j
1198 922 1208 947 ¹·

320 1025 384 1090 lbd.
397 1045 428 1108 p.
443 1021 517 1087 170:
542 1011 687 1087 etcum
709 1020 844 1084 dicunt
865 1020 963 1099 (codd.
987 1020 1279 1103 dicuntur)pr‘o-

219 1130 393 1216 portione
415 1127 561 1195 similia
577 1126 847 1192 esscAmorcm
859 1125 1003 1200 Amori,
1018 1126 1196 1192 Dolorem
1211 1126 1278 1191 Do-

219 1236 314 1317 lori,
346 1252 425 1299 cum
453 1232 509 1296 its
533 1230 727 1296 dissimile
754 1249 841 1296 esse
863 1230 1022 1297 videant
1046 1232 1221 1296 Amorem
1239 1233 1279 1296 e't

219 1341 410 1416 Dolorem,
427 1337 524 1421 quod
543 1341 603 1401 est
620 1335 698 1401 alio
716 1355 825 1421 casu,
841 1335 1278 1402 itemDoloremDoltti.

220 1443 271 1510 Sic
294 1443 431 1520 codiees;
455 1442 618 1508 editiones:
640 1441 799 1506 videant
819 1442 996 1507 Amorem
1014 1440 1157 1519 Dolori,
1180 1441 1280 1506 Muel-

219 1550 303 1615 lerus
324 1547 486 1613 videant
517 1548 692 1611 Amorem
716 1547 754 1611 et
776 1546 925 1612 Dolori.
943 1594 950 1608 .
968 1545 1081 1611 .item
1098 1545 1280 1612 Dolore'm

221 1658 259 1721 et
282 1644 440 1731 Dolori,
461 1650 493 1716 in
516 1651 625 1735 quibus
647 1652 789 1718 omnibus
810 1652 896 1717 nulle
919 1653 968 1717 eet
988 1652 1280 1735 contentionisque

221 1758 304 1824 enim
328 1760 473 1821 Amorem
494 1773 564 1835 cum
587 1754 705 1819 Dolori
724 1757 895 1840 compartiri
916 1760 1028 1841 potest,
1050 1754 1105 1823 sed
1125 1758 1182 1821 eut
1202 1756 1280 1822 eius·

222 1861 293 1928 dem
329 1863 467 1928 vocabuli
493 1861 606 1928 diversi
638 1875 727 1948 cesos
759 1865 813 1927 eut
844 1863 976 1928 alterum
1007 1861 1190 1928 vocabulum
1210 1867 1281 1926 culn

222 1967 348 2033 ulterius
370 1966 477 2032 eodem
500 1984 581 2032 essu.
637 1966 846 2051 Ptoportionis
867 1968 1036 2034 similitudo
1057 1968 1160 2051 posits
1177 1969 1231 2033 est
1245 1968 1282 2032 ‘in

216 2060 268 2146 eo,
291 2073 495 2155 ututriusque
516 2073 613 2155 partis
628 2073 836 2138 membrorum
856 2073 965 2138 eedem
986 2074 1029 2139 sit
1052 2073 1281 2138 dissimilitudo.

221 2177 379 2244 Sententia
397 2176 767 2261 'igltnrhuiusmodi'luitr
801 2186 881 2243 eum
901 2178 990 2240 ‘item
1012 2179 1068 2258 (sic
1088 2178 1152 2242 iem
1167 2178 1282 2255 verte.)

221 2282 414 2349 dissimile
438 2299 521 2348 esse
554 2281 725 2347 videant
762 2284 939 2348 Amorem
979 2283 1128 2361 Amori,
1173 2283 1283 2367 quod

221 2387 506 2464 esteliocesu‚
530 2386 622 2452 item
645 2387 826 2453 Dolorem
859 2387 1001 2454 Dolori.
1060 2388 1283 2464 (Proximorum

220 2493 383 2558 verbomm
420 2491 584 2556 mendum:
617 2492 683 2557 sed
719 2494 854 2559 dicunt
887 2492 984 2577 quod
1011 2494 1057 2558 ob
1086 2494 1283 2559 similibus

220 2601 279 2663 cet.
302 2597 410 2662 tollere
432 2614 491 2662 non
515 2602 665 2680 possum.)

319 2702 386 2767 Ded.
408 2721 438 2783 p.
463 2701 540 2765 176:
577 2700 707 2786 Igitur
737 2703 783 2768 ud
811 2703 1138 2770 demonstrandas
1160 2703 1283 2769 deeli-

220 2807 405 2873 netiones
433 2807 567 2890 biceps
592 2821 666 2872 une
687 2809 776 2874 heco.
828 2808 913 2888 'Quid
938 2810 1032 2874 verbs
1052 2809 1188 2894 biceps
1210 2813 1284 2873 dne

223 2911 408 2995 significent,
431 2911 600 2978 Muellerus
623 2924 656 2977 se
678 2912 817 2998 ignorare
839 2914 955 2980 letetur
981 2914 1144 2997 mendique
1178 2916 1284 2980 nomm

215 3016 370 3099 'apposuit
423 3016 576 3082 Correctio
598 3035 658 3083 non
679 3019 771 3102 longe
793 3019 926 3100 petenda
948 3023 1017 3086 est:
1050 3020 1185 3103 biceps
1216 3021 1284 3081 uit

208 3120 300 3185 '‘Aaeo
321 3126 425 3204 (qnam
447 3119 543 3187 Varro
575 3123 607 3186 in
629 3123 775 3206 proximis
809 3119 1016 3207 superioribus
1036 3124 1198 3203 indicavit,
1231 3127 1285 3191 ent

221 3224 461 3302 emultitudine
493 3226 548 3291 out
568 3227 608 3291 ab
631 3227 765 3311 sbletivo
788 3227 960 3314 singulari).
1013 3230 1129 3314 Bicsps
1149 3245 1206 3313 pro
1228 3230 1284 3293 dn-

221 3331 294 3413 plici
319 3331 415 3396 etism
436 3330 510 3396 alibi
531 3332 627 3395 Varro
648 3331 734 3397 dixit.

321 3433 389 3500 Ibd.
412 3456 443 3519 p.
466 3434 526 3497 17⁷
548 3435 641 3501 verite
662 3434 708 3502 sic'
729 3437 946 3523 distinguenda
967 3441 1056 3519 suntr
1100 3459 1219 3525 neque
1242 3439 1285 3504 eb

222 3538 280 3605 his
319 3542 478 3607 vocibus
516 3553 595 3624 quae
631 3542 837 3610 declinata
867 3548 973 3625 sunt,
1009 3546 1284 3611 multitudinis

224 3645 469 3730 significent
509 3644 726 3730 quidquem.
784 3650 832 3728 (V.
869 3653 961 3717 sunt
994 3651 1284 3729 multitudiuis,

223 3752 460 3836 significant
480 3752 695 3836 quidquem·
715 3754 782 3820 sine
803 3765 916 3836 senen.)

323 3854 431 3923 libros
464 3858 558 3923 etiem
586 3858 626 3925 de
651 3868 691 3926 re
711 3854 838 3928 rustice
866 3864 1001 3947 pereuni
1027 3862 1180 3929 sermonis
1208 3863 1287 3927 Ver-

222 3964 342 4028 ronisni
365 3965 570 4048 cognoscendi
590 3985 693 4044 censs,
711 3952 775 4051 ⁴qni
804 3968 849 4034 ihi
869 3968 986 4052 plenior
1016 3971 1047 4033 el
1079 3969 1181 4052 magis
1215 3976 1287 4032 dom

223 4067 309 4133 tinuo
329 4073 432 4134 tenore
454 4068 552 4135 linens
575 4072 685 4137 melius
707 4074 898 4158 perspicitur.
951 4072 1013 4141 seu
1039 4090 1110 4139 cum
1146 4074 1287 4139 celeriter
