2662 5062
248 283 311 349 392
611 277 877 350 mammaeam.

209 483 289 569 [Sed
321 482 514 549 simulante
540 476 745 543 revocandum
770 478 827 550 esi,
861 475 942 559 quod
975 475 1049 540 inde
1084 478 1124 543 ab
1155 478 1284 545 Erasmo

179 578 369 654 edebatur:
423 586 498 651 Hic
518 583 708 650 barbaris
735 583 844 648 forto
868 581 1088 645 ruentibus
1108 585 1150 649 in
1173 584 1284 651 bella

208 695 343 760 exitus
376 695 447 759 est.
490 691 574 756 Num
605 707 704 772 nequa
729 687 814 771 forto
845 687 944 751 vium
978 689 1181 755 barbarorum
1213 707 1283 774 pro·

207 794 309 884 prium
330 800 378 863 est
399 815 515 881 neque:
544 794 593 857 hic
613 794 754 857 barbara
774 794 870 857 witru
892 803 934 856 est
965 795 1049 860 recta
1082 794 1201 862 dicitur
1230 814 1283 878 pro

208 922 253 983 eo,
276 902 356 986 quod
378 905 444 968 ost:
477 902 522 964 sic
553 898 687 984 coenan]

307 1008 427 1082 Iuda,
455 1008 485 1072 7.
528 1007 674 1074 Codices:
718 1003 828 1069 Nihil
860 1021 1038 1086 asperum
1067 1004 1283 1071 territum·

207 1132 278 1196 que
299 1113 480 1203 palpanti
502 1112 572 1178 est
621 1110 724 1175 Ceteri
744 1109 809 1174 iere
832 1109 1072 1192 tetrumque,
1103 1111 1190 1194 quod
1211 1130 1282 1177 cum

207 1236 316 1301 aspero
347 1237 407 1283 non
436 1220 521 1284 recte
553 1219 764 1303 coniungitur,
796 1215 951 1296 Hauptius
985 1233 1084 1296 nuper
1119 1216 1150 1292 (I
1181 1236 1211 1300 p.
1248 1217 1281 1300 5)

207 1323 479 1406 tetricumquo.
528 1322 591 1389 Sed
612 1343 648 1390 ne
671 1325 836 1399 tetricus
871 1320 997 1407 quidem
1019 1321 1059 1386 ad
1084 1323 1189 1388 motus
1211 1341 1283 1389 sen·

207 1446 277 1493 sum
298 1427 446 1509 pertinet,
480 1447 499 1494 a
527 1448 587 1512 quo
613 1431 665 1497 hic
684 1426 797 1497 'simila
825 1428 968 1495 sumitur.
1020 1424 1222 1507 (Tetricus
1246 1430 1282 1493 et

193 1549 319 1615 <aspar
346 1550 488 1599 censor
520 1536 613 1601 aliter
640 1536 775 1616 dicitur.)
828 1533 959 1600 Videtur
980 1531 1076 1597 uisse
1097 1552 1281 1617 asperum

207 1637 484 1725 seruatumque.

308 1743 376 1810 Ibd.
411 1746 464 1821 12,
508 1747 543 1812 2:
587 1747 745 1831 Aliquid
784 1749 878 1813 atas
921 1743 1123 1829 peccantis
1168 1743 1280 1822 iacit,

208 1847 357 1930 aliquid
378 1849 551 1931 iortuna‚
588 1856 627 1918 ut
647 1853 761 1919 -ferre
790 1854 857 1917 aut
878 1851 963 1935 pati
984 1851 1050 1916 aut
1067 1850 1280 1914 humanum

208 1951 262 2017 sit
295 1955 361 2019 aut
391 1955 547 2025 humile.
603 1944 745 2025 Absurde
775 1977 831 2041 per
852 1976 886 2023 se
908 1960 940 2022 et
961 1957 1067 2021 contra
1088 1955 1279 2021 sententium

208 2058 405 2127 manifestam
438 2065 662 2149 coniunguntur
692 2065 897 2130 humanum
927 2066 960 2126 et
988 2061 1146 2127 humile.
1197 2061 1279 2135 liius,

208 2183 300 2248 quem
322 2166 380 2232 tibi
401 2167 546 2235 iniuriam
567 2171 678 2237 fecisse
699 2173 800 2255 putes,
827 2171 866 2236 ob
888 2187 981 2253 quam
1002 2166 1096 2232 irasci
1117 2167 1146 2232 ai
1170 2165 1278 2231 debere

208 2271 352 2351 videaris,
374 2275 429 2339 aut
450 2278 592 2341 senectus
613 2277 735 2342 edicere
757 2278 871 2361 potest,
891 2277 928 2340 ut
948 2275 1121 2339 humanum
1139 2271 1281 2336 videatur

208 2394 288 2454 eam,
311 2398 379 2462 qun
400 2383 536 2463 putatur,
568 2382 713 2449 iniuriam
735 2383 824 2457 ieme,
855 2383 909 2447 aut
936 2380 1059 2446 fortuna
1079 2377 1113 2442 et
1133 2377 1281 2460 potentia,

207 2484 337 2553 utnon
364 2485 482 2551 humile
509 2489 541 2552 et
568 2488 723 2554 abiectum
755 2486 908 2552 iudicetur
938 2484 1005 2568 pati
1035 2502 1093 2549 nec
1123 2482 1282 2566 repellero.

209 2586 411 2671 Perspicuum
436 2594 485 2658 est
505 2593 703 2660 scribendum
726 2611 810 2659 esser
844 2595 1011 2657 autnon
1033 2587 1190 2667 humile,
1222 2587 1282 2652 nisi

208 2693 285 2758 fuit:
307 2696 502 2761 natatile.
551 2698 627 2777 (Cir.
652 2698 753 2771 c..16‚
774 2699 816 2777 11,
838 2696 891 2774 33,
915 2697 954 2774 l.)
1002 2759 1008 2773 ,

310 2800 379 2866 Ibd.
412 2801 460 2876 13,
496 2804 529 2866 l:
572 2805 704 2889 Pugna
740 2806 869 2869 tecum
907 2803 1007 2884 ipse;
1051 2799 1086 2864 si
1123 2799 1281 2864 vincere

208 2904 310 2969 iram
333 2924 405 2971 non
427 2910 558 2991 potes,
592 2913 630 2975 te
660 2909 731 2978 illa
751 2908 897 2993 incipit
919 2907 1086 2972 vincere.
1131 2902 1172 2970 Si
1194 2905 1282 2970 abs·

210 3011 406 3091 conditur,
439 3013 472 3077 si
509 3014 573 3078 illi
612 3015 738 3080 exitus
775 3032 847 3079 nou
888 3012 1017 3088 datur,
1054 3009 1167 3095 signa
1199 3009 1281 3075 eius

209 3116 414 3184 obruamus
438 3123 477 3186 ot
496 3119 626 3196 illam,
659 3119 841 3202 quantum
862 3119 953 3183 ficri
977 3117 1127 3202 potest,
1149 3114 1282 3180 occul-

208 3221 285 3288 tam
307 3227 583 3308 secretumque
604 3227 816 3290 teneamus.
848 3223 930 3289 Satis
941 3223 1041 3289 inanis
1053 3222 1136 3306 prior
1157 3223 1282 3287 senten·

207 3328 253 3395 tia
275 3331 324 3395 est
345 3331 389 3406 (si
411 3330 566 3396 sincere
588 3333 677 3407 cat),
712 3329 847 3395 maxims
869 3328 1034 3412 incipiendi
1056 3328 1205 3403 uerbum3
1227 3324 1282 3391 sad

208 3434 374 3502 manifesto
408 3435 538 3501 ridicula
566 3435 598 3500 in
627 3436 725 3501 altera
746 3435 902 3501 sententia
922 3432 1062 3499 condicio
1085 3436 1151 3510 est,
1181 3434 1209 3499 si
1236 3433 1281 3497 ira

211 3541 427 3618 abscondatur,
449 3542 601 3608 occultam
622 3540 790 3607 tenendam
812 3558 888 3606 esse.
915 3538 1039 3605 Excidit
1059 3539 1188 3621 aliquid,
1209 3537 1282 3603 init·

209 3663 268 3728 que
289 3648 445 3714 cantantia
472 3650 505 3714 et
525 3648 671 3713 orationis
697 3646 800 3713 forma
823 3643 1015 3713 huiusmodir
1058 3645 1193 3728 Pugna
1220 3647 1282 3708 te-

209 3768 290 3816 cum
314 3750 414 3837 ipse,
446 3754 479 3819 si
503 3755 665 3819 sincere
686 3753 783 3818 iram
807 3769 884 3816 non
905 3751 1034 3833 potes,
1068 3767 1112 3810 ne
1133 3750 1172 3812 te
1192 3748 1281 3823 illa3

208 3858 353 3943 incipis
374 3859 544 3938 sincero,
566 3860 600 3926 si
623 3859 892 3933 absconditur,
915 3857 948 3922 si
969 3854 1037 3920 illi
1062 3855 1189 3920 exitus
1212 3871 1282 3919 non

210 3962 334 4029 datur.
389 3965 482 4050 (Ergo
514 3965 573 4031 boc
611 3965 732 4030 efficere
775 3962 982 4042 studeamus.)
1042 3959 1162 4044 Signa
1194 3959 1282 4024 eius

209 4067 416 4132 obruamus
455 4071 492 4134 et
527 4071 642 4137 illam
671 4117 714 4137 ..
746 4116 755 4136 .
782 4068 978 4135 occultam
1010 4067 1283 4150 secretamque
