2662 5046
200 733 207 747 ι
338 712 340 715 ,
445 655 583 714 'Cioeronts
600 658 753 717 Rbetorioa.
821 625 833 645 x
1033 668 1094 733 193

1 874 2 903 ι
65 854 92 917 ot
116 852 182 919 aliie
203 855 286 919 ante
310 821 476 938 adigere
497 854 543 937 (in
564 855 653 922 codd.
676 855 785 923 sibus
806 857 980 943 adiuero)
1012 867 1137 936 additur

64 958 208 1025 finibus
230 957 443 1044 regendis
466 961 674 1028 necessarium
695 979 757 1028 non
778 965 836 1029 eet

154 1064 226 1133 lbd
248 1063 295 1126 44
320 1063 477 1129 senuntie
507 1066 539 1130 et
562 1065 701 1132 oodionm
731 1069 870 1154 vestgiis
891 1069 957 1137 bau
978 1075 1132 1159 scriptura

65 1170 236 1236 stabilitur:
284 1168 721 1254 Croesus...erernplie
736 1172 921 1255 plurimis
942 1196 1033 1246 usne
1052 1186 1131 1263 eet,

66 1276 265 1359 quiqaum
286 1275 531 1340 testamento
551 1276 608 1341 eiu
622 1275 787 1343 heredes
809 1278 983 1344 instituti
1001 1297 1131 1367 esseni,

65 1380 123 1448 si.
146 1429 156 1448 .
179 1428 188 1445 .
219 1381 420 1455 uenisset,
451 1380 722 1448 hereditatem
745 1382 1022 1455 obtinuissent
1062 1393 1131 1476 Ap·

64 1488 146 1569 peret
166 1504 288 1569 quum
320 1484 359 1550 ob
379 1485 559 1568 precedens
585 1487 651 1571 qni
679 1487 839 1563 excidisse,
873 1507 910 1554 ex
947 1492 1130 1563 instituti

66 1593 193 1657 essent
222 1592 336 1656 natum
360 1590 672 1658 instituissent
721 1591 889 1671 (Omninm‘
912 1596 1041 1664 minime
1062 1601 1130 1666 ob·

65 1695 283 1761 tinnieaent
316 1713 353 1760 er
387 1695 621 1761 obtinerent
660 1696 769 1762 netum
812 1693 880 1764 es‘ee
917 1701 1033 1782 potest3
1071 1723 1128 1771 nee

65 1802 224 1885 qnisquam
256 1799 384 1882 antiqno
411 1799 584 1865 verborum
609 1819 668 1867 usu
694 1802 784 1868 heres
810 1803 857 1868 eiu
877 1802 1061 1884 instituitur,
1092 1810 1128 1874 nt

64 1907 267 1973 hueditatem
288 1905 447 1987 obtineat.)
689 1897 692 1903 ’

158 2011 229 2078 lbd.
262 2009 321 2075 49:
372 2009 469 2076 Sunt
504 2011 728 2077 etiam-illa
763 2011 876 2076 velie
909 2014 1127 2094 contrarie,

66 2136 142 2200 qnae
170 2115 428 2201 appellantur
453 2115 659 2200 negantia,
691 2109 941 2199 oiuopaoeao'
975 2117 1125 2197 Grues,

65 2221 265 2288 contrarie
292 2221 504 2288 aientibus.
555 2221 663 2305 Inepte
692 2223 725 2288 et
749 2221 878 2288 ridicule
908 2223 1042 2308 primum
1069 2245 1126 2292 ne-

63 2329 165 2411 gentia
192 2327 333 2393 absolute
364 2324 558 2410 appellentur
579 2326 744 2406 oontruia
776 2328 865 2412 qnasi
898 2328 931 2394 in
963 2328 1039 2411 ipsis
1068 2330 1125 2397 hoo

63 2432 145 2511 insit,
177 2432 292 2498 deinde
313 2432 387 2498 huie
417 2431 631 2517 superponitur
650 2431 801 2508 alterum,
823 2431 905 2514 qnod
932 2452 1040 2500 verum
1067 2439 1125 2511 eet,

64 2539 209 2605 euteria
253 2557 299 2604 ea
339 2555 407 2604 eeee
450 2537 612 2603 aientibus
660 2533 953 2602 Seribendnmt
904 2541 972 2602 eet:
1025 2538 1125 2605 Sunt
1157 2568 1163 2580 ·

64 2645 178 2710 etism
221 2644 295 2710 ills
341 2643 453 2708 valde
498 2640 712 2715 contraria,
755 2659 836 2724 qna
870 2643 1124 2725 appellantur

61 2749 246 2834 negantia
277 2740 535 2832 (oinopoocaoi
566 2745 715 2824 Gnaei),
745 2744 953 2813 aientibus.
1007 2749 1044 2812 In
1072 2748 1122 2814 bie

61 2855 227 2921 uunnotie
257 2853 347 2919 vuldo
378 2853 502 2917 lirinum
535 2851 568 2916 et
595 2849 797 2916 menifestum
824 2868 972 2934 apparere
1000 2855 1122 2919 eonta-

60 2958 131 3025 rium
154 2959 281 3024 dicitnr.
325 2956 465 3040 (Gnaei
485 2954 634 3036 oodieoe.)

151 3059 381 3130 Ibd.63:.Non
401 3059 554 3144 agitnrde
566 3058 831 3136 fortunaesentn
852 3059 916 3134 ead,
933 3059 1120 3129 onmCioero

62 3168 199 3251 dirimet,
221 3169 356 3234 latere
377 3183 496 3240 uuam,
517 3182 595 3249 qna
616 3164 812 3231 subiecta
832 3152 912 3231 sint
931 3166 1122 3240 tortunae.

61 3275 223 3359 ubinngit,
241 3273 299 3340 boo
320 3273 399 3357 ipso,
421 3271 504 3356 quod
524 3271 641 3345 intent,
668 3270 816 3337 eontineri
845 3270 976 3347 fortuna
1000 3273 1066 3339 sinn
1086 3274 1121 3338 et

59 3382 215 3456 usturam,
250 3378 439 3462 fortuneque
475 3376 688 3443 definitionem
723 3376 827 3459 ponit:
881 3377 962 3443 Hoc
992 3378 1119 3462 ipsum

61 3487 117 3552 est
132 3485 325 3571 fortuna,
360 3483 527 3550 eventus
549 3483 713 3570 obseura
736 3499 855 3548 eausa
887 3484 927 3548 et
946 3481 1121 3548 latenter

61 3590 316 3675 effeetuqant
348 3588 470 3673 potins:
511 3590 694 3664 eventus,
728 3586 793 3673 qai
826 3587 927 3655 obsu
963 3605 989 3652 o.
1025 3587 1063 3651 et
1096 3586 1120 3652 l.

60 3695 236 3762 efficitur.
280 3687 401 3773 (Τοῦτ’
434 3685 520 3760 αὐτό
551 3697 621 3759 ἐστι
655 3686 756 3780 τύχη,
793 3686 963 3778 σύμβαμα
993 3684 1119 3776 doaso

61 3801 141 3887 utuiqe
163 3800 221 3867 aul
244 3795 447 3885 λεληθότως
467 3795 699 3885 γιγνόμενον.)
707 3800 732 3879 ¹)

63 3970 252 3985 —n———nn-

85 4090 105 4157 1)
121 4091 154 4145 ln
172 4089 269 4146 libello
287 4087 322 4146 te
340 4093 397 4162 epu
414 4100 518 4160 genere
536 4091 608 4146 oret.
629 4088 692 4151 dll
711 4084 858 4142 nemesio
876 4099 891 4139 e
909 4085 966 4141 eod.
983 4085 1117 4156 antiquis·

122 4183 190 4238 simo
209 4181 381 4253 Sangallensi
406 4178 560 4250 ponendum
588 4194 646 4234 aaa
669 4177 793 4233 volunt
811 4183 869 4246 (pro
893 4177 1046 4242 nolunt),
1072 4177 1117 4230 hio

122 4274 150 4328 in
176 4273 300 4344 margine
324 4288 430 4330 monere
451 4271 541 4328 lineat
576 4270 715 4327 Notuntnr
738 4268 860 4324 homines
881 4267 974 4323 Attice
1000 4266 1054 4321 diei
1078 4266 1117 4319 eie

124 4365 254 4432 iubentes,
281 4368 314 4420 nt
341 4380 443 4420 moroso
472 4362 583 4419 instiffio
607 4361 727 4418 Atticam
755 4359 914 4429 eloquentia
941 4359 1053 4414 formam
1086 4357 1116 4411 in

126 4458 181 4513 sela
196 4458 319 4514 usoibte
346 4456 441 4513 omniu
453 4454 568 4526 grandia
597 4457 626 4510 et
642 4454 723 4525 plene
740 4452 844 4507 sitente
862 4452 972 4520 ponant.

107 4549 210 4585 mareu
221 4550 363 4585 ameum.
385 4546 408 4585 n.
843 4611 846 4618 ι
886 4550 916 4595 qq
