2678 5016
1025 632 1086 713 its

165 848 231 913 Ibd.
248 845 330 930 1203
343 865 409 939 sqq.
432 845 594 927 (Hercules
605 845 724 929 querit,
747 845 1126 934 quisliberosoooiderittz

214 954 282 1018 lum
302 951 368 1016 toln
388 949 475 1016 rideo
497 954 615 1028 nostru
638 970 696 1019 non
718 965 975 1037 qurero'mtuum.

217 1058 292 1140 Quis
313 1057 416 1140 potuit
435 1075 540 1123 troum
562 1058 685 1124 llootsro
706 1061 760 1124 snt
780 1078 847 1143 quae
867 1060 992 1157 donmrs

215 1166 337 1232 sinum
358 1182 467 1228 nervos
488 1164 520 1228 ui
540 1164 668 1230 eodente
690 1164 788 1229 mihi?

65 1271 292 1347 Siooode1E.
325 1289 384 1336 non
409 1283 593 1346 neruum,
625 1271 793 1346 nteriori,
825 1290 882 1337 neo
910 1273 1125 1338 oedentem.

64 1379 124 1445 Ubi
145 1379 185 1443 ni
206 1377 365 1454 scribitur,
397 1395 503 1442 vorem
532 1379 584 1440 snt
616 1376 767 1460 syllsbsm
789 1376 913 1462 longum
948 1380 981 1444 et
1000 1379 1126 1445 brevem

63 1487 117 1551 sut
136 1488 204 1550 tros
226 1483 333 1549 breves
354 1483 490 1567 requirit.
525 1483 690 1548 -Alieurm
713 1485 761 1548 est
786 1483 981 1563 resedere
1023 1486 1126 1569 itsqno

64 1590 237 1657 exolnditur
250 1590 345 1655 ffinm
367 1591 441 1655 uix.
485 1589 599 1655 Iusta
620 1591 675 1654 snt
695 1587 821 1655 invite
841 1590 977 1657 oodsro
998 1592 1127 1656 barben

63 1700 144 1775 snut,
165 1695 312 1780 quonium
334 1695 507 1761 huiusmodi
528 1695 674 1762 edisotiri
688 1697 830 1761 nentrum
846 1696 1021 1763 huiusmodi
1037 1697 1127 1763 verbo

66 1823 116 1886 pro
136 1802 285 1869 sdverbio
306 1800 431 1884 sdinngi
452 1801 567 1884 nequit.
610 1800 754 1884 Relinqui
775 1802 909 1868 ridetur:

189 1967 191 1971 ,
215 1909 337 1974 sinmro
357 1925 468 1972 nervos
490 1907 566 1971 rite
587 1905 770 1972 oedeutos
791 1907 879 1975 mihi.

163 2013 226 2079 Sed
247 2014 281 2078 in
301 2031 330 2077 v.
355 2010 436 2075 1203
464 2011 594 2078 fortusse
622 2012 835 2078 seribendum:
878 2000 966 2080 num
999 2034 1127 2099 quaero
1176 2019 1180 2027 '

61 2122 243 2185 monum?
284 2117 393 2199 (Godd.
413 2118 538 2203 quidum
560 2119 742 2184 roosntiores
763 2130 889 2193 nuno).
943 2121 1127 2188 Etiamnunc

68 2228 146 2291 enim
169 2225 293 2291 dubitat
313 2225 461 2291 Hercules
481 2227 515 2290 ot
535 2245 563 2290 v.
587 2224 712 2290 domum
735 2224 814 2288 1206
843 2227 1009 2311 genitorem
1031 2228 1128 2294 inter·

67 2335 152 2418 rogat
173 2334 206 2396 et
227 2331 280 2396 illo
300 2333 422 2397 tecente
444 2350 533 2397 sunm
556 2350 623 2399 osse
644 2331 746 2396 scelus
767 2330 911 2397 affirmet.

164 2437 235 2504 lbd.
260 2437 341 2501 1290
362 2457 446 2522 epp:

217 2545 341 2629 igneve,
362 2561 475 2625 osseus,
497 2543 584 2609 fortis
605 2543 637 2608 in
660 2560 768 2625 pueros
790 2544 881 2609 modo

217 2650 418 2734 pavidumque
439 2652 593 2715 matrem?
625 2651 723 2715 Arma
744 2649 804 2716 nisi
826 2650 938 2716 duntur
957 2649 1044 2727 mini,

217 2759 384 2822 automno
405 2756 495 2821 Pindi
517 2756 643 2821 Thracis
665 2756 802 2822 oroidom
824 2775 943 2832 nemus,
994 2779 995 2784 ¹

218 2861 393 2946 Bsoohique
413 2862 497 2928 luoos
519 2867 550 2928 st
572 2862 754 2929 tithaeronis
774 2864 847 2947 iugo
885 2884 889 2892 ·

217 2987 339 3035 modurn
362 2970 513 3046 cremabo,
534 2971 589 3034 ont
609 2970 674 3034 tota
694 2987 764 3034 oum
786 2968 925 3034 domibus
946 2969 1010 3036 suis

220 3074 412 3158 dominisque
431 3077 524 3148 tootn.
547 3094 617 3141 oum
640 3075 705 3143 dois
726 3075 844 3159 templs
864 3075 1005 3141 omnibns

173 3167 177 3177 ’
217 3181 364 3247 Thebans
385 3201 477 3265 eupre
497 3200 604 3264 oorpne
626 3180 774 3262 excipiam
798 3199 911 3247 meum.

68 3286 182 3371 lpseooe
203 3288 389 3363 vocativum,
422 3306 535 3373 puoso
557 3286 705 3352 Horoules
727 3287 870 3370 appellnt,
903 3287 971 3353 sine
991 3289 1127 3354 necessi·

67 3397 129 3460 tete
151 3394 325 3460 Gronovius
347 3394 378 3458 in
399 3393 512 3478 mosea
532 3393 675 3467 mutavit,
696 3394 731 3457 ut
752 3393 792 3458 ad
816 3393 954 3459 dextram
979 3402 1020 3471 (v.
1037 3393 1129 3471 1288)

66 3501 241 3566 referrem.
301 3500 336 3565 ln
359 3521 386 3565 v.
407 3501 491 3563 <1294
513 3509 566 3562 aut
587 3501 670 3564 rente
692 3499 819 3565 Bothins
841 3500 960 3566 addidit
996 3501 1043 3578 (et
1064 3499 1130 3566 ood.

66 3605 221 3684 iratist).
280 3603 434 3668 Domitor
466 3607 543 3671 estis
574 3608 701 3689 apparet
732 3610 905 3691 oorrnptum
940 3625 1006 3672 osse
1043 3612 1130 3683 (roera
1183 3657 1189 3670 .
1320 3689 1323 3696 1

65 3735 133 3775 mm
148 3711 292 3775 domibus
305 3711 398 3793 noim
419 3711 472 3776 sed
494 3730 562 3794 qun
583 3711 784 3786 substituunt
806 3712 928 3796 longine
950 3712 1129 3790 disoodnnt;

64 3817 265 3884 scribendum
285 3817 352 3882 sino
373 3815 464 3882 dubio
487 3821 551 3883 ost:

418 3927 473 3989 sut
492 3926 560 3988 totu
581 3939 650 3986 enm
672 3920 843 3986 hertnidus
866 3923 931 3990 suis

219 4029 408 4113 dominisque
430 4031 520 4095 teotu.
692 4090 695 4097 Α

168 4136 251 4201 Huic
287 4138 376 4200 sonte
412 4134 597 4200 oontrsrium
634 4133 771 4199 redditur
807 4156 875 4197 oum
910 4136 973 4200 deis
1009 4137 1129 4222 temple.

67 4241 200 4306 Pindum
224 4241 374 4306 Thrtoem
397 4240 445 4306 nix
467 4242 538 4317 loro,
560 4241 625 4307 lero
639 4243 744 4306 tamon
765 4240 797 4304 in
819 4241 874 4306 hoo
895 4242 978 4308 ineni
1001 4244 1156 4337 strepitu,

68 4347 162 4412 stium
184 4349 355 4412 nominum.
386 4403 389 4408 .
420 4346 550 4433 (Othryn
580 4349 613 4414 in
642 4346 804 4412 Thmoinm
833 4348 993 4413 transtulit
1014 4347 1131 4415 stetim
1188 4354 1191 4359 “
1230 4417 1232 4420 ,

67 4452 165 4519 Theb.
192 4452 355 4531 1v‚655.)

117 4584 227 4619 ΙΔΜΰΙΙ
239 4586 320 4619 unns.
331 4583 381 4616 cun.
404 4583 426 4617 ll.
918 4567 933 4612 ⁸
