2656 5056
450 687 481 743 L.
501 688 606 743 Senecae
624 689 758 758 Epistola.
1026 689 1086 752 491

64 887 280 952 existimas
319 885 536 960 interesse,
576 889 706 952 utrum
739 886 903 969 aliquis,
946 888 1042 973 qnod
1086 887 1130 952 de

64 996 151 1057 rata
185 989 253 1056 sed
286 990 381 1073 qnod
413 992 650 1073 prestabat,
692 992 903 1073 sumpserit
935 1013 977 1058 an
1015 995 1129 1059 bene·

62 1097 206 1162 ficium
238 1095 455 1178 acceperit,
488 1099 530 1160 nt
551 1097 672 1161 daret.
724 1095 868 1178 Optimus
890 1099 1009 1163 Eraemi
1032 1118 1134 1181 pree-1

61 1204 212 1275 staret,
245 1220 323 1266 unns
355 1200 498 1284 Opsopoei
529 1202 753 1283 praestaret.
806 1201 962 1268 illicitur:
999 1208 1128 1268 ntrum

61 1283 232 1390 aliquis,
269 1305 367 1388 qnod
404 1305 528 1381 daret,
567 1325 585 1370 a
627 1326 682 1384 se,
721 1307 817 1389 qnod
853 1312 996 1390 praesto
1028 1314 1127 1382 erat,

62 1414 286 1495 sumpserit
308 1431 351 1476 an
375 1415 431 1476 oet.
488 1412 636 1477 Praesto
668 1414 754 1477 erat
775 1413 897 1494 Lipsius
918 1414 1086 1488 invenerat,
1109 1433 1127 1478 a

61 1538 103 1583 se
127 1518 273 1583 Haasius.
322 1516 483 1582 Postremo
504 1517 522 1600 §
545 1514 583 1578 21
608 1517 673 1593 (20)
695 1517 760 1603 haec
786 1519 931 1583 eduntur:
975 1520 1126 1584 lnaesti·

62 1623 249 1687 mabilem
304 1623 398 1703 (rem)
444 1626 682 1688 consecutus
734 1643 788 1701 es,
841 1623 1125 1689 conscientiam

62 1729 192 1813 grati,
216 1747 296 1812 qnae
318 1729 394 1793 nisi
415 1729 453 1791 in
474 1727 642 1793 animum
665 1726 837 1791 divinum
859 1727 1127 1794 fortunatum·

62 1854 138 1918 que
172 1853 246 1900 non
283 1834 473 1915 pervenit.
526 1830 568 1897 In
602 1832 840 1898 contrarium
873 1838 1002 1899 autem
1038 1834 1126 1899 huic

61 1940 259 2005 aflectum
295 1958 442 2005 summa
472 1939 697 2004 infelicitas
731 1941 852 2021 urget
897 1939 995 2018 Quem
1017 1943 1126 2023 urget?

59 2050 93 2111 et
115 2046 190 2129 quid
213 2049 260 2111 est
284 2064 392 2128 erpere
413 2045 447 2105 in
468 2046 654 2106 contrarium
676 2045 840 2129 affectum?
875 2044 1024 2109 Tollenda
1045 2064 1123 2127 prae·

60 2152 173 2235 positio
213 2154 276 2215 est:
332 2150 578 2216 Contrarium
623 2153 754 2214 antem
800 2149 888 2214 huic
932 2148 1124 2215 affectum

60 2258 230 2342 (ingratum
253 2257 402 2331 animum)
424 2275 572 2321 summa
592 2255 819 2320 infelicitas
841 2259 967 2340 urget.

162 2363 219 2445 Ep.
243 2361 295 2437 82,
317 2361 351 2424 2:
375 2360 525 2425 Deinde
549 2361 719 2426 delicati
740 2361 843 2425 idem
861 2358 1122 2433 timentmori,

60 2469 121 2533 cui
152 2469 276 2533 vitam
313 2485 420 2532 suam
451 2467 582 2531 iecere
611 2466 791 2531 similem.
847 2467 922 2547 Quis
949 2487 1009 2533 non
1032 2468 1123 2540 uidet,

62 2592 156 2657 prave
190 2573 332 2657 coniungi
369 2572 482 2637 idem·
512 2572 628 2645 mori,
673 2576 705 2636 et
748 2573 931 2637 sententiam
972 2573 1125 2655 requirere

60 2680 218 2744 notionem
257 2678 430 2761 generalem
456 2678 586 2754 (idem,
631 2679 732 2757 cui)‘?
786 2681 833 2742 Ae
869 2696 906 2742 ne
938 2677 1123 2750 dubitemus,

61 2786 134 2849 boni
170 2784 291 2850 codices
331 2786 371 2863 (P
411 2786 471 2859 Ab,
511 2784 575 2861 alii)
610 2785 725 2849 habent
760 2785 895 2857 morti,
937 2783 1124 2865 adscriptum

61 2890 243 2955 declarandi
278 2909 371 2956 causa
404 2892 443 2956 ad
475 2891 538 2955 cui
569 2890 705 2972 (idem,
740 2890 826 2967 cui).
884 2889 955 2953 Vita
977 2892 1125 2971 praterea

59 2996 172 3061 talium
211 2995 365 3062 hominum
399 3016 456 3075 nou
498 3001 546 3062 est
578 2996 689 3063 similis
727 2997 841 3062 actioni
872 2994 1034 3070 moriendi,
1069 2993 1124 3057 sed

59 3103 165 3177 morti,
189 3102 244 3167 hoc
267 3105 323 3178 est,
347 3108 536 3169 mortuorum
557 3102 738 3168 condicioni.
807 3102 843 3166 In
866 3105 886 3181 ξ
910 3099 950 3162 10
971 3102 1002 3164 et
1024 3100 1125 3182 priore

60 3208 192 3290 perte§
219 3211 251 3269 ll
280 3208 312 3285 (9
334 3212 366 3272 at
390 3208 453 3284 10),
485 3227 575 3292 quern
598 3208 698 3272 locum
720 3207 854 3272 Haasius
877 3226 912 3271 eu
933 3206 1124 3289 interpolatis

56 3313 216 3378 codicibus
237 3316 270 3377 et
290 3315 464 3379 coniectura
486 3315 564 3378 mire
586 3313 775 3398 depravavit,
796 3314 873 3378 satis
896 3317 944 3378 est
964 3312 1064 3378 redire
1086 3311 1123 3375 ad

60 3420 180 3501 priores
202 3421 236 3503 et
257 3420 442 3486 Fickertum.
498 3419 557 3485 Sed
580 3420 660 3503 quod
683 3420 821 3502 sequitur
844 3420 874 3482 in
903 3419 930 3482 P
951 3423 983 3482 et
1002 3418 1052 3482 Ab
1080 3417 1125 3481 sic

58 3525 233 3606 scriptum:
267 3526 453 3591 laudetur
486 3545 556 3591 non
579 3525 765 3590 exsilium
795 3528 969 3607 utquam
990 3523 1124 3588 misis-

58 3634 135 3701 set,
171 3650 238 3713 qua
271 3633 436 3697 sententiae
469 3633 502 3696 et
522 3631 669 3696 orationis
702 3631 800 3694 forma
828 3628 937 3704 luerit,
967 3629 1125 3710 perspicue

57 3735 256 3802 demonstrat
287 3742 318 3802 et
349 3737 487 3821 superior
519 3737 673 3801 sententia
706 3734 906 3812 (landatur
934 3752 1003 3798 non
1030 3753 1125 3816 pau·

59 3846 216 3925 pertas.
241 3843 309 3908 sed
330 3843 416 3920 ille,
440 3861 551 3924 quem
574 3843 784 3924 paupertas
807 3857 879 3904 non
902 3839 1125 3914 submittit)

58 3949 95 4012 et
127 3948 252 4013 inferior
285 3947 485 4028 (laudatur
516 3966 589 4025 non
624 3946 750 4022 dolor,
794 3945 863 4010 sed
894 3945 982 4021 ille,
1014 3964 1124 4028 quem

59 4053 161 4118 nihil
209 4055 343 4138 coegit
377 4054 510 4131 dolor).
569 4053 635 4118 Nec
671 4054 728 4118 hoc
763 4052 878 4134 priores
910 4050 1034 4126 fefellit,
1072 4051 1124 4116 sed

57 4164 166 4225 tamen
199 4179 218 4225 a
246 4179 339 4226 causa
372 4161 484 4226 erroris
514 4163 546 4226 et
578 4161 619 4233 ab
647 4161 714 4242 ipsa
736 4158 799 4220 veri
820 4157 918 4221 forma
939 4157 1124 4222 aberrarunt

59 4266 234 4350 Scripserat
257 4268 339 4332 enim
362 4266 485 4331 Seneca
502 4265 541 4329 ad
562 4265 642 4330 hunc
663 4265 805 4329 modum:
838 4262 1026 4327 laudatur
1053 4281 1124 4325 non

56 4373 248 4450 exilium,
283 4372 364 4456 [aad
384 4370 470 4448 ille,
501 4372 647 4456 quiaic
675 4371 711 4432 in
744 4367 921 4451 exilium]
952 4368 1019 4428 inii
1042 4378 1126 4428 ten-
