2656 5056
258 286 317 348 130
619 279 681 335 Lib.
699 279 735 334 ll.
757 277 827 350 Cap,
847 281 888 337 11.

214 485 275 548 nis
304 476 540 562 ueterisque
565 476 821 542 Sullanarum
846 481 1271 566 assignationnmpoa·

213 585 448 654 sessoribus
482 584 653 669 agrariae
687 582 770 667 legi
806 590 848 651 et
884 588 1128 654 commodis
1162 584 1271 652 uestris

214 694 427 761 obsistere.
460 692 588 756 Prorsus
603 696 810 756 monstrorum
833 692 965 758 similes
990 695 1027 759 hi
1052 701 1130 761 sunt
1150 692 1271 778 tyranni

214 801 354 869 homines
387 817 423 863 ex
444 797 558 862 misero
581 800 614 861 el
635 796 739 881 egenti
762 797 974 864 Sullanorum
1000 801 1185 867 colonorum
1202 816 1270 883 grue

213 909 297 975 aerio
320 907 414 970 etium
439 920 564 968 numero
587 902 808 985 comprehensi.
856 903 1011 984 Quorum
1036 927 1143 991 neque
1163 905 1192 970 in
1211 922 1271 985 supe

215 1012 344 1078 rioribus
381 1009 571 1075 orationibus
607 1027 706 1091 neque
741 1011 771 1074 in
809 1007 932 1092 relique
978 1011 1102 1078 horum
1137 1016 1270 1096 temporeo
1312 1056 1313 1059 κ

77 1143 80 1149 ·
214 1118 363 1184 memoria
383 1115 483 1179 ullum
503 1112 718 1179 lenuissimum
741 1114 914 1196 vestigium
939 1120 1102 1201 reperias.
1134 1119 1192 1185 Sel
1206 1119 1270 1183 nru-

212 1226 293 1290 lesla
312 1211 423 1288 horum
444 1222 643 1305 tyrannorum
665 1223 714 1285 est
735 1220 829 1304 origo.
884 1221 974 1287 Nam
1002 1226 1120 1292 Cicero
1142 1227 1179 1291 ad
1204 1242 1270 1308 genu

212 1329 370 1397 hominum
393 1326 628 1412 significandum
652 1345 746 1391 unum
769 1327 955 1392 stallorum
973 1349 1094 1396 nomen
1111 1331 1269 1398 sermonila

211 1437 296 1522 vulgi
318 1436 466 1502 isotalum
496 1435 648 1518 posuerat,
678 1433 905 1498 lacerationis
928 1435 1058 1502 forma:
1088 1458 1148 1503 me
1169 1435 1269 1523 grali-

72 1527 76 1535 ’
211 1544 407 1610 licentem
446 1539 615 1628 Septimiis,
650 1538 819 1605 Turraniis
861 1543 1120 1627 ueterisque
1163 1542 1269 1608 Sulla·

212 1668 351 1715 narum
373 1644 698 1729 assignationum
729 1647 1063 1728 possessoribus.

310 1816 371 1881 Pro
394 1814 423 1880 c.
446 1810 579 1878 Rabirio
608 1809 791 1897 (perduell.)
819 1811 876 1875 24:
913 1812 968 1876 At
1001 1813 1039 1879 O.
1073 1816 1267 1883 Decianus,

210 1922 353 2007 dequo
376 1921 419 1985 tn
442 1934 870 2001 saepeeommemorus‚
901 1920 1023 2000 quia,
1048 1941 1140 1989 cum
1166 1922 1267 1988 boni·

212 2048 296 2095 nem
329 2025 516 2092 omnibus
548 2025 751 2108 insignem
780 2024 889 2089 nolis
921 2025 1266 2110 turpitudinisl.

210 2133 388 2206 Furium,
411 2131 628 2196 aeonsaret
650 2148 796 2195 summo
819 2130 960 2197 sludio
982 2133 1186 2201 bonorum
1210 2154 1267 2201 on·

209 2242 335 2314 nium,
373 2236 490 2323 queri
526 2236 590 2301 esi
625 2255 746 2302 ausus
777 2237 814 2300 io
847 2239 1048 2306 contione
1085 2242 1133 2307 do
1165 2244 1267 2307 morie

208 2345 442 2417 Saturnini,
478 2342 774 2409 condemnatus
811 2347 890 2421 eal,
928 2347 969 2410 et
1006 2345 1094 2412 Sex.
1135 2349 1266 2414 Titius.

208 2450 312 2538 qnod
333 2449 478 2517 habuit
500 2449 719 2533 imaginem
742 2447 776 2512 L.
800 2446 1023 2517 Saturnini
1056 2453 1168 2519 domi
1195 2471 1267 2529 aua,

208 2559 500 2625 condemnatus
522 2559 593 2621 ost.
635 2553 801 2657 Nusquam
812 2554 918 2623 Cicero
940 2556 1022 2623 dnus
1047 2557 1267 2626 sententiosas

207 2665 366 2749 copulatas
388 2663 495 2729 eodem
520 2663 612 2727 verbo
634 2661 821 2728 terminarit.
871 2661 1057 2731 Aliarouiro
1082 2665 1153 2732 loco
1175 2665 1267 2731 tollen·

208 2775 282 2837 dum
304 2775 352 2837 esi
373 2769 664 2835 condemnatus
687 2770 757 2834 est.

307 2931 567 3001 Pnollnronae:
590 2931 687 3013 Quis
709 2931 807 2997 mihi
828 2931 866 2996 in
889 2949 928 2996 re
951 2932 1125 3015 publiea
1148 2935 1267 3018 polesl

206 3046 274 3109 aui
296 3041 418 3106 (lebet
441 3056 528 3104 esse
547 3038 804 3106 eoninnoiior
826 3036 1011 3123 quomis,
1036 3043 1105 3107 cui
1128 3062 1191 3108 res
1210 3059 1266 3124 pn·

205 3146 315 3212 blioa
347 3164 366 3210 a
399 3162 455 3210 me
489 3164 566 3211 una
601 3144 786 3211 traditur
820 3144 1091 3224 sustinenda,
1128 3147 1265 3229 mannis
1309 3172 1310 3176 ¹

207 3252 306 3318 mois
328 3250 542 3318 laboribus
564 3253 603 3316 el
624 3250 825 3335 periculis
848 3254 1119 3320 sustentata?
1151 3253 1264 3320 blondo·

205 3379 273 3425 sum
298 3377 364 3425 esse
386 3377 460 3424 una
483 3357 582 3434 mulli,
612 3376 649 3422 ne
672 3355 772 3422 diuam
802 3374 916 3436 omnes,
943 3355 1179 3438 intellexerunt,
1200 3354 1264 3441 quod

205 3467 256 3549 qui
279 3466 347 3531 tolli
370 3464 555 3547 simpliciter
575 3465 744 3541 voluerunb
773 3463 853 3528 undo
881 3469 988 3529 nutum
1018 3468 1117 3543 esset,
1134 3481 1263 3549 *quarere

204 3575 236 3637 et
267 3572 367 3638 dicere
399 3571 488 3637 oblili
521 3572 611 3648 sunl,
645 3569 697 3653 qni
727 3569 887 3654 corrigere,
917 3568 997 3633 nihil
1019 3571 1184 3652 probabile
1204 3570 1262 3636 ere·

173 3682 316 3743 'oerunb
369 3675 538 3761 Scripseral
567 3676 690 3743 Cicero:
724 3672 787 3741 oui
819 3673 1073 3760 reipublicae
1096 3698 1155 3745 me
1182 3677 1262 3744 nnn

202 3784 384 3849 traditur
405 3782 649 3849 sustinenda
658 3829 762 3862 .....
786 3781 1034 3847 sustentata
1068 3783 1175 3852 lanuini
1195 3785 1262 3850 enim

203 3888 327 3954 ruina
342 3889 463 3956 nomine
477 3892 606 3956 utuntur
622 3888 659 3954 de
673 3890 740 3972 ipsa
755 3889 901 3953 renuenti
918 3889 975 3952 aul
988 3889 1116 3958 ruinam
1132 3891 1261 3962 minantis

202 3992 308 4074 itaquo
331 4012 433 4061 eorum
458 4016 516 4062 uso
538 3998 628 4063 ruina
650 3995 821 4063 sustinetur
842 3998 874 4060 el
902 3994 1042 4072 fulcitur,
1072 4016 1115 4064 ue
1138 4019 1205 4066 nero
1223 4015 1262 4062 res

200 4097 308 4174 oadal3
331 4104 402 4180 post
422 4103 485 4167 red.
508 4102 539 4166 in
560 4121 623 4169 son.
642 4104 681 4167 18
704 4102 796 4169 eriam
819 4101 945 4167 ruinae
967 4106 1195 4185 consulum,
1214 4105 1262 4169 boc
