2580 5054
310 681 373 755 LibJ
390 702 411 755 l.
431 699 496 769 (lap.
516 697 562 753 IV.
598 699 757 756 athenaeus.
986 701 1022 763 51

67 895 290 974 πουλύποδος
312 901 350 965 δὲ
375 893 611 983 πλικτοένη,
635 902 665 964 εἰ
687 893 782 987 λη’φῃ
804 896 888 969 acaci
913 892 1042 983 ιιάιρόν,

67 1002 162 1091 ἑφθή
186 1008 249 1091 τῆς
271 1001 394 1090 ὀπτῆς,
417 1002 461 1090 ἧν
483 998 505 1095 ᾖ
526 1008 663 1092 μείζων,
687 1005 776 1074 πολι)
800 1012 969 1093 κρείττων·

70 1108 112 1198 ἢν
134 1107 236 1180 ὀπταὶ
263 1115 294 1180 dl
319 1108 370 1180 δυ’
394 1105 462 1187 dn',
486 1115 731 1202 ἑφθῇνλαιέιν
752 1109 913 1203 a'yopev'u.

5 1219 160 1287 Uirrorum
192 1214 411 1294 πουλύποδος
444 1224 525 1286 iusto
558 1230 693 1304 ternpore
723 1229 879 1306 captorum
910 1241 976 1287 eam
1005 1237 1073 1286 esse

5 1328 193 1394 suavitatem
218 1329 309 1394 homo
338 1329 465 1412 gulosus
493 1329 649 1410 praedicat,
679 1331 723 1408 ut,
746 1332 771 1394 si
794 1349 872 1396 unus
893 1333 997 1396 coctus
1019 1329 1075 1391 aut

5 1453 95 1500 assus
118 1437 320 1516 comparetur,
344 1437 491 1501 maiorem
513 1437 663 1517 preferat.
691 1434 716 1499 si
744 1438 821 1501 duos
843 1455 929 1502 assos
950 1435 1074 1509 habeat,

5 1559 58 1605 eos
82 1539 174 1605 malit
197 1560 288 1622 quani
312 1562 408 1608 unum
431 1544 560 1608 coctum.
597 1542 774 1618 (aberravit
797 1543 991 1611 Menekine.)

111 1664 175 1727 Ρ.6
192 1685 208 1729 c
224 1666 268 1742 (in
283 1666 420 1731 Clearchi
434 1668 564 1742 verbislt
593 1668 754 1733 Τιθωνοῦ
773 1661 973 1737 Μελάνθιος
989 1672 1076 1728 ι”οιιιε

5 1767 268 1859 βουλεύσασθαι
284 1776 429 1858 βέλτιον.
453 1769 471 1839 o‘
486 1779 550 1856 μὲν
565 1769 628 1861 γοῖρ
645 1768 841 1848 α’θαναοίας
857 1766 1078 1857 ἐπιθυμήσας

5 1887 47 1945 ἐν
72 1872 220 1963 θαλάμῳ
251 1885 425 1965 κρέμαται,
456 1877 595 1946 πάντων
624 1875 692 1947 ὑπὸ
720 1875 831 1968 γήρως
858 1883 1078 1962 ἐστερημένος

6 1988 80 2051 τών
102 1980 223 2072 ἡδέων,
258 1984 458 2061 Μελάνθιος
482 1991 515 2054 δὲ
539 2016 567 2053 κ.
592 2015 619 2053 τ.
645 1991 672 2053 λ.
727 1988 840 2052 Verum
873 2005 939 2051 essa
972 1983 1080 2067 nequit

9 2100 187 2179 κρέμαται,
212 2096 354 2177 quoniam
378 2096 531 2161 Tithonus
553 2095 584 2160 in
609 2093 748 2179 cubiculo
764 2114 822 2158 non
839 2092 1002 2176 pendebat,
1025 2088 1079 2155 sed

6 2201 135 2266 iacebat
157 2203 235 2266 lecto
258 2205 312 2266 aut
333 2204 461 2285 grabato
484 2203 591 2268 lullus.
642 2203 751 2285 Neque
781 2206 881 2266 tamen
913 2218 948 2263 ex
973 2210 1079 2262 κεῖται

8 2308 87 2374 oriri
110 2310 213 2390 potuit
235 2315 407 2392 κρέμαται,
438 2310 491 2375 sod
518 2328 553 2374 en
582 2310 643 2374 alio
676 2309 764 2373 verbo
788 2308 889 2372 minus
911 2307 1027 2371 usitato
1049 2304 1082 2367 et

10 2401 97 2480 s'enis
132 2414 279 2496 decrepiti
315 2417 455 2481 miseram
494 2416 706 2483 condicionem
744 2415 843 2500 inagis
877 2413 1080 2497 significante.

9 2522 159 2587 Fortasse
195 2522 358 2589 Clearchus
395 2524 560 2605 scripserat
595 2529 880 2609 χρέμπτεται,
925 2519 1018 2583 tussit
1052 2518 1084 2579 et

10 2630 108 2713 spuit.
133 2629 248 2705 (Editio
270 2629 385 2694 Aldina
406 2630 499 2695 habet
521 2635 702 2715 κρέμαται.)

122 2753 154 2816 P.
171 2755 234 2818 98:
257 2748 342 2818 ‹ilirr'
365 2751 438 2841 μήν
454 2750 532 2822 ουἰλὲ
556 2757 851 2839 στεφανουμένους
866 2742 942 2814 aridi
958 2769 1086 2830 μυρου·

14 2866 147 2948 μένους
176 2875 269 2925 ποιεῖ
291 2862 481 2946 (Homerus),
509 2858 622 2945 ὥσπερ
652 2857 729 2926 odda
758 2858 971 2940 capricorno,
1001 2846 1086 2918 a’lld

16 2964 164 3034 παντων
185 2961 315 3033 τούτων
339 2962 501 3034 α’πολύαιν
522 2965 605 3041 ’τούς
626 2961 836 3051 οἷνθραλπους
852 2968 900 3034 εἰς
917 2956 1088 3026 εὐτέλειαν

18 3078 77 3142 καὶ
109 3068 316 3159 αὐτάρκειαν
343 3083 520 3161 ἐξαιρεῖται
551 3070 632 3149 τους
654 3069 791 3159 πρώτου
813 3069 985 3155 (πρωτοὺ).
1036 3063 1089 3129 Sit

17 3182 117 3251 codex
151 3181 318 3260 Parisinus
353 3185 439 3249 cuius
472 3183 567 3249 solius
600 3184 766 3264 scripturas
799 3179 849 3243 hic
878 3178 923 3253 (in
943 3174 1089 3257 epitome)

17 3292 148 3356 notatas
187 3289 345 3355 habemus.
404 3289 535 3355 Videtur
571 3291 666 3355 ellici:
705 3285 866 3367 ἐξαίρει
904 3282 972 3347 καὶ
1010 3273 1090 3349 τούς

19 3396 226 3483 πρώτους
249 3398 342 3479 (ipsos
365 3398 517 3480 principes
539 3397 586 3460 his
610 3396 780 3461 virtutibus¹
798 3390 943 3464 extollit).

23 3608 25 3611 ,
93 3539 160 3605 Ρ.
181 3541 272 3603 200:
295 3535 386 3606 τόν.
403 3533 628 3660 ..ὀρχφοτήν
644 3542 722 3623 Μέμ
715 3542 819 3622 ιφινέ
805 3522 1091 3610 ἐκαλτοαναπαρ·

17 3656 198 3742 χαῖζονιις
227 3645 293 3732 τήν
323 3642 377 3713 δια
401 3673 462 3712 του
486 3642 641 3732 σώματος
670 3639 777 3711 αυτου
806 3664 938 3724 ararnio
960 3637 1002 3724 τῇ
1025 3634 1093 3699 τών

21 3755 161 3831 πόλεων
184 3750 382 3878 α’ρχαιοτέρα
404 3780 458 3819 και
452 3756 578 3839 βασι
582 3758 772 3837 ιιιωτέρᾳκ.
795 3775 823 3813 τ
847 3751 875 3812 λ.
934 3739 1093 3809 Sententia

21 3867 152 3954 flagitat
175 3891 218 3965 ap
240 3866 309 3930 τῶν
331 3859 464 3929 πόλιον
493 3855 756 3947 ιῖρχαιοτιῖτφ
786 3882 839 3921 ναι
869 3853 1094 3940 βασιλικω-

20 3977 153 4065 τάτη,
175 3953 274 4057 neque
297 3972 342 4038 ita
364 3989 432 4036 raro
454 3989 472 4034 a
494 3967 628 4034 librariis
651 3963 831 4048 superlativi
849 3968 880 4028 ot
895 3952 1095 4040 comparativi

22 4083 264 4157 terminationes
293 4076 481 4145 commutari
508 4077 614 4141 uotum
646 4076 709 4148 est;
739 4070 882 4138 cl..Adv
912 4066 986 4132 Orit.
964 4063 1032 4128 tl
1063 4078 1094 4142 p.

20 4198 100 4269 227,
123 4192 194 4265 541,
217 4190 285 4249 624
312 4186 381 4249 678.

131 4333 166 4399 P.
189 4332 229 4394 25
252 4348 268 4394 c
292 4329 335 4405 (in
362 4325 470 4392 Eubuli
498 4324 663 4398 versibusl:

182 4430 255 4503 αλλ’
278 4429 355 4501 οὐδὲ
378 4434 464 4518 μιάν
486 4427 595 4515 α’λλην
617 4428 754 4511 ἑταίραν
776 4423 842 4491 alla·
863 4447 914 4496 τις

183 4538 295 4612 αὐτῶν
318 4569 343 4607 ιι.
368 4567 396 4605 τ.
420 4542 450 4605 λ.

860 4636 897 4703 4*
