2656 5056
248 281 310 343 512
607 279 878 350 musteum.

308 481 367 562 Ep.
390 476 460 549 121,
481 478 502 537 4
524 477 586 558 (5):
629 477 712 541 Non
743 476 930 542 desistam
966 528 974 541 .
1003 529 1043 542 ..
1074 482 1175 546 votis
1204 482 1259 546 ob·

207 592 395 669 strepere.
456 581 621 660 Quidni?
656 602 738 646 cum
760 582 924 647 maxima
946 585 1139 651 malorum
1161 590 1260 670 opta·

169 711 173 727 ¹
206 693 379 756 serimus
401 692 440 753 et
461 706 504 752 cx
524 688 805 770 gratulatione
832 691 963 752 natum
985 690 1058 763 sit,
1079 691 1259 775 quicquid

206 796 461 879 adloqnimur.
521 792 572 858 Sic
606 793 728 858 codices
763 794 1111 877 (antelloquimur)
1136 797 1258 861 etllaa·

206 902 282 977 sius,
303 903 369 966 sine
390 918 499 977 sensu;
526 899 720 982 perspicuum
742 900 790 961 est
811 899 903 975 enim,
939 901 1109 965 stultitiam
1131 907 1259 967 uotorum

209 1011 414 1076 humanorum
452 1024 489 1070 er
511 1024 547 1069 eo
569 1004 697 1076 ostendi,
720 1003 812 1086 quod,
833 1023 900 1086 quae
931 1024 1014 1070 nunc
1046 1007 1205 1091 lugeamus
1234 1010 1259 1071 et

208 1116 318 1199 quibus
340 1115 464 1180 liberari
485 1111 653 1193 cupiamus
676 1128 712 1174 er
734 1113 804 1175 uoto
828 1109 917 1175 nobis
947 1110 1122 1176 acciderint
1146 1117 1258 1178 etcum

208 1214 414 1305 gratulatione
448 1219 573 1298 accepta
603 1218 676 1280 sint.
733 1215 794 1279 Sed
824 1215 903 1298 quod
925 1215 1086 1282 liclrertus
1111 1219 1257 1283 substituit

207 1323 399 1408 quicquid
427 1321 691 1405 obloquimur,
719 1321 813 1385 etiam
835 1322 959 1402 pravius
982 1326 1046 1399 est;
1085 1323 1164 1388 nihil
1186 1324 1257 1388 enin

206 1427 291 1493 aliud
312 1430 361 1493 est
379 1430 455 1494 nisi:
482 1426 670 1511 quicquid
692 1430 829 1491 contra
849 1442 937 1510 (quos
958 1430 1013 1492 aut
1034 1429 1154 1511 quodi)
1175 1429 1258 1493 dici·

205 1553 295 1598 mos.
351 1533 494 1616 Suspicor
530 1533 642 1597 fuisse:
690 1532 878 1615 quicquid
915 1533 1135 1597 amolimur.
1186 1535 1257 1600 Nan

204 1641 456 1704 lacrimamus
484 1637 578 1703 nimis
599 1637 689 1720 longe
711 1638 786 1702 abit.
833 1639 976 1721 Sequitur
997 1640 1014 1721 ξ
1040 1639 1134 1717 6(7);
1154 1641 1257 1705 Nemo

204 1765 303 1827 aegrs
326 1745 492 1809 molitur
513 1745 628 1808 artus
650 1760 757 1823 snos;
781 1759 890 1806 nemo
912 1741 948 1806 in
970 1761 1043 1807 usu
1065 1748 1124 1812 sni
1144 1747 1256 1812 haesit

205 1851 263 1914 Ad
285 1851 356 1915 hoc
389 1850 501 1916 sdita
522 1849 701 1930 protinus
733 1847 899 1922 faciunt;
933 1864 1014 1912 oum
1044 1849 1114 1916 lrao
1137 1855 1257 1918 scien-

204 1956 259 2020 tia
290 1956 502 2038 prodeunt,
550 1954 740 2017 instituta
775 1959 995 2024 nascuntur.
1051 1958 1257 2025 Offenditme

202 2062 372 2144 perlectum
395 2080 491 2126 noum
525 2059 669 2137 (haesit)
701 2059 782 2124 inter
803 2063 905 2126 cetera
926 2065 1105 2145 praesentim
1139 2062 1259 2129 offendit

203 2167 372 2242 sententia;
409 2184 507 2248 neque
532 2165 613 2229 enim
636 2164 769 2229 adhoc
797 2166 909 2233 edita
930 2172 1011 2234 recte
1033 2171 1188 2243 dicuntur,
1210 2165 1258 2231 sed

203 2274 262 2338 troc
283 2277 332 2349 (ut
354 2271 522 2338 moliantur
542 2271 642 2346 artus)
671 2269 797 2334 iaciunt.
847 2272 1063 2341 Scribendum:
1098 2293 1206 2339 uerno
1226 2274 1257 2336 in

202 2397 271 2442 usu
314 2379 375 2443 sni
418 2375 589 2451 lenitam
631 2376 698 2440 loc
742 2375 849 2441 edita
885 2380 1065 2461 protinus
1099 2380 1257 2445 faciunt

203 2483 370 2566 Aliquanto
409 2481 490 2546 infra
531 2479 552 2566 ξ
584 2481 625 2542 24
657 2481 688 2545 in
721 2481 746 2545 B
778 2502 798 2564 p
832 2484 959 2567 aliisque
993 2486 1038 2550 sic
1071 2487 1257 2559 scribitur¹):

203 2589 372 2653 Primum
395 2588 464 2653 hoc
491 2588 802 2653 instrumentum
823 2589 909 2655 illis
932 2591 989 2668 (sic
1010 2612 1045 2674 p;
1069 2594 1095 2657 B
1118 2598 1151 2659 et
1171 2590 1257 2674 pleri·

201 2713 261 2777 qus
295 2694 382 2769 ille)
419 2694 559 2756 natura
600 2694 771 2758 contulit
815 2695 859 2758 ad
894 2699 1194 2778 permanendum
1225 2699 1257 2762 in

201 2799 518 2863 conciliationem
551 2799 587 2861 et
608 2798 823 2862 caritatem
846 2800 913 2863 sui.
943 2786 1041 2867 xNon
1077 2804 1259 2886 poterant

200 2904 312 2970 salva
355 2921 456 2978 esse,
504 2902 584 2967 nisi
625 2903 791 2967 uellent.
842 2904 919 2970 Nec
951 2907 1258 2992 nonhocperse

199 3017 279 3091 (per
310 3026 349 3072 se
381 3026 441 3072 om.
473 3020 518 3089 p.)
556 3008 800 3089 profuturum
835 3011 935 3084 crat,
968 3011 1035 3076 sed
1074 3013 1161 3078 sine
1193 3013 1257 3076 hoc

200 3114 312 3180 nulla
344 3132 405 3177 res
432 3112 662 3195 profuisset.
723 3113 799 3178 Sed
830 3114 868 3179 iu
903 3117 1014 3182 nulla
1045 3119 1258 3200 deprendes

200 3219 398 3284 vilitatem
421 3219 487 3290 sui,
504 3235 546 3281 ne
564 3217 845 3301 negligentiam
862 3221 1024 3301 quidem.
1046 3223 1188 3290 Ridicule
1199 3225 1258 3288 edi-

199 3324 495 3410 turaplerisquein
517 3323 797 3388 conciliatione
820 3325 1040 3393 etcaritato
1057 3330 1126 3395 sui.
1160 3328 1259 3409 Quod·

197 3447 269 3494 narn
292 3429 372 3494 enim
396 3429 454 3494 hoc
485 3427 600 3493 Seneca
632 3428 707 3494 dicit
739 3429 1004 3496 instrumentum?
1052 3433 1093 3499 lit
1125 3455 1184 3519 qno
1214 3437 1258 3499 in·

196 3537 367 3599 strumento
398 3552 474 3616 opus
507 3535 555 3598 cst
586 3532 626 3598 ud
658 3535 898 3617 permanendum
930 3537 961 3601 in
989 3541 1207 3607 conciliatione
1228 3543 1257 3605 et

195 3737 393 3745 ——---

220 3877 241 3944 ¹)
268 3877 300 3931 ln
319 3878 408 3933 codice
438 3881 511 3935 enim
539 3897 556 3949 p
580 3881 667 3936 medio
693 3883 796 3938 inserta
822 3888 885 3939 sunt
915 3886 1036 3956 quadam
1061 3888 1134 3953 folio,
1163 3889 1258 3960 quibus

265 3970 440 4027 continentur
469 3989 508 4043 ep.
528 3975 594 4039 121,
625 3978 657 4031 11
682 3975 718 4030 ed
739 3979 789 4032 122
814 3980 879 4032 extr.
904 3978 997 4043 simili,
1030 3983 1112 4050 atquc
1143 3983 1257 4053 relique.

264 4074 346 4114 manu
364 4064 478 4132 scripte.
