2654 5010
413 658 571 716 Ammianus
588 659 775 716 Marcellinus.
1027 658 1088 723 267

164 855 244 921 ibid.
280 856 297 939 ξ
331 856 388 922 7οε
434 857 507 921 His
549 856 650 923 locis
686 856 995 940 Paropanisadae
1038 857 1132 922 sunt

54 962 248 1045 proximi,
292 961 413 1027 lndos
455 961 502 1028 ab
545 962 704 1028 oriente
740 964 1040 1047 Caucasumque
1084 963 1129 1028 ab

54 1066 318 1134 occidentali
346 1067 477 1133 latere
508 1072 837 1151 prospectantes,
866 1069 946 1152 ipsi
974 1080 1130 1152 quoque

56 1175 257 1241 montium
281 1172 515 1240 defectibus
536 1173 735 1241 inclinati
757 1177 815 1242 cet.
859 1173 928 1241 Non
947 1173 1132 1240 deficiebant

56 1280 192 1358 montes,
220 1278 273 1344 sed
303 1279 334 1343 in
364 1279 526 1364 praeruptis
553 1280 703 1347 lateribus
724 1286 756 1348 et
777 1280 954 1350 deiectibns
976 1280 1130 1348 montium

52 1384 267 1451 habitabatur.

162 1502 243 1570 ibid.
266 1504 283 1586 ἓ
305 1503 363 1569 8οε
397 1523 467 1570 uec
487 1504 747 1571 ministranti
769 1506 870 1589 apud
893 1524 959 1571 eos
981 1504 1131 1571 famulo

56 1628 285 1692 menseque
320 1610 477 1677 astanti
516 1609 677 1677 hiscere
712 1613 773 1677 usi
805 1610 919 1695 loqui
948 1610 1131 1677 licetvsl

62 1734 226 1799 spncrs3
258 1718 317 1782 ita
348 1715 573 1800 prostratis
606 1717 787 1800 pellibus
815 1717 934 1782 labra
957 1718 1128 1783 omnium

55 1823 309 1889 vinciuntur.
364 1821 495 1888 Videtur
524 1822 637 1889 fuisse:
671 1824 730 1889 ita
751 1823 929 1910 perforatis
951 1822 1131 1906 pellibus

55 1931 111 2008 (ut
131 1926 274 2012 spiritum
298 1928 410 1994 ducere
432 1947 488 1994 nec
508 1930 613 1995 tamen
636 1930 721 2013 loqui
743 1931 799 1995 aut
821 1946 931 2012 spuere
953 1929 1094 2011 possint).

163 2082 230 2147 Lib.
252 2079 366 2159 XXIV,
390 2081 417 2160 1,
441 2086 477 2144 4:
511 2079 701 2147 Sarcinas
724 2100 814 2147 vero
837 2083 877 2146 et
898 2082 1066 2147 calones
1088 2127 1095 2144 .
1121 2093 1135 2144 .‘

56 2187 526 2270 impedimentorumque
555 2205 680 2272 genus
708 2206 820 2253 omne
841 2187 950 2253 inter
972 2191 1130 2252 utrum·

56 2311 135 2379 que
158 2293 268 2358 latus
289 2292 482 2360 instituit
503 2292 812 2377 procedentium
829 2293 1067 2371 ordinatim,
1085 2312 1130 2359 ne

57 2417 136 2485 qna
166 2401 204 2464 ri
235 2401 373 2466 subita
405 2403 648 2484 raperentur
669 2400 727 2466 cet.
778 2399 997 2465 scribendum:
1021 2399 1130 2465 inter

57 2508 276 2590 utrumque
298 2506 409 2572 latus
432 2505 627 2572 instituit
648 2504 956 2588 procedentium
972 2504 1129 2574 ordinari.

59 2611 205 2678 institnit
235 2613 385 2693 Iulianus,
417 2614 453 2679 nt
485 2613 611 2678 sarcinae
644 2614 677 2676 et
708 2611 929 2693 impedimenta
957 2615 1040 2678 certo
1061 2611 1129 2678 ioco

58 2718 285 2797 ordinarentur,
306 2740 367 2786 non
390 2718 614 2802 impedimenta
636 2716 782 2783 instituit.

161 2845 241 2912 lbid.
264 2847 294 2925 2,
316 2847 352 2913 4:
385 2847 536 2913 Surena
570 2847 660 2929 post
692 2863 825 2928 regem
854 2847 957 2930 apud
985 2846 1130 2912 Persas

58 2955 290 3038 promerita
320 2952 553 3037 diguitatis.
608 2951 732 3029 Vereor,
767 2970 805 3016 ne
837 2951 986 3034 scriptum
1019 2952 1129 3018 inerit:

56 3063 216 3146 promotu
248 3060 287 3125 di
295 3059 492 3145 gnitatis,
525 3059 582 3125 hoc
614 3059 673 3132 est,
703 3058 879 3124 excellentis
901 3059 934 3123 et
955 3059 1128 3124 eminentis.

61 3166 183 3232 Meritus
216 3166 379 3252 dignitatis
411 3165 531 3232 mentio
562 3163 641 3229 nihil
672 3162 711 3229 ad
740 3182 804 3229 rem
827 3164 971 3247 pertinet.
1026 3163 1130 3229 Minus

54 3271 220 3355 :probabile
242 3273 507 3354 estproximo.

163 3401 240 3466 Ibid.
254 3403 285 3478 4,
298 3400 355 3466 20:
378 3399 495 3467 Nihil
518 3402 621 3467 enim
643 3418 827 3482 asperum
848 3399 908 3463 ira
930 3400 970 3464 ct
990 3398 1130 3465 dolore

54 3524 253 3574 succenso
286 3507 418 3573 militi
449 3507 684 3584 ridebatur,
718 3504 822 3571 nibil
855 3503 1130 3571 munitoribus

54 3616 148 3679 erat
190 3631 258 3695 pro
301 3614 436 3680 salute
472 3613 734 3680 currentibus
771 3610 1026 3677 metuendum
1063 3613 1130 3677 aut

54 3720 198 3785 dirum.
232 3718 435 3785 scribendum
446 3717 726 3786 concurrentibus.
755 3715 823 3783 Non
835 3718 998 3783 currebant
1010 3738 1063 3801 pro
1079 3737 1130 3785 sa·

59 3826 128 3891 inte
141 3826 320 3903 munitores,
342 3824 397 3890 sed
415 3824 638 3891 concurrebant
659 3831 741 3901 (cum
754 3823 906 3900 hostibus)
919 3825 951 3889 st
961 3826 1129 3890 certabant.

162 3942 383 4021 Ibid.6,12:
416 3943 526 4021 (aciem
564 3941 742 4020 Persarum)
781 3941 959 4025 adusque
997 3940 1130 4008 Ctesi·

56 4050 227 4135 phontis
271 4068 402 4116 muros
438 4050 525 4133 ogit
555 4047 825 4133 praecipitem,
870 4048 1130 4114 aduersorum

56 4159 215 4224 seriens
244 4174 359 4223 suras
389 4156 429 4221 st
453 4160 578 4239 terga.
623 4155 710 4220 Snrae
731 4155 763 4218 et
784 4155 873 4238 terga
897 4154 1048 4219 feriuntur
1069 4172 1129 4220 non

55 4266 340 4342 adversorum,
362 4262 419 4328 hoc
440 4264 496 4340 est,
527 4263 581 4345 qni
602 4260 722 4326 adversi
744 4261 832 4325 stent
852 4263 885 4326 et
905 4258 1055 4343 impetum
1078 4279 1131 4326 er-

57 4371 179 4454 oipiuut
199 4377 253 4448 (-
268 4387 340 4435 nam
362 4369 416 4435 alii
438 4369 512 4435 sunt
532 4367 762 4432 adversarii
777 4372 842 4443 -),
862 4365 916 4431 sed
931 4384 1129 4446 eremorum,

57 4480 119 4544 boc
138 4478 209 4565 est,
242 4478 330 4560 terga
361 4474 618 4559 persequentibus
640 4471 876 4538 obcertantium.
930 4472 1017 4540 Idem
1038 4492 1132 4558 supra
