<?xml version="1.0" encoding="UTF-8"?>
<!DOCTYPE html PUBLIC "-//W3C//DTD XHTML 1.0 Transitional//EN"
    "http://www.w3.org/TR/xhtml1/DTD/xhtml1-transitional.dtd">
<html xmlns="http://www.w3.org/1999/xhtml" xml:lang="en" lang="en">
 <head>
  <title>
</title>
<meta http-equiv="Content-Type" content="text/html;charset=utf-8" />
  <meta name='ocr-system' content='tesseract 3.04.00' />
  <meta name='ocr-capabilities' content='ocr_page ocr_carea ocr_par ocr_line ocrx_word'/>
</head>
<body>
  <div class='ocr_page' id='page_1' title='image "./ioniemadvigiiad00madvgoog_0208.png"; bbox 0 0 2662 5046; ppageno 0'>
   <div class='ocr_carea' id='block_1_1' title="bbox 441 678 1079 747">
    <p class='ocr_par' dir='ltr' id='par_1_1' title="bbox 441 678 1079 747">
     <span class='ocr_line' id='line_1_1' title="bbox 441 678 1079 747; baseline -0.003 -10"><span class='ocrx_word' id='word_1_1' title='bbox 441 678 576 737; x_wconf 72' lang='lat' dir='ltr'><strong>cluerent·</strong></span> <span class='ocrx_word' id='word_1_2' title='bbox 595 680 743 737; x_wconf 77' lang='lat' dir='ltr'><strong>Oretiones</strong></span> <span class='ocrx_word' id='word_1_3' title='bbox 1018 683 1079 747; x_wconf 81' lang='lat'><strong>197</strong></span> 
     </span>
    </p>
   </div>
   <div class='ocr_carea' id='block_1_2' title="bbox 10 871 1148 4005">
    <p class='ocr_par' dir='ltr' id='par_1_2' title="bbox 55 871 1148 2955">
     <span class='ocr_line' id='line_1_2' title="bbox 151 871 1122 966; baseline 0.003 -20"><span class='ocrx_word' id='word_1_4' title='bbox 151 879 214 946; x_wconf 84' lang='lat' dir='ltr'><strong>Pro</strong></span> <span class='ocrx_word' id='word_1_5' title='bbox 233 876 374 946; x_wconf 71' lang='lat' dir='ltr'><strong>Fonteio</strong></span> <span class='ocrx_word' id='word_1_6' title='bbox 398 876 439 940; x_wconf 79' lang='lat'><strong>12</strong></span> <span class='ocrx_word' id='word_1_7' title='bbox 460 871 529 959; x_wconf 53' lang='grc' dir='ltr'><strong>(ἧς</strong></span> <span class='ocrx_word' id='word_1_8' title='bbox 566 875 699 958; x_wconf 81' lang='lat' dir='ltr'><strong>(Gallia)</strong></span> <span class='ocrx_word' id='word_1_9' title='bbox 733 880 889 944; x_wconf 89' lang='lat' dir='ltr'><strong>oonetat</strong></span> <span class='ocrx_word' id='word_1_10' title='bbox 922 899 963 946; x_wconf 87' lang='lat' dir='ltr'><strong>er</strong></span> <span class='ocrx_word' id='word_1_11' title='bbox 984 880 1034 948; x_wconf 91' lang='lat' dir='ltr'><strong>iis</strong></span> <span class='ocrx_word' id='word_1_12' title='bbox 1055 901 1122 966; x_wconf 82' lang='lat' dir='ltr'><strong>ge·</strong></span> 
     </span>
     <span class='ocr_line' id='line_1_3' title="bbox 56 981 1122 1067; baseline 0.006 -19"><span class='ocrx_word' id='word_1_13' title='bbox 56 983 209 1049; x_wconf 90' lang='lat' dir='ltr'><strong>neribus</strong></span> <span class='ocrx_word' id='word_1_14' title='bbox 243 982 439 1049; x_wconf 88' lang='lat' dir='ltr'><strong>hominum</strong></span> <span class='ocrx_word' id='word_1_15' title='bbox 475 982 513 1047; x_wconf 88' lang='lat' dir='ltr'><strong>et</strong></span> <span class='ocrx_word' id='word_1_16' title='bbox 543 981 765 1059; x_wconf 85' lang='lat' dir='ltr'><strong>eivitatnm,</strong></span> <span class='ocrx_word' id='word_1_17' title='bbox 797 984 877 1067; x_wconf 83' lang='lat' dir='ltr'><strong>qui,</strong></span> <span class='ocrx_word' id='word_1_18' title='bbox 922 987 964 1051; x_wconf 91' lang='lat' dir='ltr'><strong>ut</strong></span> <span class='ocrx_word' id='word_1_19' title='bbox 990 987 1122 1053; x_wconf 81' lang='lat' dir='ltr'><strong>uetera</strong></span> 
     </span>
     <span class='ocr_line' id='line_1_4' title="bbox 56 1087 1122 1175; baseline 0.007 -24"><span class='ocrx_word' id='word_1_20' title='bbox 56 1087 219 1162; x_wconf 90' lang='lat' dir='ltr'><strong>mittam,</strong></span> <span class='ocrx_word' id='word_1_21' title='bbox 254 1088 396 1170; x_wconf 89' lang='lat' dir='ltr'><strong>partlm</strong></span> <span class='ocrx_word' id='word_1_22' title='bbox 428 1089 559 1154; x_wconf 89' lang='lat' dir='ltr'><strong>nostra</strong></span> <span class='ocrx_word' id='word_1_23' title='bbox 595 1088 780 1154; x_wconf 89' lang='lat' dir='ltr'><strong>memoria</strong></span> <span class='ocrx_word' id='word_1_24' title='bbox 806 1089 911 1156; x_wconf 83' lang='lat' dir='ltr'><strong>bellu</strong></span> <span class='ocrx_word' id='word_1_25' title='bbox 939 1107 1023 1156; x_wconf 90' lang='lat' dir='ltr'><strong>oum</strong></span> <span class='ocrx_word' id='word_1_26' title='bbox 1052 1111 1122 1175; x_wconf 92' lang='lat' dir='ltr'><strong>po·</strong></span> 
     </span>
     <span class='ocr_line' id='line_1_5' title="bbox 55 1190 1121 1280; baseline 0.008 -26"><span class='ocrx_word' id='word_1_27' title='bbox 55 1191 139 1274; x_wconf 92' lang='lat' dir='ltr'><strong>pulo</strong></span> <span class='ocrx_word' id='word_1_28' title='bbox 160 1191 329 1258; x_wconf 82' lang='lat' dir='ltr'><strong>Romano</strong></span> <span class='ocrx_word' id='word_1_29' title='bbox 358 1193 497 1258; x_wconf 90' lang='lat' dir='ltr'><strong>aoerba</strong></span> <span class='ocrx_word' id='word_1_30' title='bbox 517 1210 559 1257; x_wconf 87' lang='lat' dir='ltr'><strong>ao</strong></span> <span class='ocrx_word' id='word_1_31' title='bbox 582 1190 768 1258; x_wconf 89' lang='lat' dir='ltr'><strong>diuturna</strong></span> <span class='ocrx_word' id='word_1_32' title='bbox 787 1197 1010 1276; x_wconf 81' lang='lat' dir='ltr'><strong>gesserunt,</strong></span> <span class='ocrx_word' id='word_1_33' title='bbox 1032 1215 1121 1280; x_wconf 85' lang='lat' dir='ltr'><strong>par·</strong></span> 
     </span>
     <span class='ocr_line' id='line_1_6' title="bbox 56 1296 1122 1380; baseline 0.006 -18"><span class='ocrx_word' id='word_1_34' title='bbox 56 1296 119 1362; x_wconf 91' lang='lat' dir='ltr'><strong>tim</strong></span> <span class='ocrx_word' id='word_1_35' title='bbox 141 1296 254 1362; x_wconf 91' lang='lat' dir='ltr'><strong>modo</strong></span> <span class='ocrx_word' id='word_1_36' title='bbox 275 1296 991 1380; x_wconf 84' lang='lat' dir='ltr'><strong>abnostrisimperatoribuseubaoti,</strong></span> <span class='ocrx_word' id='word_1_37' title='bbox 1012 1302 1122 1368; x_wconf 90' lang='lat' dir='ltr'><strong>modo</strong></span> 
     </span>
     <span class='ocr_line' id='line_1_7' title="bbox 56 1400 1121 1484; baseline 0.005 -16"><span class='ocrx_word' id='word_1_38' title='bbox 56 1401 157 1468; x_wconf 90' lang='lat' dir='ltr'><strong>bello</strong></span> <span class='ocrx_word' id='word_1_39' title='bbox 195 1400 355 1480; x_wconf 91' lang='lat' dir='ltr'><strong>domiti,</strong></span> <span class='ocrx_word' id='word_1_40' title='bbox 396 1403 501 1469; x_wconf 92' lang='lat' dir='ltr'><strong>modo</strong></span> <span class='ocrx_word' id='word_1_41' title='bbox 540 1402 752 1484; x_wconf 81' lang='lat' dir='ltr'><strong>triumphis</strong></span> <span class='ocrx_word' id='word_1_42' title='bbox 785 1420 828 1467; x_wconf 87' lang='lat' dir='ltr'><strong>ao</strong></span> <span class='ocrx_word' id='word_1_43' title='bbox 863 1407 1121 1474; x_wconf 77' lang='lat' dir='ltr'><strong>monumentis</strong></span> 
     </span>
     <span class='ocr_line' id='line_1_8' title="bbox 57 1506 1122 1592; baseline 0.006 -21"><span class='ocrx_word' id='word_1_44' title='bbox 57 1507 204 1581; x_wconf 87' lang='lat' dir='ltr'><strong>notati,</strong></span> <span class='ocrx_word' id='word_1_45' title='bbox 229 1507 335 1573; x_wconf 90' lang='lat' dir='ltr'><strong>modo</strong></span> <span class='ocrx_word' id='word_1_46' title='bbox 366 1508 414 1573; x_wconf 85' lang='lat' dir='ltr'><strong>ab·</strong></span> <span class='ocrx_word' id='word_1_47' title='bbox 444 1509 587 1573; x_wconf 78' lang='lat' dir='ltr'><strong>senatu</strong></span> <span class='ocrx_word' id='word_1_48' title='bbox 618 1507 724 1590; x_wconf 85' lang='lat' dir='ltr'><strong>agris</strong></span> <span class='ocrx_word' id='word_1_49' title='bbox 751 1506 996 1592; x_wconf 77' lang='lat' dir='ltr'><strong>urbibusque</strong></span> <span class='ocrx_word' id='word_1_50' title='bbox 1023 1512 1122 1577; x_wconf 91' lang='lat' dir='ltr'><strong>mul·</strong></span> 
     </span>
     <span class='ocr_line' id='line_1_9' title="bbox 57 1611 1122 1696; baseline 0.004 -20"><span class='ocrx_word' id='word_1_51' title='bbox 57 1612 129 1677; x_wconf 88' lang='lat' dir='ltr'><strong>tati</strong></span> <span class='ocrx_word' id='word_1_52' title='bbox 151 1612 260 1688; x_wconf 87' lang='lat' dir='ltr'><strong>sunt,</strong></span> <span class='ocrx_word' id='word_1_53' title='bbox 291 1612 437 1694; x_wconf 84' lang='lat' dir='ltr'><strong>partim</strong></span> <span class='ocrx_word' id='word_1_54' title='bbox 465 1612 532 1696; x_wconf 88' lang='lat' dir='ltr'><strong>qni</strong></span> <span class='ocrx_word' id='word_1_55' title='bbox 566 1630 649 1677; x_wconf 91' lang='lat' dir='ltr'><strong>oum</strong></span> <span class='ocrx_word' id='word_1_56' title='bbox 675 1611 761 1694; x_wconf 89' lang='lat' dir='ltr'><strong>ipso</strong></span> <span class='ocrx_word' id='word_1_57' title='bbox 782 1611 828 1678; x_wconf 88' lang='lat' dir='ltr'><strong>M.</strong></span> <span class='ocrx_word' id='word_1_58' title='bbox 854 1611 1020 1678; x_wconf 74' lang='lat' dir='ltr'><strong>Fonteio</strong></span> <span class='ocrx_word' id='word_1_59' title='bbox 1040 1611 1122 1680; x_wconf 83' lang='lat' dir='ltr'><strong>fer·</strong></span> 
     </span>
     <span class='ocr_line' id='line_1_10' title="bbox 57 1715 1122 1801; baseline 0.004 -20"><span class='ocrx_word' id='word_1_60' title='bbox 57 1735 135 1781; x_wconf 90' lang='lat' dir='ltr'><strong>rum</strong></span> <span class='ocrx_word' id='word_1_61' title='bbox 167 1734 214 1781; x_wconf 88' lang='lat' dir='ltr'><strong>ao</strong></span> <span class='ocrx_word' id='word_1_62' title='bbox 245 1735 380 1782; x_wconf 90' lang='lat' dir='ltr'><strong>manus</strong></span> <span class='ocrx_word' id='word_1_63' title='bbox 402 1717 671 1794; x_wconf 89' lang='lat' dir='ltr'><strong>eontulerunt,</strong></span> <span class='ocrx_word' id='word_1_64' title='bbox 705 1717 765 1781; x_wconf 87' lang='lat' dir='ltr'><strong>oet.</strong></span> <span class='ocrx_word' id='word_1_65' title='bbox 809 1715 880 1782; x_wconf 88' lang='lat' dir='ltr'><strong>Non</strong></span> <span class='ocrx_word' id='word_1_66' title='bbox 901 1715 1122 1801; x_wconf 87' lang='lat' dir='ltr'><strong>triatempora</strong></span> 
     </span>
     <span class='ocr_line' id='line_1_11' title="bbox 58 1808 1123 1907; baseline 0 -19"><span class='ocrx_word' id='word_1_67' title='bbox 58 1823 155 1888; x_wconf 81' lang='lat' dir='ltr'><strong>treere</strong></span> <span class='ocrx_word' id='word_1_68' title='bbox 176 1808 283 1887; x_wconf 88' lang='lat' dir='ltr'><strong>rerum</strong></span> <span class='ocrx_word' id='word_1_69' title='bbox 302 1821 422 1887; x_wconf 78' lang='lat' dir='ltr'><strong>ordines</strong></span> <span class='ocrx_word' id='word_1_70' title='bbox 443 1821 684 1906; x_wconf 82' lang='lat' dir='ltr'><strong>distinguuntur,</strong></span> <span class='ocrx_word' id='word_1_71' title='bbox 705 1822 803 1904; x_wconf 88' lang='lat' dir='ltr'><strong>qnasi,</strong></span> <span class='ocrx_word' id='word_1_72' title='bbox 825 1840 892 1904; x_wconf 83' lang='lat' dir='ltr'><strong>quae</strong></span> <span class='ocrx_word' id='word_1_73' title='bbox 913 1821 1003 1887; x_wconf 91' lang='lat' dir='ltr'><strong>modo</strong></span> <span class='ocrx_word' id='word_1_74' title='bbox 1023 1823 1123 1907; x_wconf 88' lang='lat' dir='ltr'><strong>impe·</strong></span> 
     </span>
     <span class='ocr_line' id='line_1_12' title="bbox 58 1925 1122 2009; baseline 0.001 -16"><span class='ocrx_word' id='word_1_75' title='bbox 58 1931 175 1994; x_wconf 84' lang='lat' dir='ltr'><strong>ratores</strong></span> <span class='ocrx_word' id='word_1_76' title='bbox 206 1927 339 1992; x_wconf 86' lang='lat' dir='ltr'><strong>Romani</strong></span> <span class='ocrx_word' id='word_1_77' title='bbox 367 1927 628 2009; x_wconf 77' lang='lat' dir='ltr'><strong>perpetraverint,</strong></span> <span class='ocrx_word' id='word_1_78' title='bbox 666 1928 805 1993; x_wconf 77' lang='lat' dir='ltr'><strong>seiuncta</strong></span> <span class='ocrx_word' id='word_1_79' title='bbox 827 1926 891 1992; x_wconf 88' lang='lat' dir='ltr'><strong>sint</strong></span> <span class='ocrx_word' id='word_1_80' title='bbox 911 1946 930 1992; x_wconf 92' lang='lat' dir='ltr'><strong>a</strong></span> <span class='ocrx_word' id='word_1_81' title='bbox 950 1925 1041 1993; x_wconf 90' lang='lat' dir='ltr'><strong>bellis</strong></span> <span class='ocrx_word' id='word_1_82' title='bbox 1063 1928 1122 1994; x_wconf 88' lang='lat' dir='ltr'><strong>bao</strong></span> 
     </span>
     <span class='ocr_line' id='line_1_13' title="bbox 60 2025 1121 2116; baseline -0.002 -17"><span class='ocrx_word' id='word_1_83' title='bbox 60 2032 210 2099; x_wconf 88' lang='lat' dir='ltr'><strong>memoria</strong></span> <span class='ocrx_word' id='word_1_84' title='bbox 229 2025 423 2116; x_wconf 62' lang='lat' dir='ltr'><strong>gestiOsed</strong></span> <span class='ocrx_word' id='word_1_85' title='bbox 444 2029 515 2113; x_wconf 89' lang='lat' dir='ltr'><strong>duo,</strong></span> <span class='ocrx_word' id='word_1_86' title='bbox 552 2050 667 2110; x_wconf 89' lang='lat' dir='ltr'><strong>eorum,</strong></span> <span class='ocrx_word' id='word_1_87' title='bbox 703 2050 771 2116; x_wconf 80' lang='lat' dir='ltr'><strong>qum</strong></span> <span class='ocrx_word' id='word_1_88' title='bbox 793 2031 853 2096; x_wconf 85' lang='lat' dir='ltr'><strong>bae</strong></span> <span class='ocrx_word' id='word_1_89' title='bbox 875 2032 1027 2099; x_wconf 86' lang='lat' dir='ltr'><strong>memoria</strong></span> <span class='ocrx_word' id='word_1_90' title='bbox 1047 2033 1121 2098; x_wconf 90' lang='lat' dir='ltr'><strong>ante</strong></span> 
     </span>
     <span class='ocr_line' id='line_1_14' title="bbox 60 2135 1123 2221; baseline -0.001 -18"><span class='ocrx_word' id='word_1_91' title='bbox 60 2138 218 2204; x_wconf 78' lang='lat' dir='ltr'><strong>Fonteium</strong></span> <span class='ocrx_word' id='word_1_92' title='bbox 241 2139 311 2202; x_wconf 86' lang='lat' dir='ltr'><strong>aeta</strong></span> <span class='ocrx_word' id='word_1_93' title='bbox 332 2136 416 2216; x_wconf 88' lang='lat' dir='ltr'><strong>eunt,</strong></span> <span class='ocrx_word' id='word_1_94' title='bbox 438 2140 470 2202; x_wconf 91' lang='lat' dir='ltr'><strong>et</strong></span> <span class='ocrx_word' id='word_1_95' title='bbox 491 2155 606 2215; x_wconf 88' lang='lat' dir='ltr'><strong>eorum,</strong></span> <span class='ocrx_word' id='word_1_96' title='bbox 639 2156 706 2220; x_wconf 82' lang='lat' dir='ltr'><strong>qna</strong></span> <span class='ocrx_word' id='word_1_97' title='bbox 727 2137 795 2220; x_wconf 88' lang='lat' dir='ltr'><strong>ipso</strong></span> <span class='ocrx_word' id='word_1_98' title='bbox 814 2139 954 2220; x_wconf 80' lang='lat' dir='ltr'><strong>pretore.</strong></span> <span class='ocrx_word' id='word_1_99' title='bbox 1012 2135 1123 2221; x_wconf 85' lang='lat' dir='ltr'><strong>Iteqne</strong></span> 
     </span>
     <span class='ocr_line' id='line_1_15' title="bbox 62 2240 1122 2325; baseline -0.001 -16"><span class='ocrx_word' id='word_1_100' title='bbox 62 2243 189 2309; x_wconf 75' lang='lat' dir='ltr'><strong>alterum</strong></span> <span class='ocrx_word' id='word_1_101' title='bbox 211 2241 354 2325; x_wconf 89' lang='lat' dir='ltr'><strong>partim</strong></span> <span class='ocrx_word' id='word_1_102' title='bbox 376 2242 547 2310; x_wconf 89' lang='lat' dir='ltr'><strong>tollendum</strong></span> <span class='ocrx_word' id='word_1_103' title='bbox 562 2246 621 2321; x_wconf 91' lang='lat' dir='ltr'><strong>est,</strong></span> <span class='ocrx_word' id='word_1_104' title='bbox 640 2244 677 2309; x_wconf 93' lang='lat' dir='ltr'><strong>ut</strong></span> <span class='ocrx_word' id='word_1_105' title='bbox 696 2242 753 2306; x_wconf 89' lang='lat' dir='ltr'><strong>illa</strong></span> <span class='ocrx_word' id='word_1_106' title='bbox 774 2240 883 2307; x_wconf 92' lang='lat' dir='ltr'><strong>modo</strong></span> <span class='ocrx_word' id='word_1_107' title='bbox 905 2242 951 2308; x_wconf 91' lang='lat' dir='ltr'><strong>ab</strong></span> <span class='ocrx_word' id='word_1_108' title='bbox 972 2243 1122 2310; x_wconf 87' lang='lat' dir='ltr'><strong>nostrie</strong></span> 
     </span>
     <span class='ocr_line' id='line_1_16' title="bbox 60 2337 1122 2433; baseline 0.002 -21"><span class='ocrx_word' id='word_1_109' title='bbox 60 2347 360 2433; x_wconf 81' lang='lat' dir='ltr'><strong>imperatoribus</strong></span> <span class='ocrx_word' id='word_1_110' title='bbox 384 2397 393 2414; x_wconf 91' lang='lat'><strong>.</strong></span> <span class='ocrx_word' id='word_1_111' title='bbox 419 2348 643 2422; x_wconf 82' lang='lat' dir='ltr'><strong>..multati</strong></span> <span class='ocrx_word' id='word_1_112' title='bbox 674 2348 762 2413; x_wconf 89' lang='lat' dir='ltr'><strong>eunt</strong></span> <span class='ocrx_word' id='word_1_113' title='bbox 793 2337 985 2423; x_wconf 73' lang='grc' dir='ltr'><strong><em>α’συνδὲτως</em></strong></span> <span class='ocrx_word' id='word_1_114' title='bbox 1012 2349 1122 2416; x_wconf 90' lang='lat' dir='ltr'><strong>adiun-</strong></span> 
     </span>
     <span class='ocr_line' id='line_1_17' title="bbox 61 2452 1123 2538; baseline 0.001 -18"><span class='ocrx_word' id='word_1_115' title='bbox 61 2457 169 2537; x_wconf 78' lang='lat' dir='ltr'><strong>gantur</strong></span> <span class='ocrx_word' id='word_1_116' title='bbox 204 2453 269 2519; x_wconf 92' lang='lat' dir='ltr'><strong>illis</strong></span> <span class='ocrx_word' id='word_1_117' title='bbox 303 2454 367 2538; x_wconf 89' lang='lat' dir='ltr'><strong>qui</strong></span> <span class='ocrx_word' id='word_1_118' title='bbox 512 2454 618 2520; x_wconf 87' lang='lat' dir='ltr'><strong>bella</strong></span> <span class='ocrx_word' id='word_1_119' title='bbox 647 2452 867 2537; x_wconf 86' lang='lat' dir='ltr'><strong>gesserunt,</strong></span> <span class='ocrx_word' id='word_1_120' title='bbox 903 2452 943 2518; x_wconf 90' lang='lat' dir='ltr'><strong>ad</strong></span> <span class='ocrx_word' id='word_1_121' title='bbox 970 2454 1123 2521; x_wconf 88' lang='lat' dir='ltr'><strong>bellorum</strong></span> 
     </span>
     <span class='ocr_line' id='line_1_18' title="bbox 62 2556 1124 2648; baseline 0.003 -26"><span class='ocrx_word' id='word_1_122' title='bbox 62 2559 214 2648; x_wconf 86' lang='lat' dir='ltr'><strong>fortunam</strong></span> <span class='ocrx_word' id='word_1_123' title='bbox 242 2562 275 2623; x_wconf 92' lang='lat' dir='ltr'><strong>et</strong></span> <span class='ocrx_word' id='word_1_124' title='bbox 301 2558 417 2624; x_wconf 83' lang='lat' dir='ltr'><strong>exitum</strong></span> <span class='ocrx_word' id='word_1_125' title='bbox 443 2557 613 2638; x_wconf 84' lang='lat' dir='ltr'><strong>notandum</strong></span> <span class='ocrx_word' id='word_1_126' title='bbox 642 2556 771 2622; x_wconf 88' lang='lat' dir='ltr'><strong>adieota.</strong></span> <span class='ocrx_word' id='word_1_127' title='bbox 824 2556 974 2623; x_wconf 82' lang='lat' dir='ltr'><strong>Additum</strong></span> <span class='ocrx_word' id='word_1_128' title='bbox 997 2561 1046 2625; x_wconf 87' lang='lat' dir='ltr'><strong>eet</strong></span> <span class='ocrx_word' id='word_1_129' title='bbox 1068 2560 1124 2624; x_wconf 88' lang='lat' dir='ltr'><strong>ad·</strong></span> 
     </span>
     <span class='ocr_line' id='line_1_19' title="bbox 62 2661 1148 2746; baseline -0.001 -15"><span class='ocrx_word' id='word_1_130' title='bbox 62 2666 197 2731; x_wconf 81' lang='lat' dir='ltr'><strong>urbium</strong></span> <span class='ocrx_word' id='word_1_131' title='bbox 219 2663 259 2729; x_wconf 89' lang='lat' dir='ltr'><strong>ab</strong></span> <span class='ocrx_word' id='word_1_132' title='bbox 279 2664 403 2730; x_wconf 90' lang='lat' dir='ltr'><strong>homine</strong></span> <span class='ocrx_word' id='word_1_133' title='bbox 424 2664 558 2730; x_wconf 89' lang='lat' dir='ltr'><strong>alterum</strong></span> <span class='ocrx_word' id='word_1_134' title='bbox 578 2661 754 2746; x_wconf 90' lang='lat' dir='ltr'><strong>partitionis</strong></span> <span class='ocrx_word' id='word_1_135' title='bbox 775 2664 949 2729; x_wconf 88' lang='lat' dir='ltr'><strong>membrum</strong></span> <span class='ocrx_word' id='word_1_136' title='bbox 972 2664 1122 2731; x_wconf 89' lang='lat' dir='ltr'><strong>nonsatis</strong></span> <span class='ocrx_word' id='word_1_137' title='bbox 1145 2683 1148 2688; x_wconf 89' lang='lat'>·</span> 
     </span>
     <span class='ocr_line' id='line_1_20' title="bbox 62 2766 1124 2853; baseline -0.002 -16"><span class='ocrx_word' id='word_1_138' title='bbox 62 2773 212 2853; x_wconf 79' lang='lat' dir='ltr'><strong>patienter</strong></span> <span class='ocrx_word' id='word_1_139' title='bbox 241 2772 392 2852; x_wconf 82' lang='lat' dir='ltr'><strong>cauteque</strong></span> <span class='ocrx_word' id='word_1_140' title='bbox 423 2769 634 2852; x_wconf 80' lang='lat' dir='ltr'><strong>exspectante,</strong></span> <span class='ocrx_word' id='word_1_141' title='bbox 674 2766 754 2850; x_wconf 87' lang='lat' dir='ltr'><strong>quod</strong></span> <span class='ocrx_word' id='word_1_142' title='bbox 785 2786 882 2852; x_wconf 78' lang='lat' dir='ltr'><strong>genus</strong></span> <span class='ocrx_word' id='word_1_143' title='bbox 920 2768 1028 2834; x_wconf 85' lang='lat' dir='ltr'><strong>erroris</strong></span> <span class='ocrx_word' id='word_1_144' title='bbox 1060 2769 1124 2835; x_wconf 86' lang='lat' dir='ltr'><strong>iam</strong></span> 
     </span>
     <span class='ocr_line' id='line_1_21' title="bbox 61 2875 458 2955; baseline -0.018 -12"><span class='ocrx_word' id='word_1_145' title='bbox 61 2877 129 2943; x_wconf 83' lang='lat' dir='ltr'><strong>abbi</strong></span> <span class='ocrx_word' id='word_1_146' title='bbox 150 2875 269 2942; x_wconf 85' lang='lat' dir='ltr'><strong>notari.</strong></span> <span class='ocrx_word' id='word_1_147' title='bbox 455 2947 458 2955; x_wconf 24' lang='lat'>¹</span> 
     </span>
    </p>

    <p class='ocr_par' dir='ltr' id='par_1_3' title="bbox 10 2977 1128 4005">
     <span class='ocr_line' id='line_1_22' title="bbox 156 2977 1124 3063; baseline -0.002 -18"><span class='ocrx_word' id='word_1_148' title='bbox 156 2979 227 3045; x_wconf 91' lang='lat' dir='ltr'><strong>Ibd.</strong></span> <span class='ocrx_word' id='word_1_149' title='bbox 254 2978 295 3043; x_wconf 77' lang='lat'><strong>34</strong></span> <span class='ocrx_word' id='word_1_150' title='bbox 319 2979 406 3060; x_wconf 80' lang='lat'>(24):</span> <span class='ocrx_word' id='word_1_151' title='bbox 439 2980 473 3045; x_wconf 95' lang='lat' dir='ltr'><strong>si</strong></span> <span class='ocrx_word' id='word_1_152' title='bbox 504 2979 609 3063; x_wconf 87' lang='lat' dir='ltr'><strong>turpi</strong></span> <span class='ocrx_word' id='word_1_153' title='bbox 641 2977 925 3056; x_wconf 84' lang='lat' dir='ltr'><strong>adolescentia,</strong></span> <span class='ocrx_word' id='word_1_154' title='bbox 958 2978 1043 3043; x_wconf 82' lang='lat' dir='ltr'><strong>sita</strong></span> <span class='ocrx_word' id='word_1_155' title='bbox 1064 2979 1124 3043; x_wconf 90' lang='lat' dir='ltr'><strong>in·</strong></span> 
     </span>
     <span class='ocr_line' id='line_1_23' title="bbox 62 3081 1124 3169; baseline 0 -19"><span class='ocrx_word' id='word_1_156' title='bbox 62 3087 165 3168; x_wconf 87' lang='lat' dir='ltr'><strong>lami,</strong></span> <span class='ocrx_word' id='word_1_157' title='bbox 202 3084 527 3169; x_wconf 87' lang='lat' dir='ltr'><strong>magistratibus,</strong></span> <span class='ocrx_word' id='word_1_158' title='bbox 564 3102 656 3167; x_wconf 89' lang='lat' dir='ltr'><strong>qnos</strong></span> <span class='ocrx_word' id='word_1_159' title='bbox 692 3084 781 3148; x_wconf 89' lang='lat' dir='ltr'><strong>ante</strong></span> <span class='ocrx_word' id='word_1_160' title='bbox 814 3081 943 3148; x_wconf 89' lang='lat' dir='ltr'><strong>oeulos</strong></span> <span class='ocrx_word' id='word_1_161' title='bbox 976 3089 1124 3150; x_wconf 81' lang='lat' dir='ltr'><strong>uestros</strong></span> 
     </span>
     <span class='ocr_line' id='line_1_24' title="bbox 63 3187 1125 3276; baseline -0.003 -18"><span class='ocrx_word' id='word_1_162' title='bbox 63 3192 202 3276; x_wconf 76' lang='lat' dir='ltr'><strong>gessit,</strong></span> <span class='ocrx_word' id='word_1_163' title='bbox 240 3189 431 3256; x_wconf 87' lang='lat' dir='ltr'><strong>oonriotls</strong></span> <span class='ocrx_word' id='word_1_164' title='bbox 462 3188 634 3255; x_wconf 85' lang='lat' dir='ltr'><strong>virorum</strong></span> <span class='ocrx_word' id='word_1_165' title='bbox 655 3188 839 3254; x_wconf 89' lang='lat' dir='ltr'><strong>bonorum</strong></span> <span class='ocrx_word' id='word_1_166' title='bbox 867 3187 1125 3265; x_wconf 90' lang='lat' dir='ltr'><strong>testimoniis,</strong></span> 
     </span>
     <span class='ocr_line' id='line_1_25' title="bbox 64 3292 1126 3385; baseline 0 -24"><span class='ocrx_word' id='word_1_167' title='bbox 64 3295 329 3382; x_wconf 82' lang='lat' dir='ltr'><strong>legationibus</strong></span> <span class='ocrx_word' id='word_1_168' title='bbox 357 3294 561 3380; x_wconf 80' lang='lat' dir='ltr'><strong>flagitiose</strong></span> <span class='ocrx_word' id='word_1_169' title='bbox 596 3293 733 3385; x_wconf 68' lang='lat' dir='ltr'><strong>obitis,</strong></span> <span class='ocrx_word' id='word_1_170' title='bbox 761 3292 911 3358; x_wconf 86' lang='lat' dir='ltr'><strong>invisus</strong></span> <span class='ocrx_word' id='word_1_171' title='bbox 941 3292 1021 3360; x_wconf 91' lang='lat' dir='ltr'><strong>suis</strong></span> <span class='ocrx_word' id='word_1_172' title='bbox 1048 3313 1126 3361; x_wconf 92' lang='lat' dir='ltr'><strong>om·</strong></span> 
     </span>
     <span class='ocr_line' id='line_1_26' title="bbox 65 3397 1126 3473; baseline -0.001 -7"><span class='ocrx_word' id='word_1_173' title='bbox 65 3403 172 3470; x_wconf 89' lang='lat' dir='ltr'><strong>nibus</strong></span> <span class='ocrx_word' id='word_1_174' title='bbox 205 3402 243 3467; x_wconf 93' lang='lat' dir='ltr'><strong>in</strong></span> <span class='ocrx_word' id='word_1_175' title='bbox 278 3400 464 3467; x_wconf 82' lang='lat' dir='ltr'><strong>iudicium</strong></span> <span class='ocrx_word' id='word_1_176' title='bbox 498 3399 719 3473; x_wconf 77' lang='lat' dir='ltr'><strong>vocaretur,</strong></span> <span class='ocrx_word' id='word_1_177' title='bbox 749 3398 808 3464; x_wconf 81' lang='lat' dir='ltr'><strong>eet</strong></span> <span class='ocrx_word' id='word_1_178' title='bbox 869 3397 966 3463; x_wconf 85' lang='lat' dir='ltr'><strong>Miror</strong></span> <span class='ocrx_word' id='word_1_179' title='bbox 995 3398 1028 3465; x_wconf 95' lang='lat' dir='ltr'><strong>in</strong></span> <span class='ocrx_word' id='word_1_180' title='bbox 1068 3400 1126 3465; x_wconf 88' lang='lat' dir='ltr'><strong>bae</strong></span> 
     </span>
     <span class='ocr_line' id='line_1_27' title="bbox 64 3502 1127 3586; baseline -0.004 -13"><span class='ocrx_word' id='word_1_181' title='bbox 64 3509 294 3575; x_wconf 88' lang='lat' dir='ltr'><strong>enumeratione</strong></span> <span class='ocrx_word' id='word_1_182' title='bbox 315 3525 419 3572; x_wconf 89' lang='lat' dir='ltr'><strong>rerum</strong></span> <span class='ocrx_word' id='word_1_183' title='bbox 443 3504 601 3571; x_wconf 84' lang='lat' dir='ltr'><strong>advitam</strong></span> <span class='ocrx_word' id='word_1_184' title='bbox 634 3503 809 3568; x_wconf 86' lang='lat' dir='ltr'><strong>anteuotam</strong></span> <span class='ocrx_word' id='word_1_185' title='bbox 830 3502 1050 3586; x_wconf 86' lang='lat' dir='ltr'><strong>pertinentium</strong></span> <span class='ocrx_word' id='word_1_186' title='bbox 1071 3503 1127 3569; x_wconf 87' lang='lat' dir='ltr'><strong>ad·</strong></span> 
     </span>
     <span class='ocr_line' id='line_1_28' title="bbox 10 3606 1127 3691; baseline -0.002 -14"><span class='ocrx_word' id='word_1_187' title='bbox 10 3652 11 3656; x_wconf 58' lang='lat'><em>=</em></span> <span class='ocrx_word' id='word_1_188' title='bbox 67 3614 218 3681; x_wconf 88' lang='lat' dir='ltr'><strong>ieetamin</strong></span> <span class='ocrx_word' id='word_1_189' title='bbox 239 3631 300 3679; x_wconf 91' lang='lat' dir='ltr'><strong>una</strong></span> <span class='ocrx_word' id='word_1_190' title='bbox 321 3630 354 3677; x_wconf 90' lang='lat' dir='ltr'><strong>re</strong></span> <span class='ocrx_word' id='word_1_191' title='bbox 374 3629 446 3676; x_wconf 92' lang='lat' dir='ltr'><strong>oum</strong></span> <span class='ocrx_word' id='word_1_192' title='bbox 468 3607 709 3675; x_wconf 77' lang='lat' dir='ltr'><strong>moleste-butue</strong></span> <span class='ocrx_word' id='word_1_193' title='bbox 731 3607 864 3675; x_wconf 88' lang='lat' dir='ltr'><strong>membri</strong></span> <span class='ocrx_word' id='word_1_194' title='bbox 888 3606 1127 3691; x_wconf 81' lang='lat' dir='ltr'><strong>amplificatione</strong></span> 
     </span>
     <span class='ocr_line' id='line_1_29' title="bbox 68 3696 1127 3795; baseline -0.006 -10"><span class='ocrx_word' id='word_1_195' title='bbox 68 3719 309 3785; x_wconf 84' lang='lat' dir='ltr'><strong>testimoniorum</strong></span> <span class='ocrx_word' id='word_1_196' title='bbox 342 3696 544 3794; x_wconf 74' lang='lat' dir='ltr'><strong>mentionem,</strong></span> <span class='ocrx_word' id='word_1_197' title='bbox 573 3715 672 3779; x_wconf 90' lang='lat' dir='ltr'><strong>inea</strong></span> <span class='ocrx_word' id='word_1_198' title='bbox 702 3710 891 3795; x_wconf 67' lang='lat' dir='ltr'><strong>prasertim,</strong></span> <span class='ocrx_word' id='word_1_199' title='bbox 923 3712 955 3777; x_wconf 93' lang='lat' dir='ltr'><strong>in</strong></span> <span class='ocrx_word' id='word_1_200' title='bbox 977 3731 1038 3795; x_wconf 86' lang='lat' dir='ltr'><strong>qua</strong></span> <span class='ocrx_word' id='word_1_201' title='bbox 1059 3731 1127 3779; x_wconf 93' lang='lat' dir='ltr'><strong>om·</strong></span> 
     </span>
     <span class='ocr_line' id='line_1_30' title="bbox 69 3815 1127 3904; baseline -0.009 -15"><span class='ocrx_word' id='word_1_202' title='bbox 69 3824 147 3889; x_wconf 80' lang='lat' dir='ltr'><strong>num</strong></span> <span class='ocrx_word' id='word_1_203' title='bbox 191 3822 322 3888; x_wconf 91' lang='lat' dir='ltr'><strong>minime</strong></span> <span class='ocrx_word' id='word_1_204' title='bbox 359 3822 490 3887; x_wconf 86' lang='lat' dir='ltr'><strong>testibus</strong></span> <span class='ocrx_word' id='word_1_205' title='bbox 524 3838 600 3904; x_wconf 88' lang='lat' dir='ltr'><strong>opus</strong></span> <span class='ocrx_word' id='word_1_206' title='bbox 633 3833 701 3886; x_wconf 87' lang='lat' dir='ltr'><strong>esse</strong></span> <span class='ocrx_word' id='word_1_207' title='bbox 733 3818 799 3900; x_wconf 88' lang='lat' dir='ltr'><strong>ipse</strong></span> <span class='ocrx_word' id='word_1_208' title='bbox 835 3816 939 3880; x_wconf 82' lang='lat' dir='ltr'><strong>emtor</strong></span> <span class='ocrx_word' id='word_1_209' title='bbox 971 3815 1127 3900; x_wconf 70' lang='lat' dir='ltr'><strong>signifieat</strong></span> 
     </span>
     <span class='ocr_line' id='line_1_31' title="bbox 73 3919 1128 4005; baseline -0.007 -11"><span class='ocrx_word' id='word_1_210' title='bbox 73 3931 164 4003; x_wconf 84' lang='lat' dir='ltr'><strong>(ante</strong></span> <span class='ocrx_word' id='word_1_211' title='bbox 202 3928 332 3993; x_wconf 89' lang='lat' dir='ltr'><strong>oeulos</strong></span> <span class='ocrx_word' id='word_1_212' title='bbox 364 3927 545 4005; x_wconf 84' lang='lat' dir='ltr'><strong>uestros),</strong></span> <span class='ocrx_word' id='word_1_213' title='bbox 576 3929 608 3990; x_wconf 86' lang='lat' dir='ltr'><strong>et</strong></span> <span class='ocrx_word' id='word_1_214' title='bbox 635 3922 725 3989; x_wconf 88' lang='lat' dir='ltr'><strong>ralde</strong></span> <span class='ocrx_word' id='word_1_215' title='bbox 756 3919 894 4004; x_wconf 85' lang='lat' dir='ltr'><strong>euspioor</strong></span> <span class='ocrx_word' id='word_1_216' title='bbox 921 3919 980 3987; x_wconf 88' lang='lat' dir='ltr'><strong>buo</strong></span> <span class='ocrx_word' id='word_1_217' title='bbox 1012 3921 1128 4004; x_wconf 91' lang='lat' dir='ltr'><strong>aliquid</strong></span> 
     </span>
    </p>
   </div>
   <div class='ocr_carea' id='block_1_3' title="bbox 19 4014 1232 4538">
    <p class='ocr_par' dir='ltr' id='par_1_4' title="bbox 19 4014 1232 4538">
     <span class='ocr_line' id='line_1_32' title="bbox 74 4014 1232 4110; baseline -0.006 -12"><span class='ocrx_word' id='word_1_218' title='bbox 74 4032 251 4098; x_wconf 78' lang='lat' dir='ltr'><strong>tanslatnm</strong></span> <span class='ocrx_word' id='word_1_219' title='bbox 284 4050 352 4098; x_wconf 87' lang='lat' dir='ltr'><strong>esse</strong></span> <span class='ocrx_word' id='word_1_220' title='bbox 383 4049 420 4096; x_wconf 84' lang='lat' dir='ltr'><strong>er</strong></span> <span class='ocrx_word' id='word_1_221' title='bbox 445 4031 544 4098; x_wconf 88' lang='lat' dir='ltr'><strong>altera</strong></span> <span class='ocrx_word' id='word_1_222' title='bbox 570 4029 660 4095; x_wconf 89' lang='lat' dir='ltr'><strong>buius</strong></span> <span class='ocrx_word' id='word_1_223' title='bbox 687 4027 748 4094; x_wconf 89' lang='lat' dir='ltr'><strong>loei</strong></span> <span class='ocrx_word' id='word_1_224' title='bbox 770 4027 874 4110; x_wconf 65' lang='lat' dir='ltr'><strong>parte,</strong></span> <span class='ocrx_word' id='word_1_225' title='bbox 901 4014 962 4110; x_wconf 85' lang='lat' dir='ltr'><strong>qua</strong></span> <span class='ocrx_word' id='word_1_226' title='bbox 991 4043 1129 4109; x_wconf 85' lang='lat' dir='ltr'><strong>eompre—</strong></span> <span class='ocrx_word' id='word_1_227' title='bbox 1230 4096 1232 4100; x_wconf 11' lang='grc' dir='ltr'><em>Α</em></span> 
     </span>
     <span class='ocr_line' id='line_1_33' title="bbox 75 4128 1129 4226; baseline -0.005 -25"><span class='ocrx_word' id='word_1_228' title='bbox 75 4132 241 4226; x_wconf 85' lang='lat' dir='ltr'><strong>tenduntur</strong></span> <span class='ocrx_word' id='word_1_229' title='bbox 267 4136 445 4204; x_wconf 87' lang='lat' dir='ltr'><strong>testimonia</strong></span> <span class='ocrx_word' id='word_1_230' title='bbox 465 4135 564 4201; x_wconf 88' lang='lat' dir='ltr'><strong>omnis</strong></span> <span class='ocrx_word' id='word_1_231' title='bbox 585 4133 706 4218; x_wconf 81' lang='lat' dir='ltr'><strong>generis</strong></span> <span class='ocrx_word' id='word_1_232' title='bbox 733 4132 772 4198; x_wconf 92' lang='lat' dir='ltr'><strong>de</strong></span> <span class='ocrx_word' id='word_1_233' title='bbox 798 4133 868 4216; x_wconf 85' lang='lat' dir='ltr'><strong>ipsa</strong></span> <span class='ocrx_word' id='word_1_234' title='bbox 897 4149 992 4198; x_wconf 82' lang='lat' dir='ltr'><strong>oausa</strong></span> <span class='ocrx_word' id='word_1_235' title='bbox 1017 4128 1064 4204; x_wconf 85' lang='lat' dir='ltr'><strong>(si</strong></span> <span class='ocrx_word' id='word_1_236' title='bbox 1090 4129 1129 4196; x_wconf 92' lang='lat' dir='ltr'><strong>in</strong></span> 
     </span>
     <span class='ocr_line' id='line_1_34' title="bbox 19 4238 1130 4328; baseline -0.005 -24"><span class='ocrx_word' id='word_1_237' title='bbox 19 4320 20 4328; x_wconf 8' lang='grc' dir='ltr'>ἵ</span> <span class='ocrx_word' id='word_1_238' title='bbox 77 4257 114 4306; x_wconf 90' lang='lat' dir='ltr'><strong>eo</strong></span> <span class='ocrx_word' id='word_1_239' title='bbox 132 4242 275 4309; x_wconf 91' lang='lat' dir='ltr'><strong>iudioio</strong></span> <span class='ocrx_word' id='word_1_240' title='bbox 299 4289 307 4307; x_wconf 87' lang='lat'><strong>.</strong></span> <span class='ocrx_word' id='word_1_241' title='bbox 329 4291 338 4310; x_wconf 88' lang='lat'><strong>.</strong></span> <span class='ocrx_word' id='word_1_242' title='bbox 361 4294 369 4311; x_wconf 88' lang='lat'><strong>.</strong></span> <span class='ocrx_word' id='word_1_243' title='bbox 392 4239 665 4310; x_wconf 87' lang='lat' dir='ltr'><strong>testimoniis.</strong></span> <span class='ocrx_word' id='word_1_244' title='bbox 689 4284 698 4303; x_wconf 87' lang='lat'><strong>.</strong></span> <span class='ocrx_word' id='word_1_245' title='bbox 721 4285 730 4304; x_wconf 84' lang='lat'><strong>.</strong></span> <span class='ocrx_word' id='word_1_246' title='bbox 750 4238 1024 4320; x_wconf 83' lang='lat' dir='ltr'><strong>premeretur),</strong></span> <span class='ocrx_word' id='word_1_247' title='bbox 1059 4252 1130 4300; x_wconf 90' lang='lat' dir='ltr'><strong>oum</strong></span> 
     </span>
     <span class='ocr_line' id='line_1_35' title="bbox 83 4338 1131 4431; baseline -0.004 -24"><span class='ocrx_word' id='word_1_248' title='bbox 83 4341 175 4413; x_wconf 77' lang='lat' dir='ltr'><strong>tioero</strong></span> <span class='ocrx_word' id='word_1_249' title='bbox 195 4350 317 4421; x_wconf 87' lang='lat' dir='ltr'><strong>tantum</strong></span> <span class='ocrx_word' id='word_1_250' title='bbox 338 4347 527 4431; x_wconf 87' lang='lat' dir='ltr'><strong>eoripriseet:</strong></span> <span class='ocrx_word' id='word_1_251' title='bbox 560 4341 858 4428; x_wconf 86' lang='lat' dir='ltr'><strong>magistratibus</strong></span> <span class='ocrx_word' id='word_1_252' title='bbox 880 4390 887 4406; x_wconf 90' lang='lat'><strong>.</strong></span> <span class='ocrx_word' id='word_1_253' title='bbox 910 4385 918 4405; x_wconf 91' lang='lat'><strong>.</strong></span> <span class='ocrx_word' id='word_1_254' title='bbox 944 4385 952 4404; x_wconf 83' lang='lat'><strong>.</strong></span> <span class='ocrx_word' id='word_1_255' title='bbox 974 4338 1131 4405; x_wconf 87' lang='lat' dir='ltr'><strong>oonrio·</strong></span> 
     </span>
     <span class='ocr_line' id='line_1_36' title="bbox 84 4444 1064 4538; baseline -0.005 -24"><span class='ocrx_word' id='word_1_256' title='bbox 84 4447 425 4538; x_wconf 59' lang='lat' dir='ltr'><strong>delegationibus</strong></span> <span class='ocrx_word' id='word_1_257' title='bbox 447 4450 652 4536; x_wconf 76' lang='lat' dir='ltr'><strong>flagitiose</strong></span> <span class='ocrx_word' id='word_1_258' title='bbox 674 4447 809 4526; x_wconf 90' lang='lat' dir='ltr'><strong>obitis,</strong></span> <span class='ocrx_word' id='word_1_259' title='bbox 831 4445 984 4512; x_wconf 85' lang='lat' dir='ltr'><strong>inuisus</strong></span> <span class='ocrx_word' id='word_1_260' title='bbox 1005 4444 1064 4509; x_wconf 79' lang='lat' dir='ltr'><strong>oet</strong></span> 
     </span>
    </p>
   </div>
   <div class='ocr_carea' id='block_1_4' title="bbox 0 0 1350 5046">
    <p class='ocr_par' dir='ltr' id='par_1_5' title="bbox 0 0 1350 5046">
     <span class='ocr_line' id='line_1_37' title="bbox 0 0 1350 5046; baseline 0 0"><span class='ocrx_word' id='word_1_261' title='bbox 0 0 1350 5046; x_wconf 95' lang='lat' dir='ltr'><strong> </strong></span> 
     </span>
    </p>
   </div>
  </div>
 </body>
</html>
