2656 5056
255 300 318 365 478
584 301 889 372 mauricium

216 501 272 577 29;
309 500 378 577 123,
411 499 440 573 9,
463 502 569 582 quaest.
592 502 656 563 nat.
680 499 735 573 ΙΙΙ,
764 497 815 574 26,
837 497 866 572 3,
888 500 972 566 Suet.
996 501 1103 570 Claud.
1127 504 1176 566 41.
1212 505 1257 568 llx-

214 610 316 671 troma
349 607 478 687 epistola
509 603 530 691 ξ
563 605 593 679 3,
625 605 678 670 ubi
714 604 799 668 codd.
834 605 948 671 habent
983 608 1126 675 incitat
1156 611 1257 685 libro,

215 711 410 776 scribendum
440 714 503 776 est:
540 729 619 792 quae
650 709 808 785 incitet;
847 710 919 795 [eet
951 712 1011 796 rie]
1047 715 1149 782 libro
1170 718 1260 799 plura

214 816 380 881 scribam
403 818 496 893 oet.¹)

314 922 371 1003 Ep.
395 920 446 994 48,
467 919 487 984 8
510 921 570 999 (3):
614 920 803 986 Succurra
839 925 1020 1007 quioquid
1048 927 1198 1009 laqueti
1217 946 1263 991 re·

215 1026 484 1109 spondentium
524 1027 653 1107 prunis.
713 1028 762 1091 Sic
802 1028 863 1109 Pp;
906 1030 1119 1112 interpolando
1162 1033 1264 1096 factm
1323 1039 1324 1054 ²

213 1132 404 1215 laqueati,
427 1131 537 1196 deiude
558 1132 628 1196 alia.
664 1131 840 1198 vSententia
861 1135 959 1199 forma
980 1140 1067 1201 corta
1089 1142 1148 1202 est.
1190 1139 1266 1202 lube

213 1241 266 1303 tur
298 1239 442 1315 Lucilius,
473 1238 532 1325 hoc
562 1240 618 1311 est,
656 1239 708 1320 qui
740 1238 936 1321 philosophiae
971 1260 1097 1323 operam
1122 1244 1184 1318 dat,
1219 1263 1269 1308 nou

216 1343 386 1408 dialecticis
408 1342 600 1425 captionibus
621 1342 742 1420 ludere,
778 1345 832 1409 sed
859 1346 1019 1412 subvenire
1041 1349 1091 1423 iis,
1115 1369 1189 1432 quos
1210 1350 1270 1414 aui-

213 1469 333 1515 morum
356 1448 526 1513 turbulenti
547 1450 648 1512 motus
673 1449 800 1514 miseros
817 1451 956 1529 reddunt,
979 1473 1158 1521 succurrere
1182 1456 1272 1538 penis

214 1559 246 1621 ct
267 1555 474 1619 vexationibus
496 1572 610 1625 eorum,
638 1555 690 1635 qui
713 1556 923 1637 respondeant,
956 1560 1101 1646 quicquid
1129 1562 1158 1625 *.
1181 1562 1272 1638 (Sac-

215 1682 334 1724 currere
361 1661 460 1743 poenis
481 1658 610 1720 alicuius
632 1677 698 1724 esso
726 1679 900 1728 succurrere
922 1665 1013 1735 alicui
1035 1672 1145 1733 contra
1166 1687 1273 1752 prunus,

214 1770 287 1833 sunt
307 1766 446 1838 sonasse,
470 1766 522 1847 qui
543 1765 728 1830 admonendi
749 1768 832 1846 sint)
888 1770 955 1834 Hoc
977 1776 1094 1848 autom,
1120 1774 1204 1856 quod
1225 1774 1274 1836 de·

213 1872 375 1944 uideretur,
409 1871 538 1952 perfecti
573 1873 721 1954 temporis
749 1874 885 1950 uerbum,
917 1878 971 1940 aut
997 1878 1097 1942 solum
1126 1884 1183 1944 aut
1209 1900 1273 1944 curu

212 1978 274 2044 aliu
315 1996 389 2041 voce
432 1978 643 2054 coniunctum,
682 1977 830 2042 eiusmodi
872 1981 1129 2062 significationem
1168 1986 1275 2050 habore

213 2083 318 2157 debeo,
352 2086 387 2147 ut
412 2083 565 2146 efficiatur
597 2084 714 2146 notatio
742 2083 899 2149 hominum
927 2087 1065 2152 instabili
1095 2091 1225 2155 consilio
1247 2094 1277 2154 et

94 2180 96 2183 ’
213 2209 283 2256 cunr
306 2188 396 2254 taedio
429 2189 476 2253 sui
498 2187 582 2253 omni
603 2189 702 2253 motui
724 2190 755 2252 et
777 2187 952 2256 excitationi
974 2194 1226 2275 respondentium
1247 2198 1277 2260 et

210 2296 394 2380 parentium.
438 2295 515 2359 llihi
548 2293 665 2359 Seneca
702 2290 834 2360 scribere
867 2297 938 2378 apte
969 2299 1109 2378 potuisse
1139 2302 1276 2368 ridetur:

212 2536 410 2544 W„

238 2701 259 2770 ι)
277 2700 328 2769 Ep.
346 2702 394 2761 47,
423 2700 459 2755 20
480 2700 552 2752 recto
570 2697 641 2766 apud
668 2698 813 2763 Mureturu
838 2699 994 2765 Gruterumr
1009 2699 1177 2757 Gronovium
1196 2704 1278 2759 iuter·

281 2793 413 2863 pungitur
439 2795 466 2846 ct
493 2789 633 2846 scribitur:
680 2790 746 2847 Noc
775 2789 834 2846 hoc
866 2792 1032 2861 ignorant
1059 2794 1181 2861 (nullum
1209 2799 1278 2867 peri·

282 2884 371 2940 culum
390 2900 461 2952 esso,
490 2902 522 2939 ne
549 2902 611 2940 vcro
638 2884 766 2939 iniuriam
793 2883 950 2954 accipiant),
976 2883 1036 2937 sod
1065 2889 1278 2965 occasionem

281 2976 422 3033 nocendi
458 2980 602 3047 captant
638 2976 826 3048 querendo;
864 2980 1074 3047 acceperunt
1114 2979 1278 3034 iniuriam

282 3071 419 3139 (honest,
446 3070 577 3140 occepisse
601 3087 630 3126 so
658 3072 792 3139 fingunt),
823 3072 861 3124 ut
887 3068 1053 3124 fecerent.
1093 3070 1279 3137 Qunreudo

281 3165 405 3233 ineptum
423 3165 471 3228 cst,
490 3163 666 3232 querendo
687 3179 768 3232 pravo
786 3178 846 3217 cum
868 3166 1075 3231 acceperunt
1094 3166 1277 3234 coniungitur.

282 3256 333 3310 Sed
364 3255 410 3325 qui
439 3254 484 3310 hic
509 3258 644 3324 nugatur,
671 3257 699 3310 in
721 3255 838 3311 ciusdem
862 3254 980 3324 epistole
999 3259 1015 3320 s
1034 3258 1050 3310 7
1069 3256 1221 3312 laudandus
1239 3261 1280 3312 cst

281 3347 427 3417 aliquando
444 3346 603 3413 Fickertus,
632 3347 703 3418 qnod
728 3364 742 3402 o
769 3347 905 3402 culicibus
923 3350 984 3416 post
1002 3347 1139 3402 Horetum
1158 3353 1187 3403 et
1206 3351 1279 3406 auti·

281 3440 387 3508 quiores
415 3441 551 3495 restituite
584 3441 721 3511 iamque
755 3441 931 3495 militaria
961 3438 1106 3495 habitus
1137 3441 1199 3508 (hoc
1232 3447 1279 3507 est,

281 3548 341 3587 oum
359 3533 413 3586 icrn
431 3532 559 3588 militaris
586 3533 698 3588 habitus
717 3534 766 3603 sit)
793 3532 916 3602 glaber
940 3532 1082 3588 retritis
1110 3533 1200 3600 pilis
1220 3575 1227 3590 .
1246 3576 1252 3588 .
1272 3574 1280 3588 .

282 3624 490 3693 pervigilat
529 3626 645 3681 Puerum
671 3627 795 3682 dominns
821 3623 939 3694 fingebat
958 3628 1051 3679 contra
1071 3629 1194 3692 atatem,
1226 3643 1281 3681 uon

280 3717 407 3773 militem.
456 3717 571 3773 Haasius
601 3718 635 3774 ad
663 3735 775 3788 pravum
806 3718 895 3773 rediit.
931 3719 944 3784 5
974 3721 1008 3773 16
1034 3721 1108 3772 recto
1125 3710 1281 3773 -Ponunus

280 3810 369 3878 priore
402 3826 432 3865 cx
461 3811 496 3865 iis
524 3810 638 3873 formis·
661 3828 727 3880 quas
762 3811 795 3866 ad
823 3827 864 3880 ep.
895 3814 936 3875 42,
973 3812 991 3866 4
1022 3811 1113 3880 attigi,
1155 3812 1281 3881 scripsit:

280 3904 426 3971 tempto,
446 3905 480 3956 et
497 3903 679 3972 experiere
698 3907 759 3972 (pro
778 3903 951 3972 experire).
998 3902 1180 3959 Promittitur
1199 3921 1282 3960 cren·

280 3996 333 4059 tus,
352 3996 376 4048 si
395 3994 514 4048 Lucilius
532 3994 688 4049 tentaverit.
