2662 5046
182 271 306 344 'm
605 276 868 353 mmmm

202 481 319 555 titur,
340 482 384 545 ut
405 495 474 544 non
496 495 566 542 suo
588 476 755 562 quidque
779 494 919 559 genere
947 475 999 541 sit
1021 477 1118 553 tole,
1154 477 1277 561 qnnlc

203 589 279 663 est,
314 603 383 650 nec
421 583 476 650 sit
511 582 549 648 in
589 582 734 653 dnobus
769 585 837 657 unt
870 582 1050 671 pluribuis
1077 582 1195 650 nullu
1231 603 1274 650 rc

202 689 398 755 differens
420 688 500 754 ulle
521 686 803 754 communitos?
834 690 878 754 ut
910 687 999 754 sibi
1019 688 1102 768 sint
1129 689 1170 753 et
1197 707 1274 756 cuc

203 813 366 859 ovorum
389 796 430 859 et
449 810 540 877 npes
570 791 698 877 opium
721 792 952 858 simillime.
998 792 1099 872 Quid
1120 812 1273 878 pugnes
1313 842 1319 852 -

137 979 140 985 1
201 900 346 984 igitur?
367 903 424 967 cet
437 908 446 963 ,’
479 897 579 964 Miror
603 897 737 983 primum
766 897 927 974 Beiterum
961 897 993 962 in
1014 897 1112 964 ultore
1133 898 1270 966 editione
1295 941 1298 944 -

202 1009 308 1071 vetere
329 1005 474 1075 Lsmbtni
498 1018 602 1069 'erroro
625 1003 788 1087 deceptum
810 1021 887 1081 esso,
919 1003 955 1067 ut
984 1003 1133 1070 scriberet
1159 1005 1271 1083 nnus

202 1110 475 1187 communitus,
496 1127 566 1174 cum
590 1108 623 1173 in
643 1109 743 1185 priore
766 1108 1060 1190 verumtonuisset,
1084 1109 1196 1193 positis
1220 1111 1271 1190 iis,

201 1234 271 1308 quae*
301 1235 357 1300 ego
391 1216 568 1293 adolescens
598 1214 682 1278 recto
714 1213 910 1296 scripsisti
942 1214 1035 1292 enim,
1064 1232 1197 1298 quorum
1220 1217 1274 1283 hio

68 1379 78 1396 1,
203 1320 357 1411 sententis
378 1320 562 1394 defenditur,
598 1318 822 1386 contendebant
842 1337 909 1386 suo
925 1319 1099 1405 <quidque
1119 1339 1271 1404 genere

202 1444 287 1493 esse
309 1426 404 1503 telo,
426 1427 542 1511 quele
564 1428 685 1504 esset,
721 1442 788 1490 neo
810 1442 898 1491 esse
929 1425 967 1489 in
989 1424 1137 1492 dnobus
1158 1426 1272 1494 nullu

201 1550 239 1596 re
283 1531 534 1597 differentem
582 1531 704 1597 uilem
746 1530 1080 1612 communitatem.
1155 1533 1268 1618 Itaque

201 1637 348 1721 seqnitur,
371 1642 406 1703 nt
427 1630 541 1711 dicent,
572 1637 717 1702 naturam
739 1654 799 1702 non
821 1635 896 1719 peti,
918 1637 1034 1701 utnon
1055 1636 1101 1702 its
1122 1637 1175 1716 sit,
1197 1657 1271 1721 per·

201 1742 340 1826 timetque
361 1742 462 1825 prims
482 1743 538 1807 illu
560 1743 682 1826 negotio
707 1745 749 1808 ut
777 1761 853 1809 non
883 1739 923 1806 od
953 1742 1055 1807 totum
1076 1741 1159 1807 hunc
1181 1761 1268 1809 oom-

201 1846 323 1928 plenum
346 1848 508 1913 sententies
531 1866 567 1912 ex
588 1845 775 1912 affirmativo
797 1845 937 1915 membro
965 1848 997 1912 et
1018 1848 1164 1932 negativo
1187 1852 1270 1930 (nco

65 2023 76 2043 .
202 1952 318 2017 sit-
340 1952 433 2027 ulls)
456 1951 657 2017 constantem.
709 1951 829 2019 Deinde
864 1954 969 2017 entem
989 1954 1056 2020 iure
1078 1953 1214 2020 teretur
1235 1953 1268 2019 iu

201 2057 263 2122 illis
299 2059 339 2122 ut
366 2058 447 2123 sibi
474 2050 570 2133 sint3
607 2055 663 2123 sed
694 2055 773 2140 qnod
807 2056 950 2123 Buitorns
985 2057 1083 2149 uW.
1115 2058 1269 2126 Muellsro

200 2164 359 2245 sumptum
392 2163 492 2245 posuit
527 2166 567 2227 nt
600 2164 632 2228 si
665 2162 748 2228 sint
780 2165 821 2228 et
852 2182 924 2231 ons
955 2167 1027 2245 cet,
1049 2165 1215 2230 sententiae'
1236 2169 1269 2230 et

200 2267 401 2351 disputationi
423 2269 610 2335 eontrarium
634 2270 696 2343 est;
724 2285 824 2352 neque
849 2269 933 2335 enim
955 2271 1014 2337 hoc
1034 2270 1185 2354 tanquom
1207 2269 1268 2336 fnl-

200 2393 270 2440 sum
292 2376 487 2457 componetur
519 2380 552 2440 et
581 2374 712 2457 exempli
739 2393 840 2441 cunse-
856 2375 995 2453 additur,
1028 2374 1083 2441 sed
1104 2374 1269 2442 simillime

201 2498 260 2546 ovs
280 2499 418 2561 ovorum,
441 2498 515 2562 apes
537 2480 641 2562 opium
660 2498 741 2558 esse,
763 2500 887 2563 prorsus
911 2480 1102 2558 conceditur,
1135 2483 1268 2566 negatur

202 2588 307 2652 sutem
329 2586 491 2670 quicquam
515 2584 587 2649 inde
605 2586 642 2649 ed
659 2585 702 2661 id,
724 2585 762 2651 do
774 2604 833 2668 quo
845 2585 968 2668 agutur,
986 2587 1159 2670 argumenti
1170 2589 1266 2655 nesci.

201 2693 309 2775 Itaque
331 2691 503 2757 rectissime
526 2709 579 2772 per
600 2710 633 2755 se
655 2690 711 2757 hoc
734 2692 857 2775 ponitur
878 2691 1132 2774 concediturque:
1176 2691 1268 2760 Sint
1309 2778 1323 2783 ,

200 2801 239 2864 et
259 2816 517 2888 octonorum
546 2799 583 2861 et
609 2815 699 2881 apes
726 2798 852 2880 apium
885 2795 1115 2877 simillime,
1153 2799 1266 2882 quibus

199 2922 246 2979 en,
283 2923 350 2986 quae
383 2905 567 2986 sequuntur,
597 2903 812 2969 annectuntur.
870 2903 1096 2987 Relinquuntnr
1129 2899 1188 2969 ills
1225 2906 1268 2970 ut

55 3097 57 3101 ι
199 3009 293 3084 sibi,
324 3028 359 3075 ex
381 3009 492 3093 quibus
514 3003 653 3084 edicitur,
676 3008 758 3094 quod
779 3009 937 3091 superiore
960 3008 1044 3074 recte
1066 3011 1193 3096 etapte
1214 3029 1268 3077 ox·

175 3115 301 3200 pleat:
333 3116 419 3181 ulls
451 3115 704 3182 communitas
740 3115 821 3182 vici.
863 3115 931 3181 Hoc
953 3114 1036 3181 onim
1056 3114 1159 3200 ipsum
1181 3136 1269 3202 qnae·

99 3286 106 3298 ,
199 3221 298 3298 nitur,
333 3222 494 3304 possintne
532 3221 600 3285 duce
642 3221 784 3303 pluresne
820 3239 869 3287 res
905 3221 1006 3288 uisum
1019 3253 1024 3258 ·
1039 3223 1267 3307 (φαντασίαν)

199 3328 285 3405 ιιιι11ιι
306 3347 339 3392 re
361 3327 507 3393 differens
521 3326 664 3411 'praebere
685 3345 908 3411 communeque
930 3327 1051 3394 hebere.

298 3433 344 3500 Dc
366 3436 434 3500 nst.
461 3433 553 3501 deon.
582 3429 632 3507 11,
661 3431 719 3495 26:
757 3450 862 3515 oquae
898 3433 1019 3498 etism
1051 3432 1268 3500 admixtum

198 3558 286 3606 esse
308 3541 477 3606 calorem
499 3539 664 3623 primum
696 3538 779 3621 ipse
801 3539 932 3622 liquor
953 3534 1059 3622 nqueo
1081 3537 1269 3605 dec'lnrst

198 3645 354 3712 effusio.
397 3643 449 3711 Sic
482 3645 601 3712 codices
634 3643 841 3728 antiquissimi
863 3643 980 3721 (an
1003 3644 1132 3722 Baiteri,
1153 3662 1173 3708 n
1196 3643 1270 3729 qui·

199 3751 256 3816 bus
271 3770 376 3835 reapse
389 3770 449 3817 non
464 3748 642 3816 dissentitC
657 3750 722 3829 (Η),
733 3749 765 3813 in
781 3750 899 3832 quoest
916 3749 1075 3815 dederat
1097 3749 1269 3831 effusio),

192 3859 291 3941 etque
314 3857 385 3923 hinc
407 3860 480 3924 nete
502 3854 682 3941 corrigendo
715 3874 782 3922 esse
814 3856 1012 3940 perspicuum
1044 3857 1108 3930 est,
1142 3874 1211 3939 quae
1233 3856 1268 3921 in

137 4024 140 4027 ,
196 3963 310 4029 ceteris
332 3965 415 4041 suno,
437 3962 612 4029 declarat
646 3960 794 4038 effusos,
828 3961 858 4026 d.
894 3961 1140 4045 offusioquc.
1164 3961 1196 4026 d.
1225 3964 1269 4028 ot

198 4066 352 4131 offusio.
399 4067 528 4134 Pronum
549 4067 798 4152 improbabiliten
815 4068 999 4135 vocobulum
1027 4067 1157 4145 tollitur,
1184 4084 1268 4151 prae·
