2662 5046
324 281 386 345 252
682 278 743 334 Lio.
753 277 815 334 vn.
834 276 900 346 Cup.
909 265 978 333 111.'

282 479 332 543 hie
360 497 386 542 o.
419 475 461 539 dd
484 495 546 541 nou
572 477 705 543 tolerate
726 495 746 541 e
766 477 958 562 Veeoosuno·
975 473 1146 557 ceterisque
1178 471 1269 538 edito:

273 587 331 650 est
351 582 488 665 pruvites
509 581 731 665 praepositionis
753 582 890 662 (obici),
923 599 959 646 ee
979 579 1131 645 toleretur
1153 578 1191 646 Β.
1213 578 1269 644 Gir

272 689 334 765 -34,
358 687 421 764 ubi,
454 670 681 771 priusquam
703 688 822 753 telum
844 686 952 749 abiot·
970 685 1105 768 posset
1129 686 1199 748 eut
1219 703 1268 749 uo

282 793 444 877 propius
480 793 733 867 secederent,
772 794 872 859 omnis
893 791 966 867 Veri
988 789 1068 855 uoies
1097 791 1189 873 terga
1222 809 1269 856 ver

281 899 405 978 dieitur,
447 899 539 980 plene
569 898 717 976 ridicule3
756 916 828 963 nom
863 896 994 963 sbiioere
1026 895 1124 961 telum
1160 896 1242 972 (siue

282 1005 473 1088 wegwerien)
511 1003 624 1087 ubique
656 1003 738 1078 lieet,
774 1021 875 1086 oeque
907 1003 973 1068 eius
1003 1003 1047 1067 rei
1070 1005 1190 1069 eertum
1216 1003 1269 1068 ter

281 1129 462 1176 mersumve
484 1113 540 1176 eet
574 1109 636 1175 Sed
657 1112 690 1175 et
710 1109 760 1175 hie
780 1108 899 1174 duobus
920 1107 998 1174 loeis
1020 1110 1054 1174 et
1074 1108 1184 1173 ueteris
1206 1125 1269 1173 omr

280 1216 506 1282 restituendum
526 1216 662 1281 estsine
683 1216 749 1280 ulie
768 1214 960 1280 dubitatione
991 1212 1112 1297 adigi,
1144 1215 1178 1279 iu
1200 1233 1264 1298 quo

281 1323 373 1388 uerbo
407 1322 557 1404 (adipes)
592 1322 694 1386 inesse
724 1339 805 1397 eum,
841 1338 934 1403 quem
970 1337 1063 1403 supro
1096 1319 1196 1402 posui,
1229 1320 1269 1403 sip

138 1416 143 1430 ‘
280 1428 453 1504 oudonem,
485 1437 556 1493 oum
589 1426 722 1490 eddom
754 1427 792 1492 de
818 1425 955 1491 ieeiendo
987 1444 1046 1491 non
1069 1425 1190 1491 diootnr
1219 1425 1269 1490 nis

280 1533 359 1598 oouli
380 1532 420 1598 ed
442 1532 558 1616 aliquid
580 1533 776 1599 conversione
796 1550 946 1598 munusve
974 1530 1184 1615 impositione,
1212 1532 1241 1596 si

279 1638 372 1711 uliud,
407 1639 508 1704 solum
522 1639 725 1721 ¹portioipium
757 1639 885 1702 adnotes
916 1635 1027 1702 dooere
1048 1637 1164 1720 potest,
1198 1656 1269 1720 emp

280 1763 354 1811 ense
376 1745 475 1811 aliove
506 1763 541 1810 re
573 1745 712 1811 eominus
744 1744 776 1808 ui
808 1744 842 1807 iu
874 1760 984 1826 eorpus
1014 1743 1157 1808 immisso
1189 1745 1223 1808 et
1253 1764 1269 1827 p

282 1852 395 1924 trunto,
429 1850 483 1915 sed
507 1869 567 1915 non
589 1851 690 1915 miuus
711 1849 752 1915 de
772 1848 835 1914 teto
864 1848 1068 1933 elonginquo
1088 1847 1185 1915 nrisso
1207 1851 1269 1931 posi

279 1957 327 2032 (ut
355 1955 436 2039 opud
457 1954 628 2038 Vergilium
656 1955 726 2021 AEiu.
747 1955 825 2029 XII,
859 1952 934 2018 320·
951 1954 989 2020 de
1011 1954 1150 2039 sagitte),
1185 1959 1219 2019 et
1243 1977 1269 2018 ω

280 2060 361 2144 opud
382 2059 552 2144 Vergitium
584 2061 638 2135 vl,
672 2061 735 2125 594
766 2059 805 2124 de
836 2060 960 2125 homine
991 2077 1145 2142 persero
1172 2064 1269 2145 torum

278 2167 489 2250 mittendoque
522 2165 589 2243 (cfr.
610 2167 665 2243 IV,
694 2166 766 2246 25„
799 2166 990 2251 signifioetur
1011 2165 1094 2230 enim
1107 2167 1232 2233 omuino
1253 2187 1269 2232 u

279 2291 367 2338 mens
388 2271 539 2338 iuoiteudi
555 2274 588 2337 et
607 2272 805 2354 promovendi
824 2273 870 2338 nis
891 2272 1034 2350 (treibem
1056 2272 1269 2338 hinointreiber

278 2378 484 2456 sorttreibeu).
517 2377 646 2443 Summo
659 2377 834 2443 litterarum
857 2399 874 2439 e
895 2381 928 2442 et
947 2400 968 2461 9
988 2378 1021 2442 iu
1043 2379 1171 2460 entique
1191 2378 1269 2462 sorip

278 2484 448 2550 similitudo
469 2484 584 2558 ederit
616 2486 652 2548 ut
672 2483 769 2550 etism
790 2483 941 2546 moinum
961 2483 1084 2546 adicere
1101 2502 1157 2566 pro
1180 2502 1226 2557 eo,
1265 2510 1269 2545 t

278 2591 327 2655 est
358 2590 491 2674 antipae,
524 2590 710 2655 scriberetur
740 2589 773 2653 iu
806 2587 948 2654 omnibns
981 2587 1136 2655 Oioemuie
1171 2592 1269 2673 topioo

278 2694 436 2760 oodioibue
457 2694 478 2780 ξ
500 2695 553 2760 43.
597 2696 770 2761 Permirum
796 2696 853 2769 est,
880 2694 1109 2760 recentissimos
1130 2695 1255 2763 Seueoae

277 2800 397 2883 loeophi
419 2800 550 2867 editores
570 2801 611 2866 de
623 2801 778 2866 uit‘beuto
788 2819 815 2865 o.
828 2799 913 2873 19,3
933 2799 1068 2865 edidisse
1093 2801 1228 2868 elavos
1259 2822 1269 2867 ε

277 2905 359 2986 ipse
387 2905 530 2981 edioit3
555 2924 628 2971 uem
661 2906 699 2972 de
720 2907 815 2972 oleris
842 2905 1059 2989 stipitibusque
1081 2908 1113 2971 et
1132 2907 1269 2973 similitu

278 3009 421 3093 ungendis
443 3013 476 3077 et
499 3011 590 3078 ultius
612 3011 827 3095 imprimendis
854 3011 978 3095 adipem
997 3011 1248 3096 frequentissime

277 3115 375 3182 lexiou
409 3117 518 3183 donent
538 3118 631 3202 (opud
647 3119 752 3202 ipsum
774 3117 924 3183 Senonum
957 3118 1097 3201 exemplu
1129 3121 1203 3184 sunt
1232 3119 1269 3185 de

276 3222 303 3297 1,
325 3223 356 3301 6,
379 3225 409 3301 1,
431 3224 523 3306 epist.
545 3221 574 3296 4,
613 3222 635 3283 4
669 3225 702 3288 et
723 3220 773 3296 14,
800 3223 820 3285 5
843 3225 876 3288 et
897 3222 948 3300 dt),
982 3223 1045 3304 25),
1075 3224 1206 3288 edum
1227 3226 1269 3292 lor

276 3327 354 3393 sime
386 3328 460 3393 hine
489 3331 641 3394 remotum
675 3332 732 3394 est.
784 3328 832 3392 Ne
853 3328 936 3412 opud
958 3329 1135 3395 Gioeronem
1158 3331 1269 3412 quiden

277 3431 357 3516 legg.
380 3433 422 3511 11,
441 3432 483 3496 61
507 3434 668 3500 ferendum
688 3436 753 3499 est:
779 3434 935 3500 bustum
957 3419 1116 3519 propius
1137 3436 1269 3519 eeiegi

276 3538 396 3620 pedes
433 3540 539 3605 edioi
571 3540 672 3605 mdes
707 3540 872 3619 alienes,
905 3541 986 3623 quod
1021 3541 1116 3607 etium
1147 3544 1269 3608 soeuset

276 3644 415 3710 udieotus
437 3646 549 3730 arguit,
572 3646 827 3729 seribendumque
850 3648 945 3731 adipi,
980 3648 1060 3729 quod
1094 3646 1133 3712 de
1154 3648 1269 3715 odmen

276 3767 337 3816 uuo
359 3770 429 3817 runo
455 3751 569 3817 dicitur
591 3754 623 3817 et
653 3751 861 3819 soomsrivum
893 3752 938 3817 rei
965 3770 1152 3836 personuere,
1179 3754 1220 3819 nd
1249 3774 1269 3837 q

276 3856 348 3938 quid
373 3856 564 3932 admovetur,
585 3858 719 3926 emissit
754 3857 907 3936 (Ridicule
925 3858 1084 3925 essaesarie
1093 3859 1131 3926 B.
1142 3858 1268 3926 Gemi

275 3961 441 4039 obiturris,
464 3963 591 4029 flemme
609 3964 797 4048 uliquomdiu
811 3965 998 4040 intermissu,
1011 3965 1121 4031 uduote
1140 3965 1265 4042 dieitur,

273 4065 509 4146 esteduultum
521 4068 655 4144 admotu,
677 4069 822 4135 inlexiois
837 4071 959 4152 ponitur
970 4068 1139 4154 flammam
1166 4076 1247 4136 tome·
1268 4111 1269 4128 r
