2580 5054
235 283 273 345 56
601 278 662 334 nin.
682 278 702 334 n
723 279 789 347 cap.
808 277 855 331 iv.

193 483 300 544 contra
335 481 400 544 iure
436 479 597 544 Philoxeni
632 475 846 542 testimonium
891 478 1023 560 ponenti
1059 477 1091 540 in
1124 480 1243 540 mutu

192 585 344 663 veniebat,
375 584 511 649 dubitari
540 603 638 666 posse,
666 588 771 648 utrum
793 583 882 658 liter,
906 602 944 648 ex
969 603 1030 666 quo
1053 583 1225 649 testimonium

193 693 366 774 poneretur,
399 692 465 756 uoti
497 691 583 755 illius
605 689 753 773 .Cytl1erii
786 690 869 753 esset
891 708 931 754 an
956 689 1088 755 alteriue
1108 689 1226 754 cniuslm

196 797 362 874 Philoxeni,
388 798 532 880 quoniam
554 796 646 861 huius
669 806 789 879 quoque
813 797 951 861 exstaret
975 799 1124 861 memoria
1143 816 1227 861 coner·

193 904 265 967 vata
286 905 380 967 etiam
402 906 432 969 in
456 903 595 969 Platonis
618 900 729 970 fabula.
758 901 852 983 atque
881 902 918 965 de
941 921 1036 966 ea're
1060 904 1180 969 lectores
1195 901 1230 966 nl·

194 1008 337 1073 monendi
360 1010 477 1074 occasio
501 1012 576 1074 erat.
629 1008 801 1089 scripserat
824 1006 1011 1074 Athenaeus:
1036 1003 1232 1087 Φιλόξενοςί

194 1110 211 1176 ὁ
234 1109 417 1198 Κυθήριος
439 1121 476 1181 ἐν
497 1116 542 1202 τῷ
565 1119 825 1200 ἐπιγραφομένῳ
845 1118 1000 1202 Δείπνῳ,
1024 1121 1121 1204 εἴπερ
1142 1113 1234 1182 τοίνυν

195 1221 248 1285 καί
272 1214 320 1303 μή
346 1222 407 1286 που
423 1221 618 1289 Λευκᾶδίου
634 1223 823 1296 Φιλοξένου,
839 1209 880 1287 οὗ
898 1224 952 1286 καί
972 1216 993 1287 o‘
1010 1221 1234 1308 κωμῳδιοποιος

107 1313 109 1317 ’
199 1321 344 1392 Πλάτων
379 1334 415 1394 ἐν
451 1330 495 1414 τῷ
534 1320 644 1394 Φάωνι
683 1322 855 1412 ἐμνήσθη,
892 1324 1064 1414 τοιαύτην
1095 1337 1236 1398 deridetur

195 1427 415 1520 παρασκευήν
449 1435 601 1501 δείπνου.
661 1436 727 1499 lam
759 1434 862 1499 omnia
895 1439 985 1500 recta
1016 1441 1091 1502 sunt
1123 1440 1154 1503 et
1180 1442 1236 1521 opu

195 1542 325 1607 Librarii
354 1541 461 1606 oculus
491 1560 508 1605 a
536 1542 635 1632 priore
665 1540 720 1605 καί
741 1541 809 1622 (καί
831 1535 899 1624 μή)
922 1543 960 1606 ad
985 1544 1120 1611 alterum
1143 1550 1202 1623 (rol
1217 1539 1237 1621 o‘}

194 1649 362 1722 aberravit;
385 1649 489 1731 itaque
505 1648 597 1712 verba
610 1646 771 1712 interiecta
784 1649 1004 1729 praetemisit3
1029 1652 1139 1717 deinde
1154 1655 1239 1718 omisso

194 1742 235 1819 οὗ
257 1757 359 1819 cetera
380 1753 574 1818 incommodo
596 1754 662 1818 loco
684 1751 837 1835 supplevit
859 1755 914 1818 aut
935 1758 1043 1837 potius
1065 1762 1097 1823 in
1121 1763 1238 1844 margine

195 1859 274 1924 unde
295 1862 325 1923 in
350 1878 429 1939 eum,
452 1878 545 1942 quem
566 1878 646 1925 nunc
667 1863 782 1934 tenent,
804 1858 905 1924 locum
930 1862 1138 1944 irrepserunt.

295 2013 330 2076 P.
344 2013 436 2078 lidi.
468 2013 626 2078 Ponuntur
636 2011 792 2094 Sophoclis
804 2031 911 2078 versus
925 2032 961 2078 ex
976 2016 1138 2102 Thamyra
1155 2019 1244 2089 salut

195 2119 306 2202 quibus
328 2120 432 2201 aperte
454 2117 636 2184 describitur
658 2118 747 2183 laetus
769 2119 799 2182 in
821 2120 962 2185 convivio
984 2120 1242 2191 instrumentomn

194 2228 382 2292 musicorum
405 2224 551 2308 strepitus
574 2226 605 2288 et
626 2244 735 2290 vocum
757 2243 996 2309 sermonumque
1012 2247 1109 2296 sonus
1127 2233 1243 2298 sublatus

195 2336 227 2398 et
258 2333 289 2398 in
323 2330 508 2398 eontrarium
540 2335 693 2405 mutatus;
726 2332 780 2396 sed
813 2335 1001 2400 sententiam
1038 2338 1199 2403 obscurant
1223 2342 1243 2399 et

195 2442 336 2505 evertunt
357 2439 450 2504 verba
472 2437 517 2502 sie
538 2437 665 2519 scripta:

347 2580 473 2663 Οἴχυκε
496 2574 561 2663 γάρ
584 2573 729 2662 apocopae)
753 2580 926 2663 πηκτίδων
947 2585 1051 2670 μέλη,

345 2679 427 2767 λύρα
449 2679 637 2768 μοναύλοις
658 2713 695 2752 νο
716 2709 923 2773 χειμυντεως

346 2815 425 2864 νυος
448 2780 595 2876 ονίρημα
619 2788 832 2878 κωμασοίσης.

294 2932 426 2998 Secundi
441 2952 546 2998 versus
566 2935 819 3013 emendationem,
843 2953 934 3017 quam
959 2936 1089 3004 lacilem
1111 2942 1144 3003 et
1164 2937 1244 3003 mani·

194 3040 302 3103 l'estam
334 3037 457 3103 subiicit
490 3043 645 3105 servatum
679 3041 820 3105 omnibus
852 3040 968 3106 litteris
1000 3043 1241 3125 aptissimnmal

193 3145 378 3209 sententiam
407 3144 584 3211 adverbium
607 3152 696 3221 νέως,
726 3145 813 3210 video
850 3164 868 3210 a
896 3145 1037 3212 Naualio
1068 3157 1242 3235 praeoptem.

193 3247 288 3313 Tertii
311 3268 417 3315 versus
440 3252 622 3318 emendandi
644 3253 726 3318 viam
757 3271 816 3316 non
843 3253 944 3318 minus
967 3259 1088 3322 certam
1111 3258 1245 3324 monstrnt
1281 3270 1283 3285 ‘

192 3356 387 3438 participium
416 3353 627 3445 κωμαοιίσης,
656 3357 736 3443 quod
766 3377 836 3424 oum
864 3360 1019 3426 sententia
1050 3368 1243 3447 comparatum
1287 3440 1288 3448 ἵ

191 3464 274 3528 recta
296 3462 334 3527 ad
356 3463 387 3527 id
410 3481 533 3544 nomen,
556 3465 636 3546 quod
659 3467 716 3530 sub
737 3464 851 3530 litteris
873 3492 955 3540 ναος
977 3466 1068 3535 latet
1090 3469 1243 3553 querente

191 3569 325 3643 deducit,
359 3568 471 3636 deinde
504 3570 542 3635 ad
575 3569 703 3654 reliqna.
758 3571 854 3636 Totus
882 3573 964 3637 enim
995 3575 1084 3640 locus
1112 3576 1157 3641 sie
1182 3571 1245 3640 scri·

195 3675 314 3741 bandus
335 3678 399 3742 est:

344 3806 474 3891 Οίχωκε
495 3803 561 3893 yu'p
585 3801 731 3893 κρονητιί
755 3804 926 3891 πηκτίδων
948 3811 1038 3894 μέλη

339 3905 422 3996 λύρα
445 3908 612 3997 μόναυλοί
637 3906 687 3989 θ’,
712 3909 761 3986 οἷς
784 3913 962 3999 ἐχαίρομεν
985 3922 1082 3994 τέως,

341 4012 489 4091 δαιτός
511 4046 554 4085 τε
580 4022 695 4104 ῥῆμα
719 4015 932 4103 cooperandum.
