2678 5018
412 617 416 626 ’
517 629 664 683 Lueretius.
1038 616 1111 694 25¹¹·

62 830 117 904 est3
140 828 335 911 Berneysius
349 827 516 893 delendum
537 827 737 912 significarim
762 827 873 894 Munro
889 830 1028 911 scripsit:
1051 853 1121 892 cum

60 935 198 996 meimet
221 935 264 1010 id,
288 943 316 996 el
339 956 424 1007 cum3
447 933 500 998 sed
515 933 745 1018 ignavissimum
769 933 879 1012 estid,
901 937 1044 1016 etprave
1066 953 1120 1017 per

61 1051 86 1103 et
106 1041 286 1124 adiungitur
306 1040 349 1109 id,
388 1039 467 1123 quod
500 1040 629 1123 exempli
650 1056 741 1104 causa
762 1039 952 1106 adsciscitur.
1006 1040 1121 1106 Nucuit

61 1147 202 1229 frequens
225 1145 330 1211 mendi
352 1164 461 1230 genus,
484 1167 538 1208 coe
558 1163 612 1227 pro
634 1165 695 1207 noe
716 1145 877 1227 seriptum:

141 1254 193 1317 An
216 1254 315 1337 magis
336 1251 418 1316 illud
440 1252 496 1317 erit
517 1253 646 1317 verum?
688 1250 759 1333 quia
781 1252 917 1333 tempere
938 1252 968 1315 iu
990 1269 1050 1315 une

142 1381 205 1421 uon
227 1360 371 1421 sentimus
395 1359 477 1436 (itam
500 1366 540 1431 et,
563 1375 640 1421 eum
655 1374 712 1420 vex
735 1357 886 1423 emittitur
908 1375 978 1435 uua,

142 1468 287 1547 tempera
308 1465 409 1530 multa
431 1466 536 1540 latent,
557 1463 635 1527 ratio
656 1482 722 1546 quae
744 1465 891 1544 comperit
912 1470 1005 1545 esse),

143 1574 307 1654 prepterea
327 1571 375 1645 fit,
397 1572 444 1635 uti
468 1572 525 1634 eet.

160 1677 215 1749 IV,
241 1676 452 1750 1050,1051:

144 1783 222 1846 Haeu
244 1781 347 1845 Venus
370 1784 419 1845 est
439 1782 534 1854 nubis,
557 1781 628 1845 hine
649 1781 785 1845 autemst
810 1798 922 1845 nomeu
945 1783 1066 1859 emeris,
1123 1817 1128 1827 ·

145 1887 212 1950 haec
234 1886 322 1951 illac.
345 1887 479 1968 primum
501 1888 626 1952 Veneris
648 1884 818 1951 dulcedinis
838 1888 870 1951 iu
894 1905 946 1951 cer

142 1991 275 2056 stillavit
297 1996 395 2076 gutta

23 2145 28 2166 r
161 2097 903 2182 SiulaehmennusetBernaysius(quinenreete
911 2104 1123 2183 mommore-

60 2204 416 2288 tieneminterpunguut
428 2204 512 2269 nulla
521 2205 552 2268 in
564 2205 626 2268 illis
637 2202 700 2265 taee
709 2203 788 2266 illaec
803 2205 909 2270 relieta
920 2204 1073 2269 sententia
1088 2206 1120 2269 et

62 2310 184 2377 sublate
194 2310 314 2374 illorum
322 2311 463 2394 primum
472 2309 590 2372 Veneris
601 2312 658 2374 eet.
676 2329 745 2374 eum
758 2313 962 2393 superioribus
974 2311 1118 2376 coniunc-

63 2418 141 2481 tione
150 2416 335 2491 ueeessaria3
348 2435 419 2479 uam
429 2417 461 2479 iu
474 2415 535 2480 illis
544 2435 661 2500 quoque
669 2435 728 2481 uon
741 2416 778 2480 de
790 2416 894 2482 urdine
907 2419 939 2482 et
949 2436 1118 2502 progressu,

62 2522 114 2587 sed
136 2523 175 2588 de
197 2521 314 2604 origiue
330 2521 431 2603 prima
452 2520 565 2584 umoris
586 2520 696 2603 agitur.
737 2522 799 2587 Sed
820 2542 878 2588 neu
904 2525 1005 2590 minus
1025 2542 1117 2606 prave

60 2627 114 2692 hee
151 2627 220 2691 luce
251 2627 445 2709 eoniungitur
465 2624 528 2686 trec
551 2624 629 2688 illuc
650 2626 774 2690 stillavit
793 2639 879 2712 quea
903 2635 981 2712 (quae
1010 2643 1118 2712 prone·

61 2735 176 2797 miuum
202 2732 373 2797 coniunctio
390 2732 523 2814 pertinet
544 2731 583 2796 ad
603 2732 647 2795 rei
668 2735 756 2809 uetae,
779 2753 845 2816 quae
868 2754 948 2800 nune
964 2736 1118 2810 efferatur,

63 2838 383 2919 demonstrationem),
417 2854 602 2921 pravumque
640 2840 688 2902 est
732 2839 807 2903 illud
848 2841 949 2925 ipsum
1003 2837 1126 2901 Veneris

63 2945 229 3006 dulcedinis
248 2954 342 3027 qesta.
377 2944 444 3009 Una
465 2944 570 3008 littera
590 2944 903 3011 mutatasententiam
926 2946 1118 3028 aptissimam

63 3052 219 3135 eleganter
240 3069 413 3134 expressam
434 3048 555 3114 reddet:
1009 3065 1010 3070 ’

161 3158 237 3221 Haeu
258 3156 329 3220 illae
349 3160 482 3239 primum
504 3155 629 3220 Veneris
652 3154 821 3222 dulcedinis
844 3158 874 3221 iu
897 3174 949 3220 eor

161 3262 292 3327 stillavit
313 3264 370 3347 gut
404 3311 411 3337 ‚

63 3368 117 3432 hue
139 3372 203 3433 est:
226 3369 300 3433 Haec
321 3369 454 3452 primum
478 3366 646 3433 dulcedinis
664 3369 763 3451 gutta,
801 3387 867 3451 quse
900 3369 937 3433 ad
967 3369 1140 3451 Venerem

63 3475 202 3551 duceret,
224 3473 254 3537 in
277 3493 327 3539 eor
347 3474 485 3539 stillavit.

165 3580 201 3656 V,
227 3579 283 3641 122
305 3600 387 3662 sqq.:

163 3706 229 3769 quae
250 3686 356 3767 procui
377 3703 473 3767 usque
494 3685 569 3749 adeo
591 3684 693 3749 divine
715 3703 734 3747 a
756 3685 880 3749 numine
902 3685 1025 3757 distent,

163 3793 252 3874 inque
274 3791 367 3856 deum
388 3809 600 3873 numeroque
622 3791 684 3855 siut
704 3790 828 3875 indigna
850 3791 954 3862 videri,

163 3897 304 3961 notitiam
325 3896 427 3978 petius
449 3897 581 3978 praebere
601 3898 637 3960 ut
656 3915 744 3978 pesse
768 3899 920 3979 putentur.

162 4002 234 4085 quid
257 4002 300 4066 sit
319 4001 405 4066 viteli
428 4021 520 4067 seusu
543 4005 688 4085 metuque
708 4006 872 4068 remotum.

162 4109 300 4173 Primum
324 4108 533 4173 eeniunetivus
570 4108 677 4170 dialem
708 4109 739 4173 iu
761 4108 935 4173 huiusmodi
963 4105 1119 4171 sententia

67 4215 198 4293 relativa,
220 4235 282 4299 qua
304 4215 453 4279 transitur
484 4214 523 4278 ad
544 4215 639 4297 ipsius
661 4212 799 4277 Lucretii
820 4214 1005 4279 senteutiam
1028 4230 1122 4294 supe·

68 4321 188 4385 nuribus
207 4321 402 4393 eontrarium,
425 4320 496 4394 ferri
520 4320 603 4385 nulle
624 4318 713 4384 mede
736 4321 847 4401 petest.
890 4318 988 4397 (Quod
1010 4317 1122 4381 Munre

69 4428 197 4508 mamete
238 4449 275 4491 aa
320 4428 459 4503 enarrat,
503 4426 661 4490 Lueretius
705 4425 843 4509 quamuis
876 4425 907 4488 in
943 4420 1118 4487 huiusmodi
