<?xml version="1.0" encoding="UTF-8"?>
<!DOCTYPE html PUBLIC "-//W3C//DTD XHTML 1.0 Transitional//EN"
    "http://www.w3.org/TR/xhtml1/DTD/xhtml1-transitional.dtd">
<html xmlns="http://www.w3.org/1999/xhtml" xml:lang="en" lang="en">
 <head>
  <title>
</title>
<meta http-equiv="Content-Type" content="text/html;charset=utf-8" />
  <meta name='ocr-system' content='tesseract 3.04.00' />
  <meta name='ocr-capabilities' content='ocr_page ocr_carea ocr_par ocr_line ocrx_word'/>
</head>
<body>
  <div class='ocr_page' id='page_1' title='image "./ioniemadvigiiad00madvgoog_0729.png"; bbox 0 0 2580 5054; ppageno 0'>
   <div class='ocr_carea' id='block_1_1' title="bbox 220 278 836 348">
    <p class='ocr_par' dir='ltr' id='par_1_1' title="bbox 220 278 836 348">
     <span class='ocr_line' id='line_1_1' title="bbox 220 278 836 348; baseline -0.028 -1"><span class='ocrx_word' id='word_1_1' title='bbox 220 285 261 347; x_wconf 80' lang='lat'>32</span> <span class='ocrx_word' id='word_1_2' title='bbox 592 279 654 334; x_wconf 80' lang='lat' dir='ltr'>nin.</span> <span class='ocrx_word' id='word_1_3' title='bbox 674 279 695 333; x_wconf 89' lang='lat'>1.</span> <span class='ocrx_word' id='word_1_4' title='bbox 715 281 782 348; x_wconf 75' lang='lat' dir='ltr'>cop.</span> <span class='ocrx_word' id='word_1_5' title='bbox 800 278 836 332; x_wconf 90' lang='lat' dir='ltr'>u.</span> 
     </span>
    </p>
   </div>
   <div class='ocr_carea' id='block_1_2' title="bbox 144 471 1286 4185">
    <p class='ocr_par' dir='ltr' id='par_1_2' title="bbox 144 471 1286 4185">
     <span class='ocr_line' id='line_1_2' title="bbox 172 471 1232 566; baseline 0.007 -25"><span class='ocrx_word' id='word_1_6' title='bbox 172 473 317 566; x_wconf 74' lang='grc' dir='ltr'><em>,ζόγιενοι</em></span> <span class='ocrx_word' id='word_1_7' title='bbox 341 479 470 562; x_wconf 81' lang='lat' dir='ltr'>exprimi</span> <span class='ocrx_word' id='word_1_8' title='bbox 493 479 615 560; x_wconf 88' lang='lat' dir='ltr'>poterat</span> <span class='ocrx_word' id='word_1_9' title='bbox 637 478 669 540; x_wconf 91' lang='lat' dir='ltr'>et</span> <span class='ocrx_word' id='word_1_10' title='bbox 690 475 856 542; x_wconf 88' lang='lat' dir='ltr'>dioendum</span> <span class='ocrx_word' id='word_1_11' title='bbox 871 471 1213 563; x_wconf 58' lang='lat' dir='ltr'>antonomasiam</span> <span class='ocrx_word' id='word_1_12' title='bbox 1231 493 1232 496; x_wconf 75' lang='grc'>’</span> 
     </span>
     <span class='ocr_line' id='line_1_3' title="bbox 173 581 1281 670; baseline -0.006 -19"><span class='ocrx_word' id='word_1_13' title='bbox 173 605 278 670; x_wconf 41' lang='lat' dir='ltr'>*neque</span> <span class='ocrx_word' id='word_1_14' title='bbox 301 586 364 650; x_wconf 88' lang='lat' dir='ltr'>ullo</span> <span class='ocrx_word' id='word_1_15' title='bbox 386 585 477 650; x_wconf 91' lang='lat' dir='ltr'>modo</span> <span class='ocrx_word' id='word_1_16' title='bbox 499 582 655 666; x_wconf 80' lang='lat' dir='ltr'>probabile</span> <span class='ocrx_word' id='word_1_17' title='bbox 678 585 727 647; x_wconf 89' lang='lat' dir='ltr'>est</span> <span class='ocrx_word' id='word_1_18' title='bbox 748 602 767 647; x_wconf 90' lang='lat' dir='ltr'>a</span> <span class='ocrx_word' id='word_1_19' title='bbox 785 584 909 667; x_wconf 80' lang='lat' dir='ltr'>tyranni</span> <span class='ocrx_word' id='word_1_20' title='bbox 926 586 1122 666; x_wconf 75' lang='lat' dir='ltr'>procuratore</span> <span class='ocrx_word' id='word_1_21' title='bbox 1136 582 1234 646; x_wconf 23' lang='lat' dir='ltr'>lua*</span> <span class='ocrx_word' id='word_1_22' title='bbox 1267 581 1281 616; x_wconf 72' lang='lat' dir='ltr'>o</span> 
     </span>
     <span class='ocr_line' id='line_1_4' title="bbox 181 670 1286 769; baseline -0.007 -12"><span class='ocrx_word' id='word_1_23' title='bbox 181 693 254 758; x_wconf 86' lang='lat' dir='ltr'>tinis</span> <span class='ocrx_word' id='word_1_24' title='bbox 287 692 394 757; x_wconf 90' lang='lat' dir='ltr'>liberis</span> <span class='ocrx_word' id='word_1_25' title='bbox 427 690 573 757; x_wconf 85' lang='lat' dir='ltr'>auxilium</span> <span class='ocrx_word' id='word_1_26' title='bbox 595 689 794 754; x_wconf 87' lang='lat' dir='ltr'>summissum</span> <span class='ocrx_word' id='word_1_27' title='bbox 822 707 891 755; x_wconf 85' lang='lat' dir='ltr'>asse</span> <span class='ocrx_word' id='word_1_28' title='bbox 922 689 1045 755; x_wconf 81' lang='lat' dir='ltr'>offensa</span> <span class='ocrx_word' id='word_1_29' title='bbox 1070 708 1171 763; x_wconf 77' lang='lat' dir='ltr'>eornm,</span> <span class='ocrx_word' id='word_1_30' title='bbox 1187 683 1237 769; x_wconf 79' lang='lat' dir='ltr'>qd</span> <span class='ocrx_word' id='word_1_31' title='bbox 1270 670 1286 731; x_wconf 66' lang='lat' dir='ltr'>ll</span> 
     </span>
     <span class='ocr_line' id='line_1_5' title="bbox 181 782 1286 883; baseline -0.005 -21"><span class='ocrx_word' id='word_1_32' title='bbox 181 804 310 883; x_wconf 89' lang='lat' dir='ltr'>tyranno</span> <span class='ocrx_word' id='word_1_33' title='bbox 333 798 484 881; x_wconf 87' lang='lat' dir='ltr'>parerent,</span> <span class='ocrx_word' id='word_1_34' title='bbox 507 796 675 863; x_wconf 77' lang='lat' dir='ltr'>roisnato.</span> <span class='ocrx_word' id='word_1_35' title='bbox 703 795 868 879; x_wconf 79' lang='lat' dir='ltr'>Repugnat</span> <span class='ocrx_word' id='word_1_36' title='bbox 889 797 998 883; x_wconf 88' lang='lat' dir='ltr'>etiam,</span> <span class='ocrx_word' id='word_1_37' title='bbox 1022 794 1104 878; x_wconf 89' lang='lat' dir='ltr'>quod</span> <span class='ocrx_word' id='word_1_38' title='bbox 1124 793 1238 865; x_wconf 51' lang='lat' dir='ltr'>additu.¹</span> <span class='ocrx_word' id='word_1_39' title='bbox 1271 782 1286 837; x_wconf 85' lang='lat' dir='ltr'>n</span> 
     </span>
     <span class='ocr_line' id='line_1_6' title="bbox 176 893 1286 989; baseline -0.009 -18"><span class='ocrx_word' id='word_1_40' title='bbox 176 898 391 988; x_wconf 82' lang='grc' dir='ltr'><em>ιίιιικόμενοι</em></span> <span class='ocrx_word' id='word_1_41' title='bbox 426 902 578 989; x_wconf 71' lang='grc' dir='ltr'><em>τιμωροὶ,</em></span> <span class='ocrx_word' id='word_1_42' title='bbox 607 901 688 984; x_wconf 89' lang='lat' dir='ltr'>quod</span> <span class='ocrx_word' id='word_1_43' title='bbox 719 901 755 966; x_wconf 93' lang='lat' dir='ltr'>de</span> <span class='ocrx_word' id='word_1_44' title='bbox 784 902 992 968; x_wconf 77' lang='lat' dir='ltr'>auxiliaribus</span> <span class='ocrx_word' id='word_1_45' title='bbox 1022 922 1080 967; x_wconf 88' lang='lat' dir='ltr'>sua</span> <span class='ocrx_word' id='word_1_46' title='bbox 1101 901 1223 965; x_wconf 78' lang='lat' dir='ltr'>voluntate</span> <span class='ocrx_word' id='word_1_47' title='bbox 1273 893 1286 943; x_wconf 76' lang='lat' dir='ltr'>l</span> 
     </span>
     <span class='ocr_line' id='line_1_7' title="bbox 183 991 1286 1094; baseline -0.007 -18"><span class='ocrx_word' id='word_1_48' title='bbox 183 1011 335 1087; x_wconf 72' lang='lat' dir='ltr'>adductis,</span> <span class='ocrx_word' id='word_1_49' title='bbox 361 1029 421 1075; x_wconf 89' lang='lat' dir='ltr'>non</span> <span class='ocrx_word' id='word_1_50' title='bbox 439 1011 476 1074; x_wconf 92' lang='lat' dir='ltr'>de</span> <span class='ocrx_word' id='word_1_51' title='bbox 491 1009 646 1074; x_wconf 74' lang='lat' dir='ltr'>militibus</span> <span class='ocrx_word' id='word_1_52' title='bbox 661 1008 789 1090; x_wconf 86' lang='lat' dir='ltr'>imperio</span> <span class='ocrx_word' id='word_1_53' title='bbox 805 1009 928 1094; x_wconf 76' lang='lat' dir='ltr'>tyranni</span> <span class='ocrx_word' id='word_1_54' title='bbox 945 1026 1032 1091; x_wconf 83' lang='lat' dir='ltr'>aegre</span> <span class='ocrx_word' id='word_1_55' title='bbox 1048 1004 1226 1073; x_wconf 80' lang='lat' dir='ltr'>obedientibus</span> <span class='ocrx_word' id='word_1_56' title='bbox 1276 991 1286 1052; x_wconf 70' lang='lat' dir='ltr'>l</span> 
     </span>
     <span class='ocr_line' id='line_1_8' title="bbox 176 1098 1286 1200; baseline -0.005 -19"><span class='ocrx_word' id='word_1_57' title='bbox 176 1121 254 1200; x_wconf 19' lang='lat' dir='ltr'>*apta</span> <span class='ocrx_word' id='word_1_58' title='bbox 277 1117 398 1181; x_wconf 89' lang='lat' dir='ltr'>dicitur.</span> <span class='ocrx_word' id='word_1_59' title='bbox 448 1115 646 1200; x_wconf 79' lang='lat' dir='ltr'>significatur</span> <span class='ocrx_word' id='word_1_60' title='bbox 660 1115 806 1179; x_wconf 91' lang='lat' dir='ltr'>nimirum</span> <span class='ocrx_word' id='word_1_61' title='bbox 824 1133 872 1179; x_wconf 89' lang='lat' dir='ltr'>res</span> <span class='ocrx_word' id='word_1_62' title='bbox 887 1114 920 1178; x_wconf 93' lang='lat' dir='ltr'>in</span> <span class='ocrx_word' id='word_1_63' title='bbox 938 1113 1124 1180; x_wconf 87' lang='lat' dir='ltr'>civitatibus</span> <span class='ocrx_word' id='word_1_64' title='bbox 1143 1110 1227 1179; x_wconf 72' lang='lat' dir='ltr'>orna</span> <span class='ocrx_word' id='word_1_65' title='bbox 1246 1180 1247 1184; x_wconf 50' lang='lat'>,</span> <span class='ocrx_word' id='word_1_66' title='bbox 1277 1098 1286 1158; x_wconf 64' lang='lat' dir='ltr'>l*</span> 
     </span>
     <span class='ocr_line' id='line_1_9' title="bbox 178 1218 1286 1306; baseline -0.006 -20"><span class='ocrx_word' id='word_1_67' title='bbox 178 1221 428 1306; x_wconf 79' lang='lat' dir='ltr'>¹frequentissimi</span> <span class='ocrx_word' id='word_1_68' title='bbox 452 1221 594 1303; x_wconf 82' lang='lat' dir='ltr'>exempli,</span> <span class='ocrx_word' id='word_1_69' title='bbox 617 1223 737 1303; x_wconf 87' lang='lat' dir='ltr'>partem</span> <span class='ocrx_word' id='word_1_70' title='bbox 759 1222 873 1287; x_wconf 88' lang='lat' dir='ltr'>oivium</span> <span class='ocrx_word' id='word_1_71' title='bbox 898 1221 1117 1305; x_wconf 84' lang='lat' dir='ltr'>Rhegiuorum</span> <span class='ocrx_word' id='word_1_72' title='bbox 1138 1218 1229 1301; x_wconf 84' lang='lat' dir='ltr'>propter</span> <span class='ocrx_word' id='word_1_73' title='bbox 1280 1233 1286 1260; x_wconf 63' lang='lat'>²</span> 
     </span>
     <span class='ocr_line' id='line_1_10' title="bbox 185 1317 1232 1412; baseline -0.005 -19"><span class='ocrx_word' id='word_1_74' title='bbox 185 1327 379 1412; x_wconf 81' lang='lat' dir='ltr'>tyrannidem</span> <span class='ocrx_word' id='word_1_75' title='bbox 412 1329 532 1393; x_wconf 86' lang='lat' dir='ltr'>exsoles</span> <span class='ocrx_word' id='word_1_76' title='bbox 566 1332 694 1411; x_wconf 84' lang='lat' dir='ltr'>vagatos</span> <span class='ocrx_word' id='word_1_77' title='bbox 726 1317 793 1392; x_wconf 85' lang='lat' dir='ltr'>esse</span> <span class='ocrx_word' id='word_1_78' title='bbox 815 1346 927 1410; x_wconf 86' lang='lat' dir='ltr'>eoaque</span> <span class='ocrx_word' id='word_1_79' title='bbox 951 1345 986 1392; x_wconf 90' lang='lat' dir='ltr'>se</span> <span class='ocrx_word' id='word_1_80' title='bbox 1009 1324 1179 1392; x_wconf 83' lang='lat' dir='ltr'>Tarentinis</span> <span class='ocrx_word' id='word_1_81' title='bbox 1196 1340 1232 1387; x_wconf 84' lang='lat' dir='ltr'>sao</span> 
     </span>
     <span class='ocr_line' id='line_1_11' title="bbox 186 1426 1256 1519; baseline -0.004 -18"><span class='ocrx_word' id='word_1_82' title='bbox 186 1436 316 1501; x_wconf 90' lang='lat' dir='ltr'>oonsilio</span> <span class='ocrx_word' id='word_1_83' title='bbox 339 1436 524 1501; x_wconf 89' lang='lat' dir='ltr'>adiunxisse.</span> <span class='ocrx_word' id='word_1_84' title='bbox 575 1434 682 1517; x_wconf 88' lang='lat' dir='ltr'>ltaque</span> <span class='ocrx_word' id='word_1_85' title='bbox 704 1441 758 1498; x_wconf 79' lang='lat' dir='ltr'>ani·</span> <span class='ocrx_word' id='word_1_86' title='bbox 779 1433 927 1500; x_wconf 81' lang='lat' dir='ltr'>excidisse</span> <span class='ocrx_word' id='word_1_87' title='bbox 951 1426 1137 1519; x_wconf 78' lang='grc' dir='ltr'><em>φεύγειν</em></span> <span class='ocrx_word' id='word_1_88' title='bbox 1155 1431 1256 1513; x_wconf 51' lang='lat' dir='ltr'>opinor¹</span> 
     </span>
     <span class='ocr_line' id='line_1_12' title="bbox 178 1530 1260 1631; baseline -0.008 -23"><span class='ocrx_word' id='word_1_89' title='bbox 178 1539 339 1630; x_wconf 77' lang='grc' dir='ltr'><em>(φεύγειν</em></span> <span class='ocrx_word' id='word_1_90' title='bbox 354 1533 639 1629; x_wconf 78' lang='grc' dir='ltr'><em>α’ναγκαζάμενοι)</em></span> <span class='ocrx_word' id='word_1_91' title='bbox 655 1543 710 1604; x_wconf 82' lang='lat' dir='ltr'>aut</span> <span class='ocrx_word' id='word_1_92' title='bbox 724 1540 932 1606; x_wconf 85' lang='lat' dir='ltr'>scribendum:</span> <span class='ocrx_word' id='word_1_93' title='bbox 957 1546 993 1606; x_wconf 84' lang='grc' dir='ltr'>οἳ</span> <span class='ocrx_word' id='word_1_94' title='bbox 1006 1536 1081 1607; x_wconf 72' lang='grc' dir='ltr'>ὑπό</span> <span class='ocrx_word' id='word_1_95' title='bbox 1097 1530 1237 1607; x_wconf 68' lang='lat' dir='ltr'>bertoo</span> <span class='ocrx_word' id='word_1_96' title='bbox 1259 1625 1260 1631; x_wconf 9' lang='grc' dir='ltr'><em>η</em></span> 
     </span>
     <span class='ocr_line' id='line_1_13' title="bbox 189 1639 1261 1735; baseline -0.007 -21"><span class='ocrx_word' id='word_1_97' title='bbox 189 1649 248 1714; x_wconf 78' lang='grc' dir='ltr'>τοῦ</span> <span class='ocrx_word' id='word_1_98' title='bbox 271 1649 406 1734; x_wconf 84' lang='grc' dir='ltr'><em>Χοίρου</em></span> <span class='ocrx_word' id='word_1_99' title='bbox 436 1641 760 1735; x_wconf 75' lang='grc' dir='ltr'><em>οίναχ-αζόγιενοι</em></span> <span class='ocrx_word' id='word_1_100' title='bbox 790 1648 857 1713; x_wconf 77' lang='grc' dir='ltr'>τῶν</span> <span class='ocrx_word' id='word_1_101' title='bbox 880 1639 1005 1723; x_wconf 80' lang='grc' dir='ltr'><em>άστών,</em></span> <span class='ocrx_word' id='word_1_102' title='bbox 1043 1647 1136 1730; x_wconf 85' lang='lat' dir='ltr'>paulo</span> <span class='ocrx_word' id='word_1_103' title='bbox 1159 1645 1261 1709; x_wconf 79' lang='lat' dir='ltr'>dmm</span> 
     </span>
     <span class='ocr_line' id='line_1_14' title="bbox 190 1748 1239 1837; baseline -0.009 -17"><span class='ocrx_word' id='word_1_104' title='bbox 190 1754 290 1837; x_wconf 89' lang='lat' dir='ltr'>posito</span> <span class='ocrx_word' id='word_1_105' title='bbox 328 1748 398 1822; x_wconf 74' lang='grc' dir='ltr'>ὑπό</span> <span class='ocrx_word' id='word_1_106' title='bbox 435 1756 516 1837; x_wconf 88' lang='lat' dir='ltr'>apud</span> <span class='ocrx_word' id='word_1_107' title='bbox 555 1756 682 1820; x_wconf 83' lang='lat' dir='ltr'>verbum</span> <span class='ocrx_word' id='word_1_108' title='bbox 718 1753 960 1826; x_wconf 81' lang='lat' dir='ltr'>intransitivum,</span> <span class='ocrx_word' id='word_1_109' title='bbox 998 1751 1239 1836; x_wconf 85' lang='lat' dir='ltr'>quemadmodum</span> 
     </span>
     <span class='ocr_line' id='line_1_15' title="bbox 189 1854 1262 1949; baseline -0.001 -26"><span class='ocrx_word' id='word_1_110' title='bbox 189 1860 303 1925; x_wconf 80' lang='lat' dir='ltr'>dieitur</span> <span class='ocrx_word' id='word_1_111' title='bbox 322 1858 462 1949; x_wconf 76' lang='grc' dir='ltr'><em>φεύγειν</em></span> <span class='ocrx_word' id='word_1_112' title='bbox 478 1854 547 1927; x_wconf 80' lang='grc' dir='ltr'>ὑπό</span> <span class='ocrx_word' id='word_1_113' title='bbox 563 1885 665 1931; x_wconf 78' lang='grc' dir='ltr'><em>τινος.</em></span> <span class='ocrx_word' id='word_1_114' title='bbox 688 1861 762 1940; x_wconf 88' lang='lat' dir='ltr'>(Pro</span> <span class='ocrx_word' id='word_1_115' title='bbox 777 1856 865 1926; x_wconf 80' lang='grc' dir='ltr'><em>οὕτω</em></span> <span class='ocrx_word' id='word_1_116' title='bbox 884 1858 1049 1942; x_wconf 82' lang='lat' dir='ltr'>Pingalius</span> <span class='ocrx_word' id='word_1_117' title='bbox 1067 1859 1241 1943; x_wconf 63' lang='lat' dir='ltr'>probabiliter</span> <span class='ocrx_word' id='word_1_118' title='bbox 1261 1909 1262 1912; x_wconf 63' lang='lat'>,</span> 
     </span>
     <span class='ocr_line' id='line_1_16' title="bbox 188 1953 308 2040; baseline 0.008 -9"><span class='ocrx_word' id='word_1_119' title='bbox 188 1953 308 2040; x_wconf 67' lang='lat' dir='ltr'>oddoni</span> 
     </span>
     <span class='ocr_line' id='line_1_17' title="bbox 288 2065 1242 2158; baseline -0.005 -20"><span class='ocrx_word' id='word_1_120' title='bbox 288 2074 363 2140; x_wconf 91' lang='lat' dir='ltr'>Ibid.</span> <span class='ocrx_word' id='word_1_121' title='bbox 390 2075 465 2139; x_wconf 84' lang='lat'>180:</span> <span class='ocrx_word' id='word_1_122' title='bbox 497 2076 550 2140; x_wconf 78' lang='grc' dir='ltr'><em>καί</em></span> <span class='ocrx_word' id='word_1_123' title='bbox 585 2081 701 2141; x_wconf 79' lang='grc' dir='ltr'><em>ἔπειτα</em></span> <span class='ocrx_word' id='word_1_124' title='bbox 735 2074 803 2139; x_wconf 81' lang='grc' dir='ltr'>τάν</span> <span class='ocrx_word' id='word_1_125' title='bbox 836 2076 1030 2158; x_wconf 76' lang='grc' dir='ltr'><em>ἐπιβατέων</em></span> <span class='ocrx_word' id='word_1_126' title='bbox 1065 2068 1171 2158; x_wconf 72' lang='grc' dir='ltr'><em>αὐτῆς</em></span> <span class='ocrx_word' id='word_1_127' title='bbox 1196 2065 1242 2136; x_wconf 86' lang='grc' dir='ltr'>ιίι</span> 
     </span>
     <span class='ocr_line' id='line_1_18' title="bbox 191 2171 1243 2268; baseline -0.004 -21"><span class='ocrx_word' id='word_1_128' title='bbox 191 2179 453 2249; x_wconf 79' lang='grc' dir='ltr'><em>καλλιστεύοντα</em></span> <span class='ocrx_word' id='word_1_129' title='bbox 494 2175 681 2268; x_wconf 78' lang='grc' dir='ltr'><em>α’γαγάντες</em></span> <span class='ocrx_word' id='word_1_130' title='bbox 724 2183 779 2247; x_wconf 73' lang='grc' dir='ltr'>ἐπὶ</span> <span class='ocrx_word' id='word_1_131' title='bbox 816 2181 878 2265; x_wconf 87' lang='grc' dir='ltr'><em>τη’ς</em></span> <span class='ocrx_word' id='word_1_132' title='bbox 910 2176 1053 2266; x_wconf 81' lang='grc' dir='ltr'><em>αράρης</em></span> <span class='ocrx_word' id='word_1_133' title='bbox 1090 2182 1152 2265; x_wconf 77' lang='grc' dir='ltr'>της</span> <span class='ocrx_word' id='word_1_134' title='bbox 1186 2171 1243 2249; x_wconf 75' lang='grc' dir='ltr'><em>νιοί</em></span> 
     </span>
     <span class='ocr_line' id='line_1_19' title="bbox 183 2278 1244 2373; baseline -0.007 -17"><span class='ocrx_word' id='word_1_135' title='bbox 183 2293 350 2373; x_wconf 79' lang='grc' dir='ltr'>Ιἔσφαξαν,</span> <span class='ocrx_word' id='word_1_136' title='bbox 374 2287 539 2365; x_wconf 76' lang='grc' dir='ltr'><em>διαδέξιον</em></span> <span class='ocrx_word' id='word_1_137' title='bbox 561 2283 760 2373; x_wconf 73' lang='grc' dir='ltr'><em>ποιεύμενοι</em></span> <span class='ocrx_word' id='word_1_138' title='bbox 790 2283 851 2353; x_wconf 80' lang='grc' dir='ltr'>τόν</span> <span class='ocrx_word' id='word_1_139' title='bbox 879 2285 972 2353; x_wconf 80' lang='grc' dir='ltr'><em>εἷλον</em></span> <span class='ocrx_word' id='word_1_140' title='bbox 994 2289 1068 2353; x_wconf 80' lang='grc' dir='ltr'>τῶν</span> <span class='ocrx_word' id='word_1_141' title='bbox 1088 2278 1244 2370; x_wconf 71' lang='grc' dir='ltr'><em>Ἑλλήνων</em></span> 
     </span>
     <span class='ocr_line' id='line_1_20' title="bbox 189 2390 1272 2482; baseline -0.004 -22"><span class='ocrx_word' id='word_1_142' title='bbox 189 2395 328 2480; x_wconf 78' lang='grc' dir='ltr'><em>πρῶτον</em></span> <span class='ocrx_word' id='word_1_143' title='bbox 352 2397 406 2461; x_wconf 78' lang='grc' dir='ltr'><em>καί</em></span> <span class='ocrx_word' id='word_1_144' title='bbox 430 2390 621 2462; x_wconf 84' lang='grc' dir='ltr'><em>κάλλιστον.</em></span> <span class='ocrx_word' id='word_1_145' title='bbox 672 2395 780 2478; x_wconf 84' lang='lat' dir='ltr'>Neque</span> <span class='ocrx_word' id='word_1_146' title='bbox 809 2394 882 2460; x_wconf 87' lang='lat' dir='ltr'>alibi</span> <span class='ocrx_word' id='word_1_147' title='bbox 911 2396 1069 2475; x_wconf 85' lang='lat' dir='ltr'>reperitur</span> <span class='ocrx_word' id='word_1_148' title='bbox 1093 2395 1242 2469; x_wconf 75' lang='grc' dir='ltr'><em>διαδέξιοι.</em></span> <span class='ocrx_word' id='word_1_149' title='bbox 1269 2438 1272 2482; x_wconf 83' lang='lat' dir='ltr'><strong><em>J</em></strong></span> 
     </span>
     <span class='ocr_line' id='line_1_21' title="bbox 183 2500 1272 2586; baseline -0.004 -20"><span class='ocrx_word' id='word_1_150' title='bbox 183 2520 289 2585; x_wconf 85' lang='lat' dir='ltr'>neque</span> <span class='ocrx_word' id='word_1_151' title='bbox 311 2501 344 2567; x_wconf 96' lang='lat' dir='ltr'>id</span> <span class='ocrx_word' id='word_1_152' title='bbox 367 2500 541 2586; x_wconf 79' lang='lat' dir='ltr'>significare</span> <span class='ocrx_word' id='word_1_153' title='bbox 562 2502 675 2584; x_wconf 87' lang='lat' dir='ltr'>potest,</span> <span class='ocrx_word' id='word_1_154' title='bbox 707 2502 789 2584; x_wconf 88' lang='lat' dir='ltr'>quod</span> <span class='ocrx_word' id='word_1_155' title='bbox 818 2501 934 2576; x_wconf 77' lang='lat' dir='ltr'>volunt,</span> <span class='ocrx_word' id='word_1_156' title='bbox 962 2501 1074 2569; x_wconf 74' lang='lat' dir='ltr'>„valde</span> <span class='ocrx_word' id='word_1_157' title='bbox 1097 2503 1244 2566; x_wconf 58' lang='lat' dir='ltr'>faustum*⁸</span> <span class='ocrx_word' id='word_1_158' title='bbox 1271 2582 1272 2585; x_wconf 8' lang='grc' dir='ltr'><strong>Ἴ</strong></span> 
     </span>
     <span class='ocr_line' id='line_1_22' title="bbox 144 2606 1244 2691; baseline -0.002 -19"><span class='ocrx_word' id='word_1_159' title='bbox 144 2665 151 2678; x_wconf 86' lang='grc'><strong><em>,</em></strong></span> <span class='ocrx_word' id='word_1_160' title='bbox 189 2626 290 2691; x_wconf 83' lang='lat' dir='ltr'>neque</span> <span class='ocrx_word' id='word_1_161' title='bbox 323 2609 430 2684; x_wconf 77' lang='grc' dir='ltr'><em>δίξιον</em></span> <span class='ocrx_word' id='word_1_162' title='bbox 463 2608 645 2675; x_wconf 77' lang='grc' dir='ltr'><em>ποιεῖσθαί</em></span> <span class='ocrx_word' id='word_1_163' title='bbox 676 2632 753 2674; x_wconf 88' lang='grc' dir='ltr'><em>τινα</em></span> <span class='ocrx_word' id='word_1_164' title='bbox 787 2627 840 2691; x_wconf 83' lang='lat' dir='ltr'>per</span> <span class='ocrx_word' id='word_1_165' title='bbox 875 2627 907 2673; x_wconf 81' lang='lat' dir='ltr'>se</span> <span class='ocrx_word' id='word_1_166' title='bbox 944 2606 1126 2690; x_wconf 79' lang='lat' dir='ltr'>significare</span> <span class='ocrx_word' id='word_1_167' title='bbox 1164 2607 1244 2690; x_wconf 79' lang='lat' dir='ltr'>potest</span> 
     </span>
     <span class='ocr_line' id='line_1_23' title="bbox 189 2713 1244 2797; baseline -0.002 -18"><span class='ocrx_word' id='word_1_168' title='bbox 189 2714 305 2780; x_wconf 91' lang='lat' dir='ltr'>bonnm</span> <span class='ocrx_word' id='word_1_169' title='bbox 335 2733 425 2780; x_wconf 90' lang='lat' dir='ltr'>omen</span> <span class='ocrx_word' id='word_1_170' title='bbox 455 2734 490 2780; x_wconf 87' lang='lat' dir='ltr'>ex</span> <span class='ocrx_word' id='word_1_171' title='bbox 520 2715 623 2797; x_wconf 91' lang='lat' dir='ltr'>aliquo</span> <span class='ocrx_word' id='word_1_172' title='bbox 652 2716 785 2796; x_wconf 80' lang='lat' dir='ltr'>captare.</span> <span class='ocrx_word' id='word_1_173' title='bbox 836 2713 872 2779; x_wconf 93' lang='lat' dir='ltr'>ln</span> <span class='ocrx_word' id='word_1_174' title='bbox 894 2714 1011 2779; x_wconf 87' lang='lat' dir='ltr'>littoris</span> <span class='ocrx_word' id='word_1_175' title='bbox 1048 2715 1107 2781; x_wconf 82' lang='grc' dir='ltr'>δια</span> <span class='ocrx_word' id='word_1_176' title='bbox 1140 2716 1244 2780; x_wconf 81' lang='lat' dir='ltr'>subesse</span> 
     </span>
     <span class='ocr_line' id='line_1_24' title="bbox 188 2820 1244 2910; baseline 0.003 -25"><span class='ocrx_word' id='word_1_177' title='bbox 188 2822 264 2902; x_wconf 89' lang='lat' dir='ltr'>puto</span> <span class='ocrx_word' id='word_1_178' title='bbox 297 2820 464 2905; x_wconf 86' lang='lat' dir='ltr'>vestigium</span> <span class='ocrx_word' id='word_1_179' title='bbox 499 2821 640 2886; x_wconf 78' lang='lat' dir='ltr'>vocabuli</span> <span class='ocrx_word' id='word_1_180' title='bbox 671 2822 831 2887; x_wconf 82' lang='lat' dir='ltr'>sententiaa</span> <span class='ocrx_word' id='word_1_181' title='bbox 860 2821 1052 2885; x_wconf 83' lang='lat' dir='ltr'>necessarii:</span> <span class='ocrx_word' id='word_1_182' title='bbox 1106 2826 1244 2910; x_wconf 62' lang='lat' dir='ltr'>topatus.-</span> 
     </span>
     <span class='ocr_line' id='line_1_25' title="bbox 186 2922 1244 3013; baseline -0.002 -21"><span class='ocrx_word' id='word_1_183' title='bbox 186 2923 350 3012; x_wconf 75' lang='grc' dir='ltr'><em>ὄρνιθα</em></span> <span class='ocrx_word' id='word_1_184' title='bbox 386 2927 494 3005; x_wconf 77' lang='grc' dir='ltr'><em>δι’ξιον</em></span> <span class='ocrx_word' id='word_1_185' title='bbox 526 2923 727 3013; x_wconf 74' lang='grc' dir='ltr'><em>ποιεύμενοι</em></span> <span class='ocrx_word' id='word_1_186' title='bbox 762 2927 824 2994; x_wconf 84' lang='grc' dir='ltr'>τάν</span> <span class='ocrx_word' id='word_1_187' title='bbox 856 2925 948 2996; x_wconf 75' lang='grc' dir='ltr'><em>εἷλον</em></span> <span class='ocrx_word' id='word_1_188' title='bbox 980 2928 1052 2994; x_wconf 80' lang='grc' dir='ltr'>τῶν</span> <span class='ocrx_word' id='word_1_189' title='bbox 1087 2922 1244 3013; x_wconf 72' lang='grc' dir='ltr'><em>Ἑλλήνων</em></span> 
     </span>
     <span class='ocr_line' id='line_1_26' title="bbox 188 3031 1282 3120; baseline -0.004 -21"><span class='ocrx_word' id='word_1_190' title='bbox 188 3037 325 3120; x_wconf 80' lang='grc' dir='ltr'><em>πρῶτον</em></span> <span class='ocrx_word' id='word_1_191' title='bbox 348 3037 402 3102; x_wconf 82' lang='grc' dir='ltr'><em>καλ</em></span> <span class='ocrx_word' id='word_1_192' title='bbox 427 3031 621 3101; x_wconf 85' lang='grc' dir='ltr'><em>κάλλιστον.</em></span> <span class='ocrx_word' id='word_1_193' title='bbox 1281 3083 1282 3087; x_wconf 65' lang='lat'>,</span> 
     </span>
     <span class='ocr_line' id='line_1_27' title="bbox 289 3135 1244 3228; baseline 0 -24"><span class='ocrx_word' id='word_1_194' title='bbox 289 3140 367 3209; x_wconf 86' lang='lat' dir='ltr'>Ibid.</span> <span class='ocrx_word' id='word_1_195' title='bbox 392 3144 468 3207; x_wconf 81' lang='lat'>191:</span> <span class='ocrx_word' id='word_1_196' title='bbox 497 3135 626 3228; x_wconf 75' lang='grc' dir='ltr'><em>ἡμέρας</em></span> <span class='ocrx_word' id='word_1_197' title='bbox 647 3135 712 3227; x_wconf 84' lang='grc' dir='ltr'><em>γάρ</em></span> <span class='ocrx_word' id='word_1_198' title='bbox 736 3136 778 3226; x_wconf 79' lang='grc' dir='ltr'><em>δὴ</em></span> <span class='ocrx_word' id='word_1_199' title='bbox 811 3140 962 3228; x_wconf 78' lang='grc' dir='ltr'><em>ἐχείμαζε</em></span> <span class='ocrx_word' id='word_1_200' title='bbox 981 3156 1087 3226; x_wconf 81' lang='grc' dir='ltr'><em>τρεῖς·</em></span> <span class='ocrx_word' id='word_1_201' title='bbox 1117 3146 1205 3217; x_wconf 80' lang='grc' dir='ltr'><em>τέλος</em></span> <span class='ocrx_word' id='word_1_202' title='bbox 1223 3139 1244 3204; x_wconf 84' lang='grc' dir='ltr'><em>δ</em></span> 
     </span>
     <span class='ocr_line' id='line_1_28' title="bbox 189 3240 1247 3335; baseline 0.001 -24"><span class='ocrx_word' id='word_1_203' title='bbox 189 3241 317 3331; x_wconf 81' lang='grc' dir='ltr'><em>ἔντομά</em></span> <span class='ocrx_word' id='word_1_204' title='bbox 340 3273 378 3314; x_wconf 88' lang='grc' dir='ltr'><em>τε</em></span> <span class='ocrx_word' id='word_1_205' title='bbox 407 3251 588 3322; x_wconf 73' lang='grc' dir='ltr'><em>ποιεῦντες</em></span> <span class='ocrx_word' id='word_1_206' title='bbox 616 3250 669 3314; x_wconf 78' lang='grc' dir='ltr'><em>καί</em></span> <span class='ocrx_word' id='word_1_207' title='bbox 702 3248 938 3323; x_wconf 75' lang='grc' dir='ltr'><em>καταείδοντες</em></span> <span class='ocrx_word' id='word_1_208' title='bbox 965 3240 1071 3335; x_wconf 86' lang='grc' dir='ltr'><em>γόησι</em></span> <span class='ocrx_word' id='word_1_209' title='bbox 1096 3255 1131 3317; x_wconf 81' lang='grc' dir='ltr'>οἱ</span> <span class='ocrx_word' id='word_1_210' title='bbox 1152 3242 1247 3335; x_wconf 83' lang='grc' dir='ltr'><em>Μάγοι</em></span> 
     </span>
     <span class='ocr_line' id='line_1_29' title="bbox 187 3346 1248 3448; baseline 0.002 -28"><span class='ocrx_word' id='word_1_211' title='bbox 187 3354 233 3439; x_wconf 79' lang='grc' dir='ltr'>τῷ</span> <span class='ocrx_word' id='word_1_212' title='bbox 265 3346 379 3440; x_wconf 70' lang='grc' dir='ltr'><em>α’νίμιο</em></span> <span class='ocrx_word' id='word_1_213' title='bbox 414 3403 453 3422; x_wconf 90' lang='grc'>..</span> <span class='ocrx_word' id='word_1_214' title='bbox 479 3401 519 3420; x_wconf 87' lang='grc'>..</span> <span class='ocrx_word' id='word_1_215' title='bbox 554 3362 708 3422; x_wconf 78' lang='grc' dir='ltr'><em>ἔπαυσαν</em></span> <span class='ocrx_word' id='word_1_216' title='bbox 740 3358 784 3445; x_wconf 77' lang='grc' dir='ltr'>τῇ</span> <span class='ocrx_word' id='word_1_217' title='bbox 816 3347 962 3444; x_wconf 84' lang='grc' dir='ltr'><em>τετάρτη</em></span> <span class='ocrx_word' id='word_1_218' title='bbox 995 3350 1115 3448; x_wconf 72' lang='grc' dir='ltr'><em>ἡμέρη</em></span> <span class='ocrx_word' id='word_1_219' title='bbox 1137 3384 1166 3425; x_wconf 90' lang='grc' dir='ltr'>ιι.</span> <span class='ocrx_word' id='word_1_220' title='bbox 1185 3383 1210 3426; x_wconf 89' lang='grc' dir='ltr'>τ.</span> <span class='ocrx_word' id='word_1_221' title='bbox 1228 3355 1248 3417; x_wconf 91' lang='grc' dir='ltr'><em>λ</em></span> 
     </span>
     <span class='ocr_line' id='line_1_30' title="bbox 190 3454 1250 3549; baseline 0.003 -25"><span class='ocrx_word' id='word_1_222' title='bbox 190 3461 339 3527; x_wconf 89' lang='lat' dir='ltr'>Mendum</span> <span class='ocrx_word' id='word_1_223' title='bbox 365 3479 432 3528; x_wconf 84' lang='lat' dir='ltr'>esse</span> <span class='ocrx_word' id='word_1_224' title='bbox 454 3462 485 3527; x_wconf 92' lang='lat' dir='ltr'>in</span> <span class='ocrx_word' id='word_1_225' title='bbox 509 3454 606 3549; x_wconf 89' lang='grc' dir='ltr'><em>γόησι</em></span> <span class='ocrx_word' id='word_1_226' title='bbox 629 3464 713 3528; x_wconf 86' lang='lat' dir='ltr'>recte</span> <span class='ocrx_word' id='word_1_227' title='bbox 735 3464 774 3529; x_wconf 94' lang='lat' dir='ltr'>ab</span> <span class='ocrx_word' id='word_1_228' title='bbox 796 3463 864 3529; x_wconf 89' lang='lat' dir='ltr'>aliis</span> <span class='ocrx_word' id='word_1_229' title='bbox 887 3463 1086 3530; x_wconf 86' lang='lat' dir='ltr'>intellectum</span> <span class='ocrx_word' id='word_1_230' title='bbox 1112 3472 1175 3540; x_wconf 84' lang='lat' dir='ltr'>est;</span> <span class='ocrx_word' id='word_1_231' title='bbox 1194 3479 1250 3528; x_wconf 89' lang='lat' dir='ltr'>nam</span> 
     </span>
     <span class='ocr_line' id='line_1_31' title="bbox 187 3567 1251 3653; baseline -0.001 -23"><span class='ocrx_word' id='word_1_232' title='bbox 187 3587 288 3650; x_wconf 90' lang='lat' dir='ltr'>neque</span> <span class='ocrx_word' id='word_1_233' title='bbox 321 3568 443 3634; x_wconf 83' lang='lat' dir='ltr'>dativus</span> <span class='ocrx_word' id='word_1_234' title='bbox 477 3567 675 3634; x_wconf 87' lang='lat' dir='ltr'>instrumenti</span> <span class='ocrx_word' id='word_1_235' title='bbox 707 3569 745 3636; x_wconf 87' lang='lat' dir='ltr'>da</span> <span class='ocrx_word' id='word_1_236' title='bbox 775 3570 911 3653; x_wconf 85' lang='lat' dir='ltr'>personis</span> <span class='ocrx_word' id='word_1_237' title='bbox 933 3568 992 3635; x_wconf 92' lang='lat' dir='ltr'>hoo</span> <span class='ocrx_word' id='word_1_238' title='bbox 1014 3570 1084 3637; x_wconf 92' lang='lat' dir='ltr'>looo</span> <span class='ocrx_word' id='word_1_239' title='bbox 1110 3572 1182 3638; x_wconf 86' lang='lat' dir='ltr'>terri</span> <span class='ocrx_word' id='word_1_240' title='bbox 1203 3568 1251 3633; x_wconf 87' lang='lat' dir='ltr'>ullo</span> 
     </span>
     <span class='ocr_line' id='line_1_32' title="bbox 189 3669 1252 3766; baseline 0.005 -29"><span class='ocrx_word' id='word_1_241' title='bbox 189 3672 281 3738; x_wconf 91' lang='lat' dir='ltr'>modo</span> <span class='ocrx_word' id='word_1_242' title='bbox 302 3677 417 3756; x_wconf 73' lang='lat' dir='ltr'>potest,</span> <span class='ocrx_word' id='word_1_243' title='bbox 440 3694 538 3757; x_wconf 88' lang='lat' dir='ltr'>nequo</span> <span class='ocrx_word' id='word_1_244' title='bbox 560 3669 660 3764; x_wconf 90' lang='grc' dir='ltr'><em>γόησι</em></span> <span class='ocrx_word' id='word_1_245' title='bbox 690 3677 762 3744; x_wconf 90' lang='lat' dir='ltr'>aliis</span> <span class='ocrx_word' id='word_1_246' title='bbox 791 3677 878 3761; x_wconf 85' lang='lat' dir='ltr'>Magi</span> <span class='ocrx_word' id='word_1_247' title='bbox 899 3676 1085 3758; x_wconf 75' lang='lat' dir='ltr'>utebantur,</span> <span class='ocrx_word' id='word_1_248' title='bbox 1107 3681 1169 3762; x_wconf 90' lang='lat' dir='ltr'>ipsi</span> <span class='ocrx_word' id='word_1_249' title='bbox 1188 3700 1252 3766; x_wconf 72' lang='grc' dir='ltr'><em>γοη</em></span> 
     </span>
     <span class='ocr_line' id='line_1_33' title="bbox 189 3770 1252 3871; baseline 0.004 -29"><span class='ocrx_word' id='word_1_250' title='bbox 189 3770 357 3860; x_wconf 81' lang='grc' dir='ltr'><em>νεύοντες,</em></span> <span class='ocrx_word' id='word_1_251' title='bbox 379 3800 478 3865; x_wconf 86' lang='lat' dir='ltr'>neque</span> <span class='ocrx_word' id='word_1_252' title='bbox 500 3784 622 3849; x_wconf 91' lang='lat' dir='ltr'>omnino</span> <span class='ocrx_word' id='word_1_253' title='bbox 649 3784 721 3849; x_wconf 86' lang='lat' dir='ltr'>aliia</span> <span class='ocrx_word' id='word_1_254' title='bbox 749 3782 924 3850; x_wconf 89' lang='lat' dir='ltr'>bominibus</span> <span class='ocrx_word' id='word_1_255' title='bbox 960 3785 1080 3864; x_wconf 78' lang='lat' dir='ltr'>praeter</span> <span class='ocrx_word' id='word_1_256' title='bbox 1102 3782 1252 3871; x_wconf 82' lang='lat' dir='ltr'>Magosin</span> 
     </span>
     <span class='ocr_line' id='line_1_34' title="bbox 188 3884 1253 3958; baseline 0.004 -11"><span class='ocrx_word' id='word_1_257' title='bbox 188 3884 373 3951; x_wconf 86' lang='lat' dir='ltr'>incantando</span> <span class='ocrx_word' id='word_1_258' title='bbox 396 3888 482 3954; x_wconf 86' lang='lat' dir='ltr'>locus</span> <span class='ocrx_word' id='word_1_259' title='bbox 505 3892 580 3955; x_wconf 89' lang='lat' dir='ltr'>erat.</span> <span class='ocrx_word' id='word_1_260' title='bbox 615 3891 684 3956; x_wconf 90' lang='lat' dir='ltr'>Una</span> <span class='ocrx_word' id='word_1_261' title='bbox 708 3890 814 3957; x_wconf 87' lang='lat' dir='ltr'>littera</span> <span class='ocrx_word' id='word_1_262' title='bbox 835 3889 957 3955; x_wconf 69' lang='lat' dir='ltr'>mumta</span> <span class='ocrx_word' id='word_1_263' title='bbox 979 3891 1184 3958; x_wconf 80' lang='lat' dir='ltr'>scribendum</span> <span class='ocrx_word' id='word_1_264' title='bbox 1204 3890 1253 3955; x_wconf 84' lang='lat' dir='ltr'>est:</span> 
     </span>
     <span class='ocr_line' id='line_1_35' title="bbox 188 3989 1252 4087; baseline 0.007 -34"><span class='ocrx_word' id='word_1_265' title='bbox 188 3989 425 4069; x_wconf 86' lang='grc' dir='ltr'><em>καταείδοντες</em></span> <span class='ocrx_word' id='word_1_266' title='bbox 455 3997 588 4082; x_wconf 78' lang='grc' dir='ltr'><em>βοῄσι</em></span> <span class='ocrx_word' id='word_1_267' title='bbox 621 4002 653 4064; x_wconf 81' lang='grc' dir='ltr'>οἱ</span> <span class='ocrx_word' id='word_1_268' title='bbox 677 3991 792 4085; x_wconf 83' lang='grc' dir='ltr'><em>Μάγοι</em></span> <span class='ocrx_word' id='word_1_269' title='bbox 815 3998 861 4087; x_wconf 76' lang='grc' dir='ltr'>τῷ</span> <span class='ocrx_word' id='word_1_270' title='bbox 883 3989 1010 4085; x_wconf 74' lang='grc' dir='ltr'><em>άνίγιῳ.</em></span> <span class='ocrx_word' id='word_1_271' title='bbox 1071 3999 1252 4066; x_wconf 74' lang='grc' dir='ltr'><em>Ολαιοοῐίλιοι</em></span> 
     </span>
     <span class='ocr_line' id='line_1_36' title="bbox 182 4094 842 4185; baseline 0.02 -27"><span class='ocrx_word' id='word_1_272' title='bbox 182 4096 221 4159; x_wconf 88' lang='lat' dir='ltr'>et</span> <span class='ocrx_word' id='word_1_273' title='bbox 242 4094 459 4167; x_wconf 89' lang='lat' dir='ltr'>eiulationibus</span> <span class='ocrx_word' id='word_1_274' title='bbox 481 4108 608 4168; x_wconf 87' lang='lat' dir='ltr'>ventum</span> <span class='ocrx_word' id='word_1_275' title='bbox 630 4104 842 4185; x_wconf 86' lang='lat' dir='ltr'>placaverunt.</span> 
     </span>
    </p>
   </div>
   <div class='ocr_carea' id='block_1_3' title="bbox 0 0 1306 5044">
    <p class='ocr_par' dir='ltr' id='par_1_3' title="bbox 0 0 1306 5044">
     <span class='ocr_line' id='line_1_37' title="bbox 0 0 1306 5044; baseline 0 0"><span class='ocrx_word' id='word_1_276' title='bbox 0 0 1306 5044; x_wconf 95' lang='lat' dir='ltr'> </span> 
     </span>
    </p>
   </div>
  </div>
 </body>
</html>
