2678 5018
531 652 667 709 Horatius
1043 657 1080 720 51

61 870 126 917 cum
146 851 243 917 taedio
266 854 317 917 sni
339 855 481 917 senescet
495 855 533 916 'et
550 852 701 923 interibit.
750 853 816 918 Hoc
836 854 939 919 tamen
962 855 1034 920 huic
1055 875 1124 939 per-

64 958 196 1023 amiton
219 957 311 1029 dabo,
333 960 370 1021 nt
390 976 427 1022 ex
450 957 698 1023 emendationum
728 978 865 1024 mearum
889 961 1124 1028 Horatiaoarum

64 1083 119 1128 oon
139 1082 255 1148 magno
276 1082 408 1128 numero
431 1083 521 1128 unam
542 1066 626 1129 extra
648 1064 786 1130 ordinem
808 1066 992 1148 precipiam,
1010 1068 1042 1132 in
1065 1087 1124 1152 qna

61 1169 214 1263 'luculento
237 1170 378 1252 exemplo
401 1170 518 1235 ostendi
542 1171 653 1251 potest,
687 1173 719 1234 et
740 1171 889 1254 quomodo
912 1190 984 1236 uera
1005 1174 1123 1240 addita·

61 1280 167 1340 menta
199 1277 294 1353 certia
329 1275 455 1340 indiciis
484 1277 706 1349 convincantur,
734 1281 765 1341 et
787 1276 936 1360 quomodo
957 1278 997 1343 ad
1019 1298 1124 1345 eorum

63 1399 186 1446 musam
221 1383 428 1465 perveniatur,
452 1385 483 1447 et
515 1382 588 1465 quid
622 1401 658 1447 aa
680 1381 897 1447 demonstratio
922 1384 1043 1458 differat
1064 1405 1123 1452 non

64 1488 159 1553 solnm
183 1488 225 1552 ab
247 1487 469 1570 suspicionibus
480 1488 605 1579 Horatio
628 1487 779 1553 scribendi
802 1488 900 1571 legem
923 1489 1060 1555 dantium
1072 1495 1125 1557 aut

58 1593 230 1659 adomnia
251 1592 372 1658 delendi
398 1593 550 1659 medicina
562 1593 771 1669 abutentium„
787 1594 841 1658 sed
863 1597 956 1661 etiam
979 1597 1018 1661 ab
1028 1597 1125 1661 insta·

63 1699 116 1763 bili
136 1701 169 1764 in
193 1718 268 1764 nera
288 1699 469 1764 difficultate
492 1702 626 1779 atcerte
648 1700 758 1764 mendo
780 1700 917 1772 tollendo
945 1701 1123 1783 opinatione,

62 1804 142 1870 Nam
156 1806 192 1870 iu
207 1805 280 1870 libri
296 1804 395 1887 quarti
411 1806 544 1870 carmine
559 1808 665 1871 octauo
681 1824 786 1871 omnes
803 1808 923 1883 norunt
942 1828 1009 1891 qnae
1021 1809 1125 1873 sintin

58 1927 89 1974 r.
125 1912 165 1973 17
190 1929 297 1994 praru,
331 1911 364 1976 id
386 1912 504 1984 vitium,
530 1911 611 1994 quod
640 1911 732 1976 etiarn
768 1912 808 1976 ad
829 1933 857 1977 u.
885 1913 923 1974 16
945 1913 1126 1994 pertineto

64 2019 220 2100 plerisque
254 2018 429 2105 negligitur.
490 2017 570 2082 Nam
603 2037 701 2101 neque
718 2018 864 2083 Horatius
886 2037 955 2082 cnm
978 2019 1127 2103 flagitioso

59 2125 92 2189 in
116 2145 151 2191 re
174 2142 367 2207 personaque
389 2123 560 2188 clarissima
590 2142 689 2188 errore
711 2124 750 2190 ad
775 2124 952 2190 Africanum
978 2124 1126 2189 maiorem

61 2232 232 2297 mnsferre
261 2229 454 2313 Carthaginis
487 2229 647 2295 interitum
683 2233 714 2295 et
746 2231 886 2293 iacacda'a
907 2232 1007 2314 potnit
1030 2250 1127 2315 nequa

62 2357 187 2420 prorsus
208 2338 327 2402 certam
351 2355 474 2402 caesurae
494 2337 594 2420 legem
617 2336 648 2401 in
664 2354 723 2400 uno
744 2335 841 2402 versu
855 2337 1024 2422 negligere3
1054 2338 1127 2415 (ita-

61 2463 118 2526 que
145 2443 228 2508 nihil
251 2444 355 2526 agunt,
378 2443 430 2525 qui
450 2428 526 2507 illud
547 2444 656 2510 uulnus
680 2462 784 2535 curare
806 2443 939 2515 student,
975 2444 1031 2507 hoc
1054 2461 1127 2526 ueg-

63 2549 194 2634 ligunt);
232 2551 300 2612 tum
325 2567 401 2613 uero
431 2550 557 2631 uterque
589 2560 695 2614 versus
729 2549 788 2614 toti
809 2549 866 2613 loci
899 2550 1059 2614 sententia
1097 2551 1128 2612 et

63 2655 196 2720 consilio
220 2654 413 2737 apertissime
435 2658 585 2739 repugnat
607 2658 637 2719 et
659 2657 762 2720 omnia
784 2657 901 2721 euertit.
946 2655 1021 2721 Cum
1045 2655 1126 2719 enim

64 2760 120 2824 hoc
141 2763 239 2843 poeta
261 2760 354 2836 dicat,
378 2760 531 2825 artificum
552 2780 644 2843 opera
665 2764 735 2826 enm
757 2766 914 2844 poetarum
937 2780 1126 2844 comparans,

63 2887 221 2932 marmora
253 2866 334 2931 notis
354 2867 484 2949 publicis
519 2867 617 2956 incisa
654 2887 711 2932 non
734 2869 843 2933 clarius
864 2868 999 2932 indicare
1022 2866 1126 2932 laudes

63 2974 204 3039 Africani
237 2977 269 3037 et
304 2991 407 3037 rerum
436 2974 591 3057 gestarum
625 2975 803 3039 memoriam
840 2992 1009 3058 propagare
1036 2991 1127 3056 quam

63 3078 153 3143 Ennii
188 3097 307 3154 versus,
339 3078 413 3161 quid
445 3081 609 3163 excogitari
642 3080 812 3162 perversius
845 3082 954 3162 potest,
977 3098 1069 3162 quam
1091 3081 1126 3143 ut

63 3186 91 3249 iu
127 3187 190 3250 hae
223 3185 451 3267 comparatione
482 3206 551 3252 cum
578 3189 781 3252 marmoribus
809 3187 1032 3268 coniungantur
1052 3185 1125 3266 ipsae

63 3311 109 3357 res
131 3294 234 3376 gestae
268 3290 418 3373 Scipionis
448 3292 479 3356 et
510 3293 567 3356 hoc
590 3293 718 3367 dicatur,
751 3311 809 3357 non
833 3310 986 3356 marmora
1010 3294 1041 3356 et
1062 3292 1126 3355 vic·

10 3453 11 3456 ,
63 3400 156 3463 toriae
193 3396 305 3461 melius
329 3395 435 3462 laudes
470 3399 604 3464 indicare
633 3418 724 3482 quam
746 3398 908 3478 carmina
948 3397 1006 3461 His
1029 3397 1125 3461 tribus

10 3540 11 3543 π
64 3505 185 3569 inuictis
210 3504 412 3588 argumentis,
433 3523 499 3587 qnae
515 3524 551 3569 ex
573 3505 702 3570 diversis
725 3493 861 3586 partibus
884 3503 915 3566 in
940 3522 1033 3566 unum
1056 3521 1125 3566 con-

63 3614 200 3687 currunt,
242 3610 281 3674 ab
307 3609 442 3683 historia,
467 3614 616 3689 ametro,
640 3631 658 3675 a
679 3610 829 3677 sententia
851 3612 928 3686 orta,
951 3608 1126 3692 adiungitur

63 3724 205 3800 quamam
232 3735 286 3798 per
309 3735 342 3781 se
365 3718 464 3782 minus
481 3702 615 3790 'camum
637 3735 656 3781 a
677 3735 819 3781 versuum
841 3734 965 3780 numero
978 3714 1043 3794 (34)
1065 3733 1125 3779 non

10 3894 11 3903 χ
62 3825 264 3890 conueniente
287 3841 354 3887 curn
383 3824 451 3901 lege
472 3842 491 3888 a
512 3821 667 3887 Meinekio
690 3824 822 3887 inuenta.
867 3823 933 3886 Iam
956 3821 1008 3905 qui
1030 3839 1125 3883 nuum

62 3950 85 3994 r,
108 3932 149 3992 17
173 3929 302 4000 tollunt,
336 3948 433 4011 neque
465 3929 535 3993 hnic
559 3929 732 3993 difficultati
761 3947 858 4011 neque
879 3927 965 4011 graui
986 3927 1033 3991 illi
1056 3946 1126 3990 sen-

6 4090 7 4094 *
63 4039 161 4102 nnnae
187 4037 268 4101 vitio
291 4035 459 4103 medentur.
520 4036 627 4118 Itaque
659 4054 754 4118 nuper
775 4034 966 4104 exstiterunt,
990 4033 1041 4115 qui
1056 4035 1125 4097 ‘tres

2 4206 5 4229 p
63 4161 163 4208 uersus
186 4163 262 4207 eum
287 4142 406 4207 duobus
431 4141 565 4205 dimidiis
589 4149 618 4215 (a
650 4142 752 4205 verbis
773 4140 804 4203 in
827 4161 855 4203 v.
881 4140 917 4201 15
940 4161 1000 4202 non
1023 4138 1127 4201 calcea

2 4241 3 4244 Ἰ
62 4249 139 4334 fupoe
171 4251 215 4316 ad
248 4271 278 4313 v.
315 4250 352 4312 19
390 4247 522 4310 lucratus
554 4248 655 4327 rediit)
693 4248 847 4323 eiicerent,
876 4248 987 4328 praeter
1020 4245 1126 4310 Peerl-

4 4355 5 4358 ’
64 4355 204 4445 tampum
253 4355 421 4422 clarissimi
462 4356 611 4432 homines,
654 4354 889 4428 Laohmannus,
944 4352 1127 4426 Meiuckius

823 4502 825 4507 .
896 4482 929 4532 ⁴*
