2656 5056
256 284 314 348 Μ
622 243 882 348 mmmm

214 484 300 549 tate
335 481 499 566 legatus
535 476 675 561 populi
710 474 883 541 Romani
932 497 1015 544 non
1054 477 1165 544 modo
1194 476 1268 561 igni,
1310 432 1311 442 ἵ

215 591 336 667 lerro,
358 604 488 664 manu,
511 582 644 667 copiis
667 584 939 666 oppugnatus
963 586 1030 650 cet
1057 584 1269 670 [Priorcmeou

215 696 362 762 lecturam
377 690 578 776 occupaverat
592 688 825 765 Hotomannns;
852 687 1003 756 Orellius
1022 690 1184 774 ascripsit:
1201 687 1267 767 „nibil

215 799 344 887 opne“t]

316 964 396 1031 ibid.
420 961 497 1025 134:
527 961 749 1037 Habonius,
783 961 853 1043 qni
882 960 1028 1046 legem
1052 965 1268 1043 nosset,qrr

217 1073 254 1139 io
287 1071 376 1155 lege
409 1085 596 1134 numerus
625 1067 778 1132 tantum
802 1065 1268 1135 columnurnmtraditur.

217 1173 499 1261 perpendiculi
531 1172 681 1240 mentio
712 1172 765 1236 fit
796 1172 937 1253 nulla,
969 1165 1117 1259 etqui
1138 1193 1268 1258 nonpu·

217 1283 325 1349 taret
346 1279 427 1347 sibi
449 1279 638 1363 expedire
659 1278 719 1343 ite
739 1279 950 1365 accipere,
968 1302 1018 1347 ne
1036 1279 1269 1349 eodemmodo

218 1387 458 1456 tradendum
491 1388 617 1476 esset,
651 1383 772 1467 negat
804 1383 844 1448 id
877 1386 965 1450 sibi
996 1388 1160 1467 deberi,
1180 1401 1270 1469 negrr

218 1495 407 1581 oportere
429 1491 546 1578 exigi.
589 1489 721 1556 Etiamsi
750 1489 893 1555 trudendi
926 1494 1066 1560 verbnm
1097 1496 1129 1560 in
1156 1492 1270 1559 tctobor

218 1604 286 1670 loco
309 1602 341 1667 et
363 1601 393 1667 in
415 1599 475 1665 bac
495 1617 527 1663 re
550 1615 609 1663 non
631 1614 738 1680 perse
760 1592 799 1659 ad
821 1598 926 1679 operis
947 1599 1093 1682 apriore
1106 1602 1269 1683 redemptore

218 1708 257 1773 ad
292 1725 406 1773 norum
437 1703 651 1770 transitionem
683 1701 852 1768 necessario
889 1705 1084 1788 pertineret,
1121 1711 1219 1773 tameo
1245 1702 1270 1767 dr

218 1832 347 1880 numero
380 1811 590 1880 columnarum
621 1808 653 1872 in
686 1809 755 1892 lege
785 1810 870 1890 operi
902 1810 1058 1878 faciundo
1080 1814 1211 1880 indicato
1229 1828 1269 1876 non

219 1921 384 2004 poneretur
406 1917 492 2001 quasi
515 1915 553 1981 de
574 1913 724 1980 memorie
744 1913 788 1978 rei
810 1913 850 1978 ad
872 1919 1102 1997 posteritatem
1133 1916 1270 2003 protende

220 2045 319 2112 neque
341 2025 374 2090 in
397 2025 466 2108 lege
487 2040 632 2088 numeras
653 2020 863 2086 columnarum
885 2022 1100 2105 indicabatur,
1124 2025 1269 2104 sedutti

219 2150 382 2199 numerum
413 2130 616 2207 traderentur,
644 2124 905 2212 proscribebatur.
966 2131 1068 2213 Apud
1099 2132 1269 2199 Prisoienm

220 2257 274 2320 pro
304 2236 486 2304 traditur
514 2229 657 2299 scribitur
681 2231 925 2297 traderetur.
972 2234 1096 2319 Opinor
1117 2238 1270 2305 Ciceronem

216 2344 396 2429 scripsisse:
430 2360 504 2424 qua
535 2340 572 2405 in
605 2338 693 2422 lege
724 2358 910 2405 numerus
940 2342 1111 2408 tantum
1141 2345 1268 2411 colun·

216 2469 352 2517 orrum
397 2447 489 2517 tradi
522 2445 664 2519 iubetur,
705 2445 994 2530 perpendiculi
1043 2453 1198 2518 mentio
1233 2450 1268 2514 til

216 2554 338 2623 nulle.
770 2549 773 2556 ’

317 2717 396 2788 lbid.
426 2719 467 2795 ll,
500 2718 541 2781 22
573 2716 750 2800 (postquam
779 2715 884 2781 Cicero
917 2714 998 2782 dixit
1023 2719 1064 2784 de
1082 2719 1191 2788 Naerio
1210 2721 1269 2786 itu·

215 2828 343 2914 piooec
375 2825 471 2890 Verre
502 2822 542 2890 ad
575 2822 777 2889 hereditatem
809 2839 829 2887 a
860 2821 959 2887 Dione
988 2826 1164 2906 petendam
1194 2846 1267 2910 appo

213 2937 304 3006 sitol:
332 2931 488 2999 Etenim
517 2934 605 2995 erat
631 2926 827 2995 eiu-smodi
849 2947 987 3013 cause,
1009 2935 1057 2997 nt
1080 2933 1171 3016 ipse
1191 2951 1267 3016 pre·

214 3045 293 3118 tor,
315 3058 398 3108 cum
422 3035 621 3121 quereret
641 3033 996 3118 calumniatorem,
1012 3041 1141 3120 paulo
1157 3043 1267 3105 tamer

212 3142 577 3211 consideratiorem
598 3141 778 3225 reperire
799 3159 875 3206 uon
896 3146 1053 3222 posset.
1087 3146 1200 3212 Hunc
1217 3146 1268 3209 bo·

213 3253 356 3318 rniuem
377 3249 524 3316 Veneri
544 3246 741 3322 absolvit,
769 3245 848 3312 sibi
874 3247 1124 3317 condemnat
1146 3256 1204 3319 cet
1243 3249 1267 3313 b

211 3356 429 3425 lacerationis
444 3357 542 3421 forme
557 3355 651 3420 nullis
666 3352 817 3419 machinis
831 3350 912 3417 effici
926 3355 1043 3435 potest.
1061 3359 1100 3422 nt
1110 3378 1174 3426 non
1188 3361 1267 3423 bunc

211 3464 410 3531 bominem
438 3462 543 3527 Cicero
569 3460 713 3526 Nrerium
741 3456 929 3542 Turpionem
963 3459 1139 3545 significet
1192 3464 1267 3547 Atqui

209 3570 334 3637 Nrerins
357 3571 516 3636 accusator
536 3584 636 3650 neque
656 3565 797 3631 damnari
818 3584 918 3650 neque
940 3566 1066 3633 absolvi
1097 3572 1210 3654 potuit
1228 3566 1268 3634 red

210 3678 278 3744 Dio.
332 3676 369 3742 ld
399 3693 470 3742 cnm
498 3675 711 3739 Hotomannns
740 3671 960 3747 intellexisset
988 3692 1046 3755 pro
1069 3676 1176 3744 lrnnc
1195 3675 1269 3742 strubi

208 3783 306 3848 rolnit
327 3782 400 3849 bic.
445 3779 507 3847 Sed
534 3800 634 3866 neque
662 3778 728 3844 bic
748 3779 856 3862 aptum
878 3783 938 3852 est,
960 3797 1065 3863 neque
1087 3783 1269 3849 hominen

210 3889 293 3951 recte
314 3890 353 3954 de
374 3888 474 3955 Dione
496 3886 619 3955 dicitnr.
672 3886 746 3951 Siue
773 3885 867 3950 dubio
895 3885 991 3949 rerba
1019 3890 1168 3970 quadem
1190 3891 1269 3956 inter·

206 3993 357 4071 uremur.
387 4013 458 4060 curn
485 3995 591 4061 Cicero
620 3994 756 4060 inbono
783 3994 840 4058 aut
866 3992 1005 4058 similem
1031 3994 1170 4064 formam
1191 3997 1269 4078 scip

206 4097 315 4163 sisset:
347 4099 458 4166 Hune
484 4101 684 4166 homiuem
706 4103 832 4181 <eum
867 4102 1158 4184 apposuisset.
1191 4105 1268 4171 Dir-
