2662 5062
151 276 153 280 ’
264 305 328 370 aab
622 301 769 358 uruvrn„
789 300 854 370 cap.
867 299 905 357 11.

222 505 289 570 est:
318 500 539 580 Honestius,
569 499 714 601 inquis,
736 500 804 565 hoc
830 500 868 564 te
899 499 1080 582 impensae
1103 515 1221 580 quam
1256 496 1292 561 in

226 608 433 675 Corinthia
463 604 671 690 pictasque
697 606 851 671 tabulas
881 603 1113 682 effuderint,
1149 604 1184 668 in
1206 620 1291 669 orer·

224 713 435 793 citationibus,
465 731 541 796 qnae
562 711 636 790 dixi,
668 711 815 778 effectum
836 713 917 776 erat:
956 709 1025 772 boc
1053 730 1090 772 oe
1110 709 1290 791 impense

223 837 334 903 qnam
370 819 447 896 cet,
477 817 532 884 sed
560 819 709 903 prostare
742 817 864 882 videtur
896 816 983 893 huc,
1024 814 1105 899 quod
1133 815 1289 898 Hauptins

227 925 272 1003 (ll
294 944 323 1007 p.
346 924 379 1001 5)
400 923 513 1007 posuit
564 924 596 1008 (ξ
618 924 637 985 7
660 942 718 988 scr.
741 923 960 1006 conquisita
981 943 1024 984 ce
1044 940 1127 988 cum
1150 922 1290 1007 imagi·

224 1030 339 1096 nibus
361 1029 441 1095 suis
465 1030 665 1112 descripta
684 1045 876 1096 sacrorum
905 1046 1018 1112 opera
1038 1028 1289 1111 ingeniorum.

225 1134 320 1202 codd.
351 1136 568 1219 conquisita
605 1155 685 1202 cum
717 1137 777 1201 im.
812 1154 837 1201 s.
871 1135 969 1201 desc.
1008 1136 1046 1199 et
1077 1151 1187 1213 sacr,
1219 1131 1288 1197 edd.

226 1242 408 1326 superiores:
441 1241 658 1326 conquisita
687 1244 724 1307 ot
756 1257 838 1306 oum
859 1239 917 1306 im.
945 1252 970 1305 s.
1004 1239 1206 1323 descripta
1229 1256 1293 1304 sa·

134 1399 136 1402 -
227 1355 399 1425 crorum.)

324 1453 392 1519 Ibd.
414 1452 464 1527 10,
504 1454 536 1516 l:
579 1453 757 1520 Invenies
779 1453 817 1517 in
844 1450 1016 1535 quolibet
1038 1467 1180 1535 genere
1202 1449 1291 1515 vite

224 1560 515 1626 oblectamenta
546 1561 583 1624 et
613 1559 863 1624 remissiones
901 1558 940 1623 et
976 1556 1220 1640 voluptates,
1259 1553 1294 1620 si

224 1665 393 1731 volneris
425 1666 525 1731 malo
545 1667 682 1747 putate
714 1665 788 1730 vie·
806 1663 934 1748 potins
961 1682 1070 1746 quam
1091 1662 1295 1728 invidiosa

223 1770 361 1836 lacere.
419 1770 470 1836 Sic
499 1773 538 1836 Α.
581 1770 724 1836 illicitur
749 1770 840 1835 facile
867 1771 901 1834 et
931 1769 997 1835 sine
1024 1767 1234 1833 dubitatione:
1257 1764 1295 1830 si

224 1876 391 1949 volneris
427 1877 526 1962 mala
557 1885 693 1961 potore
737 1877 834 1939 levia
871 1876 1008 1960 potins·
1038 1891 1150 1957 quam
1187 1872 1295 1938 inui-

229 1979 336 2045 diosa
356 1980 495 2050 lacere.
537 1982 624 2048 Mala
645 1983 846 2050 aestimatione
868 1981 1010 2067 prudenti
1031 1979 1164 2045 levanda
1184 1980 1290 2063 potine

228 2086 301 2152 sunt
324 2105 417 2170 quam
444 2087 599 2172 querendo
631 2107 745 2174 magna
776 2092 809 2156 et
837 2089 990 2154 invidiosa
1021 2082 1172 2151 facienda
1217 2083 1294 2147 Pu-

225 2192 349 2258 tarole
371 2195 496 2273 coaluit,
518 2185 564 2261 ¹ut
586 2195 674 2260 lieret
701 2197 848 2280 putate,
877 2195 985 2260 relicto
1016 2192 1087 2259 vis.
1132 2190 1163 2274 (ξ
1188 2189 1209 2252 6
1238 2189 1293 2255 de-

222 2298 348 2364 flectam
371 2300 410 2366 ab
431 2301 572 2366 instituto
586 2301 753 2386 'dicamque
785 2300 990 2367 necessariam
1010 2316 1077 2364 esse
1097 2294 1197 2379 Lipsii
1219 2315 1290 2362 con-

224 2403 392 2470 iecturam:
419 2405 591 2483 iustitia,
617 2408 927 2484 mansuetudine,
951 2403 1206 2480 humanitate,
1229 2422 1290 2469 non

224 2511 353 2591 solnm,
385 2511 466 2595 qnod
509 2514 541 2578 et
581 2513 779 2575 :roanmetodo
827 2514 962 2576 lemano
1000 2528 1146 2596 perverse
1179 2509 1291 2576 dicitnr

223 2617 256 2681 et
291 2615 426 2680 bumana
456 2624 575 2692 maone,
619 2617 785 2684 amedeute
826 2618 939 2685 vitiosa
970 2616 1184 2700 copulatione:
1227 2616 1289 2682 bn·

223 2741 350 2804 mana,
403 2723 514 2808 larga
560 2725 599 2788 et
644 2723 826 2809 benigna,
867 2724 923 2790 sed
962 2723 1001 2788 ob
1047 2722 1289 2805 inequalitatem

222 2829 442 2895 membrorum.
487 2828 679 2895 Secundos
712 2848 826 2896 casus
847 2832 951 2895 tuetur
971 2826 1110 2893 Suetonii
1139 2828 1228 2895 leons
1259 2829 1290 2892 in

226 2933 297 2999 Otb.
314 2935 344 3015 9,
367 2954 428 3001 uon
450 2937 486 3001 nt
507 2936 571 3002 sint
591 2936 738 3016 infelices,
763 2935 818 3002 sed
839 2935 961 3002 omnino
982 2934 1035 3027 qui
1049 2934 1138 3017 quasi
1154 2935 1289 3001 secundo

222 3041 330 3106 ordine
351 3042 621 3127 appropinquant.)

322 3147 388 3213 lbd.
413 3149 462 3224 ll,
487 3152 520 3214 1:
555 3148 620 3214 sod
643 3168 777 3233 corpus
799 3166 945 3233 quoqne
966 3165 1072 3212 suum
1095 3147 1139 3210 et·
1155 3149 1290 3213 oculos

223 3257 260 3319 et
292 3257 504 3320 manumet
535 3254 716 3339 quicquid
746 3256 930 3322 cariorem
959 3252 1077 3318 vitem
1107 3251 1291 3320 facturus

223 3379 324 3443 acque
345 3360 468 3444 ipsum
489 3363 594 3428 inter
618 3362 793 3443 precaria
813 3360 995 3426 numerat.
1037 3358 1088 3423 Sic
1109 3359 1155 3435 A·;
1190 3358 1292 3426 editur

224 3471 293 3533 ant:
326 3470 386 3534 ost
406 3468 591 3535 cariorem
623 3461 741 3532 vitem
774 3466 965 3533 laetorum
987 3480 1103 3549 seque
1125 3465 1195 3529 ant:
1218 3482 1290 3530 car.

223 3573 290 3640 vit.
318 3573 512 3640 facturum
540 3576 598 3640 est
619 3591 745 3656 seque.
788 3572 898 3637 Futuri
931 3571 1080 3657 temporis
1104 3570 1291 3662 significatio

223 3698 334 3764 parum
356 3681 428 3764 apta
448 3681 506 3746 est.
562 3680 704 3746 Seiuncto
725 3701 740 3742 s
761 3683 918 3763 (eoque),
940 3680 976 3744 nt
996 3678 1094 3743 restet
1118 3675 1292 3756 facturn,

224 3785 418 3852 efficiendum
445 3772 583 3853 videtur:
614 3805 641 3850 e.
664 3805 693 3869 q.
716 3805 741 3850 c.
765 3804 794 3850 v.
821 3784 927 3870 facit
947 3806 1025 3847 aaa.
1079 3783 1292 3850 Instrumenta

225 3895 298 3960 ditae
327 3892 549 3976 significantur.
603 3891 722 3957 Deinde
751 3891 769 3975 ἕ
791 3889 811 3953 3
831 3891 864 3968 in
886 3891 916 3955 A
938 3889 1107 3973 ceterisque
1128 3889 1290 3955 scribitur:

231 4000 371 4083 Magna
392 3997 543 4083 quidem
564 4017 625 4064 res
645 3999 730 4062 tuas
759 3997 933 4063 mercede
966 3996 1082 4073 colui,
1113 3996 1180 4063 sed
1203 3996 1292 4081 qnia

222 4102 501 4186 illaimperas,
523 4102 578 4183 do,
600 4102 694 4170 cedo
714 4106 847 4189 gratus
868 4104 1080 4186 libensque.
1115 4102 1290 4169 Pronomen
