2656 5056
463 110 620 166 11:¹Seuccrs
638 107 775 182 Epistola.
1050 116 1112 179 469

78 308 180 373 mihi
199 310 525 386 controversiam,
542 329 687 386 ...,uec
710 311 826 388 voles,
849 311 945 393 quod
968 313 1096 391 debeo,
1119 315 1155 379 in

78 432 220 497 aspero
246 420 282 480 st
305 415 425 498 probo
445 417 639 498 accipere.
677 416 874 499 Significatur
895 422 1021 483 moneta
1042 438 1154 501 aspere

80 523 114 585 et
134 519 223 602 pleni
244 520 385 602 ponderis
407 540 464 586 uec
485 539 543 586 usu
567 520 680 586 detrita
700 521 901 606 etlaevigata3
925 523 1042 607 (itaque
1057 544 1152 608 prave

79 626 220 691 Haasius
243 646 278 691 er
301 644 400 690 errore
425 625 538 692 codicis
572 647 592 709 p
615 627 719 691 effecit
750 627 934 709 inprobo).
995 629 1056 695 Sed
1078 650 1151 696 seu·

79 732 185 796 tentia
207 735 313 814 aperte
335 733 470 808 laborat;
504 733 608 814 itaque
640 731 710 796 inde
743 732 783 797 ab
818 732 946 798 Erasmo
981 729 1151 801 addebatur

80 836 177 901 uisi:
201 855 269 901 uec
293 839 409 913 voles,
431 857 459 919 q.
484 837 522 912 d.,
545 837 620 901 uisi
643 838 679 901 iu
699 840 849 919 'aspcet
885 840 948 904 Aut
969 840 1025 904 hoc
1046 842 1151 906 teuen-

85 941 161 1005 dum
178 944 232 1005 aut
248 941 417 1007 tollendum
440 962 509 1008 uec
537 942 807 1025 scabendumque:
832 945 1154 1018 controversiam,

81 1046 114 1111 si
136 1046 231 1110 novi
254 1049 530 1131 te3voles‚q.d.‚
548 1049 584 1112 in
607 1067 747 1131 aspero
764 1049 801 1113 et
824 1050 944 1130 probo
967 1051 1152 1133 accipere.

92 1172 98 1179 ·
185 1151 242 1233 Ep.
275 1150 332 1229 20,
367 1153 404 1217 2:
449 1154 597 1219 Facere
630 1154 744 1219 docet
775 1154 1046 1237 philosophia,
1082 1174 1153 1220 nou

82 1256 232 1330 dicere,
254 1258 291 1321 et
312 1258 381 1323 hoc
401 1260 543 1343 erigit,
584 1262 623 1323 ut
644 1258 690 1322 ad
711 1259 835 1342 legem
859 1278 960 1323 suam
988 1261 1153 1341 quisque

79 1361 204 1437 vivat,
239 1380 283 1425 us
317 1364 367 1444 (pz
401 1370 488 1441 uon)
527 1366 695 1430 orationi
732 1365 812 1428 vita
847 1363 1080 1441 dissentiat,
1112 1368 1154 1430 ut

77 1466 167 1546 ipsa
199 1465 303 1532 inter
325 1488 363 1533 se
384 1469 468 1534 vita
489 1489 582 1535 unus
606 1478 653 1553 tp:
676 1479 731 1545 us)
764 1469 819 1533 sit
850 1469 1017 1532 omnium
1046 1469 1151 1533 actio

79 1571 364 1638 dissensionum
402 1575 505 1640 color
527 1577 581 1640 sit
605 1576 645 1650 (P
673 1575 739 1649 Ab;
773 1594 809 1656 p:
847 1574 1044 1638 actionum
1067 1575 1152 1639 dis·

78 1678 260 1742 seusioue
283 1678 430 1745 coloris
451 1682 527 1758 sit).
577 1681 619 1744 itu
641 1681 697 1745 hec
731 1680 874 1746 codicum
906 1680 1059 1762 scriptura
1085 1701 1152 1763 quae

78 1785 220 1847 monstra
231 1783 366 1851 Haasius
377 1786 525 1852 effecerit.
540 1785 621 1867 apud
633 1787 733 1868 ipsum
749 1784 893 1868 cognosci
908 1784 997 1848 malo.
1025 1784 1152 1850 Sublato

76 1889 214 1970 primum
234 1888 442 1967 dissensio,
464 1891 543 1976 quod
566 1893 597 1955 iu
613 1891 715 1955 medio
740 1891 829 1955 verbo
851 1890 1045 1954 actionum
1070 1890 1151 1955 mele

77 2013 113 2058 er
125 1995 280 2076 superiore
296 1995 505 2061 dissentiat
525 1995 741 2078 interpositum
754 1999 811 2071 est,
835 1995 943 2060 deinde
962 1996 1059 2059 altero
1074 1997 1142 2071 sit,

73 2118 136 2164 una
156 2103 279 2165 tantum
304 2102 416 2167 vocalis
431 2102 462 2166 iu
480 2104 629 2185 scriptura
649 2102 785 2167 codicum
810 2101 899 2165 PAb
914 2101 1054 2166 addenda
1079 2104 1141 2165 est:

74 2224 117 2269 ne
140 2198 313 2270 orationi
335 2209 416 2273 vita
438 2209 649 2273 dissentiat
671 2218 738 2269 coc
758 2207 842 2289 ipsa
863 2207 968 2271 iuter
990 2224 1030 2271 se
1053 2207 1141 2278 vita,

74 2329 171 2375 uuus
193 2312 246 2375 sit
267 2314 429 2400 omnium
457 2315 648 2379 actionum
679 2311 793 2377 color.
850 2312 916 2376 Duo
937 2312 1140 2393 requiruntur,

73 2420 109 2480 ut
131 2418 262 2482 orationi
285 2421 445 2485 conveniat
477 2421 548 2489 vita,
574 2418 696 2492 deindo,
725 2439 791 2501 qoae
819 2409 941 2500 propria
968 2417 1140 2481 Stoicorum

74 2522 244 2604 postulatio
288 2527 344 2598 est,
388 2532 423 2591 ut
464 2528 533 2608 ipsa
575 2524 633 2589 sibi
678 2525 742 2587 vita
784 2523 926 2587 concinat
960 2522 1141 2603 vivaturque

72 2620 366 2714 ὁμολογουμένως.
413 2632 574 2697 Postrema
596 2630 688 2695 verbo
709 2628 878 2703 Fickertus
900 2626 1136 2710 Schweighaeu-

73 2751 140 2797 sero
173 2734 332 2812 suadente,
367 2739 451 2802 recte
472 2736 602 2818 scripsit.
657 2734 773 2809 (Minus
796 2735 873 2797 bene
894 2731 1047 2814 Hauptius
1072 2732 1085 2794 l
1108 2751 1138 2813 p.

76 2839 125 2899 11.
181 2837 249 2900 Vita
272 2827 352 2903 incra
373 2864 404 2905 oc
426 2842 508 2907 male
532 2841 656 2913 diuitum
692 2840 773 2903 siue
806 2856 915 2919 porum
942 2837 1141 2918 probabiliter

73 2942 221 3018 additur;
261 2948 413 3011 sententia
435 2946 601 3011 Stoicorum
639 2961 700 3007 uon
732 2945 797 3006 tam
835 2942 904 3023 apte
937 2942 1141 3023 exprimitur.)

72 3048 222 3113 Eiusdem
255 3049 394 3132 epistolae
415 3050 436 3135 ξ
460 3052 496 3112 11
521 3051 584 3114 hac
616 3050 648 3112 iu
670 3047 826 3112 codicibus
858 3047 1017 3127 leguntur:
1063 3043 1140 3111 Ne-

72 3155 172 3229 scio,
203 3154 348 3239 inquis,
370 3155 552 3239 quomodo
573 3153 844 3236 paupertatem
880 3151 956 3214 iste
988 3153 1139 3217 laturus

71 3261 141 3339 sit,
164 3261 196 3326 si
218 3261 256 3325 in
278 3260 388 3325 illam
409 3260 607 3326 inciderit.
642 3255 727 3321 'Nec
747 3274 815 3339 ego
838 3256 992 3338 Epicuri
1017 3275 1139 3340 ange-

72 3365 133 3430 lus
157 3367 190 3431 si
207 3368 284 3431 iste
300 3385 441 3448 pauper
463 3367 754 3446 contempturus
776 3361 830 3424 sit
851 3359 1026 3439 divitias,
1048 3363 1080 3428 si
1101 3362 1139 3426 in

70 3471 164 3536 illas
196 3471 390 3537 inciderit.
447 3470 571 3535 Certum
605 3472 667 3544 est,
701 3467 744 3531 sie
777 3464 926 3530 Senecam
959 3468 1131 3550 scripsisse,

69 3575 206 3657 Epicuro
230 3577 336 3641 eadem
358 3576 457 3642 forma
478 3572 705 3640 occurrentem:
740 3570 769 3635 N
776 3590 816 3635 ec
837 3589 920 3655 ego,
947 3570 1137 3654 Epicure,

71 3702 121 3741 an
142 3681 160 3720 *
184 3681 260 3746 iste
281 3700 430 3764 pauper
461 3700 486 3746 c.
510 3699 535 3744 s.
557 3679 737 3754 divitias3
774 3696 845 3740 uam
867 3678 1042 3742 vocativum
1063 3676 1139 3743 ordo

69 3787 236 3852 verborum
273 3789 434 3862 monstrat,
472 3785 524 3868 qui
568 3786 653 3848 vetat
690 3783 832 3866 coniungi
873 3783 1031 3865 Epicuri
1060 3783 1139 3847 iste

68 3911 241 3977 pauper;
273 3892 470 3977 quarendum
502 3891 694 3973 relinquitur,
727 3889 799 3973 quid
825 3889 922 3954 lateat
952 3888 984 3952 in
1019 3887 1138 3970 gelus.
