2662 5062
403 266 435 322 L.
454 265 554 320 Seneca
571 267 678 335 qnastt.
696 268 784 321 nrtnr.
1022 265 1084 329 453

61 469 196 542 (terrae
229 465 365 542 sinus).
376 464 402 548 ¹)
449 462 510 529 Sed
540 481 578 527 no
600 480 636 527 ea
658 462 797 545 quidem,
826 482 892 547 quae
915 464 1125 545 subiiciuntur,

2 575 4 583 “
62 570 176 636 mendo
221 588 324 636 carere
356 570 446 651 puto:
494 569 575 634 Neo
609 567 715 633 enim
748 567 867 645 video,
909 569 1003 652 quid

61 677 217 752 obstet,
274 674 487 757 quominus
542 673 741 738 habeatur
792 673 832 737 in
882 675 1124 743 abscondito

58 783 187 846 etiam
231 779 397 863 aliquod
440 779 546 844 litus
590 780 629 842 et
668 796 737 860 per
772 780 953 846 oooultos
987 781 1124 848 aditus

60 891 268 969 reoeptum
290 904 404 955 mare.
461 885 543 949 Nem
565 902 664 966 neque
685 884 877 948 habeatur
898 905 952 969 pro
975 887 1030 951 sit
1051 888 1124 964 lero,

62 997 94 1058 et
116 993 192 1057 litus
224 991 349 1074 aliquod
371 990 479 1056 haberi
498 989 602 1072 inopte
623 988 686 1053 dioi
707 989 844 1068 videtur,
881 1009 950 1056 eum
973 1011 1059 1057 mare
1080 994 1124 1058 ibi

59 1118 127 1164 esse
156 1095 353 1181 significetur.
413 1094 558 1176 Suspicor
587 1093 699 1158 fuisso:
736 1083 946 1177 quominus
983 1096 1125 1160 habear

59 1206 97 1268 in
131 1204 233 1268 abso.
256 1202 379 1267 etiem
413 1198 580 1283 aliquod
615 1198 717 1264 litus
739 1203 1014 1283 peroccultos
1037 1206 1124 1270 adi-

58 1313 123 1374 tus
159 1309 365 1391 reoeptum
401 1323 508 1370 mare
542 1304 668 1383 (omisso
699 1306 759 1390 et).
806 1306 892 1373 Mare
920 1313 1058 1376 nostrum
1088 1333 1122 1380 eo

59 1417 176 1479 intrare
199 1416 230 1478 et
250 1414 294 1478 ibi
315 1413 408 1477 etiam
430 1411 505 1475 litus
526 1410 639 1475 habore
661 1409 783 1475 dieitur.

159 1519 225 1584 lbd.
248 1518 279 1596 8,
306 1517 326 1580 3
355 1515 551 1581 scribendum
573 1517 637 1579 est:
671 1536 685 1576 e
711 1518 822 1581 terra
842 1516 960 1585 illum
983 1522 1120 1603 (Nilum)

55 1643 288 1708 erumpere,
311 1642 386 1688 non:
409 1610 568 1687 eterra.
607 1619 737 1686 ,Omissa
757 1625 826 1704 post
855 1644 870 1684 o
899 1630 1012 1702 (esse)
1045 1648 1121 1709 prae.

57 1732 169 1815 positio
197 1730 277 1803 male
309 1728 451 1812 suppleta
472 1728 527 1791 est.
582 1729 602 1806 ξ
635 1725 673 1803 4,
709 1727 761 1792 ubi
795 1729 826 1792 in
863 1729 1018 1796 oodioibus
1056 1736 1120 1799 est:

58 1837 242 1917 Quidem,
277 1834 460 1911 aiebant,
494 1832 768 1916 pervenimus,
797 1833 856 1898 nisi
877 1833 954 1901 latet
975 1839 1121 1922 temporis

57 1945 132 2008 nota
177 1939 388 2019 (uicesimo
432 1937 499 2002 die
543 1939 597 2002 aut
639 1936 774 2022 similis),
818 1939 1012 2006 scribendum
1056 1946 1120 2009 est:

61 2048 247 2124 Tandem,
275 2045 461 2123 aiebant,
483 2043 748 2125 pervenimus.

158 2151 227 2219 lbd.
253 2152 300 2225 13,
323 2151 360 2214 4:
397 2168 481 2214 oum
514 2150 575 2214 vis
602 2150 728 2213 maior
760 2149 907 2234 frigidi
939 2152 1063 2218 illata
1083 2155 1119 2218 in

54 2258 244 2323 oavernis
277 2260 348 2322 est.
398 2254 463 2321 Sor.
496 2254 618 2341 illata
655 2256 851 2320 cavernis.
910 2256 1041 2323 Gravius
1074 2264 1121 2324 est

57 2363 204 2429 mendum
227 2365 318 2446 paulo
342 2364 414 2445 post
435 2362 452 2445 ξ
475 2361 504 2428 6.
549 2358 659 2423 uortn
680 2379 777 2425 nune:
821 2361 941 2426 Vioes
974 2363 1120 2430 deinde

56 2469 174 2534 buius
216 2487 353 2553 pugnae
389 2467 510 2547 (caloris
550 2468 584 2530 et
626 2465 748 2549 frigoris
788 2466 845 2530 sub
880 2469 975 2544 terra)
1012 2474 1119 2536 sunt:

58 2574 162 2640 defit
204 2575 335 2640 ealori
380 2572 645 2657 congregatio
688 2589 729 2636 eo
764 2591 905 2638 rursus
942 2576 1122 2661 eruptio,

58 2658 142 2745 nulle
175 2680 344 2755 sententia;
378 2681 405 2744 si
443 2679 524 2744 enirn
559 2678 675 2742 debunt
707 2676 772 2755 illa,
809 2678 886 2743 nihil
919 2678 956 2742 lit
988 2683 1118 2748 omnino.

59 2784 188 2851 Codices
210 2785 326 2851 desit.
385 2785 486 2869 Vulgo
509 2782 672 2848 edebatur:
700 2781 856 2849 desinit
878 2785 1001 2850 ualidi
1025 2805 1119 2852 oon·

57 2892 258 2976 progatio,
306 2892 400 2956 nihilo
452 2888 572 2953 melius.
638 2887 836 2954 Scribendnm
881 2894 946 2957 est:
1000 2893 1119 2959 Vires

58 2996 204 3063 deinde
228 2997 343 3061 huius
365 3009 504 3079 pngnae
526 2997 620 3060 sunt
643 2993 787 3080 taezjit
809 2997 936 3062 calori
956 3016 1119 3082 cougre-

58 3197 253 3206 ----——-..-.

70 3325 93 3394 ¹)
122 3327 239 3382 Gravius
259 3331 383 3398 errarunt
400 3327 542 3384 liebertus
565 3332 593 3382 et
610 3328 739 3393 Haasins,
764 3329 835 3400 quod
862 3347 876 3385 e
893 3329 1030 3386 codicibus
1048 3331 1118 3386 huno

122 3420 266 3475 verborum
310 3421 431 3476 ordinem
472 3423 642 3476 revenerunt:
683 3438 743 3477 neo
782 3423 867 3477 illos
900 3422 1013 3491 (oeulos)
1051 3424 1118 3477 soit

122 3511 314 3581 producere
334 3513 434 3568 ultra
452 3515 613 3579 animum,
637 3515 683 3569 nbi
701 3514 849 3586 superiores
868 3515 930 3569 inde
948 3515 982 3570 ab
1001 3516 1117 3582 Eresmo,

122 3606 249 3674 qnoniam
273 3605 415 3661 manifesto
444 3607 645 3677 signifioantnr,
669 3609 716 3678 qni
740 3608 794 3662 soli
818 3608 955 3664 oculorum
981 3608 1043 3664 fidei
1069 3610 1117 3664 ed·

120 3696 214 3750 stricti
235 3699 374 3765 serviunt,
403 3700 550 3755 necessario
573 3700 788 3771 prepositionem
806 3703 1039 3771 transposuerant:
1058 3718 1118 3756 neo

119 3788 220 3844 nltra
251 3790 339 3847 illos
371 3794 441 3847 seit
468 3793 655 3862 producere
685 3794 844 3851 animum.
880 3794 912 3848 Id
937 3793 1029 3848 eadem
1053 3795 1116 3849 sim·

121 3879 247 3950 plicitate
274 3882 403 3941 librarius
434 3888 593 3952 mutaverat,
619 3901 672 3955 qua
704 3885 774 3939 alter
801 3885 834 3939 de
861 3888 946 3941 const.
971 3903 1026 3956 sap.
1050 3890 1075 3951 4,
1100 3890 1117 3943 3

120 3989 169 4041 pro
189 3975 380 4044 sapientia
399 4017 406 4031 .
426 4017 433 4031 .
453 4018 460 4032 .
479 3977 734 4048 tranquillitas
753 3978 861 4047 scripsit
880 3980 1112 4050 sapientia...

117 4067 418 4136 tranquillitatis,
