2648 5084
456 707 554 778 Script.
576 707 646 764 ilist.
664 708 734 780 lug.
1020 708 1080 769 647

164 908 230 974 Ibd.
263 909 299 973 9:
364 908 487 987 Quare
524 906 739 972 sinceritas
772 910 854 983 tua,
897 909 949 972 mi
981 927 1124 991 pareus

57 1015 280 1089 carissime,
322 1031 435 1095 supra
466 1011 574 1078 dicto
605 1013 687 1077 viro
717 1012 902 1080 adficiet.
946 1016 1124 1098 quamdiu

58 1121 186 1188 Roma
215 1119 353 1193 fuerit,
386 1135 500 1201 panes
522 1118 720 1184 militares
747 1119 908 1184 mundos
936 1121 1124 1197 sedecim,

56 1229 122 1293 cet
177 1226 298 1293 ⁴Videat
319 1225 395 1291 mihi
416 1223 536 1307 aliquis,
567 1224 824 1307 quemadmodum
846 1225 952 1309 exiguo
980 1223 1143 1292 litterulae'

55 1332 176 1398 inflexu
215 1351 301 1398 nova
340 1329 581 1415 significationes
626 1331 658 1395 et
690 1331 930 1397 constructiones
962 1334 1122 1398 verborum

55 1439 201 1505 emantur
243 1438 384 1524 (adficere
425 1434 520 1498 alicui
557 1455 662 1518 porros,
709 1454 893 1519 quamquam
932 1457 989 1502 nou
1025 1440 1123 1505 multo

58 1545 174 1610 melius
198 1544 258 1610 erit
280 1544 408 1629 adjicere
428 1541 560 1626 aliquem
578 1540 736 1626 panibus).
770 1541 923 1625 Scriptum
946 1547 1013 1610 erat
1034 1533 1123 1610 olim:
1229 1601 1232 1606 ,

56 1669 182 1734 supra
223 1650 327 1716 dicto
369 1650 454 1715 viro
497 1649 665 1711 adiiciet
708 1651 899 1729 (praeterea,
933 1651 1125 1734 qumhabet)
1164 1637 1166 1640 Α

58 1759 268 1841 pauescat.
311 1756 518 1840 [Praeceperat
540 1753 643 1838 Grut]

98 1871 101 1876 ’
165 1863 229 1929 lbd.
254 1865 309 1928 ll:
353 1863 393 1928 Si
423 1863 544 1932 esset,
577 1858 791 1924 Aureliane
819 1860 1124 1937 iucundissime,
1258 1892 1260 1895 ·

55 1971 128 2055 qui
155 1969 260 2052 Ulpii
289 1969 438 2036 Criniti
472 1968 592 2031 vicem
622 1967 759 2048 posset
784 1966 965 2048 implore,
997 1972 1124 2034 tecum

60 2077 108 2142 de
140 2075 225 2141 eius
259 2075 406 2140 virtute
439 2091 480 2138 ac
501 2071 721 2138 sedulitate
754 2072 996 2148 conferrem,
1029 2094 1125 2139 nunc

59 2186 192 2249 tecum
215 2182 416 2265 requirere
438 2178 660 2261 potuissem.
694 2177 863 2244 Salmasius
886 2180 980 2245 hunc
1002 2184 1125 2246 tecum
1162 2202 1165 2207 ‘¹

59 2288 277 2373 requirere.
311 2286 383 2366 Sed,
405 2304 444 2350 ue
458 2284 519 2350 alia
534 2286 769 2365 commemorem
783 2285 900 2360 (huuc
922 2289 991 2368 post
1013 2287 1124 2363 eius),

57 2397 202 2478 ineptum
218 2394 396 2461 estderiro
412 2395 531 2475 reperto
547 2389 760 2474 requirere.
795 2391 909 2457 Serio:
932 2393 1059 2457 tecum
1082 2395 1126 2457 de
1213 2419 1219 2433 ·

56 2503 150 2568 eius
172 2502 324 2577 virtute
429 2496 611 2581 conferre
636 2519 706 2560 nec
727 2505 760 2560 te
780 2499 988 2580 requirere
1009 2502 1124 2581 potu·

57 2610 194 2674 issem.
259 2605 359 2682 (Nunc
391 2605 423 2668 te
455 2604 584 2686 requiro.
633 2603 682 2668 lta
711 2604 809 2669 omnis
843 2604 959 2670 lacuna
993 2608 1125 2690 suspicio

61 2714 209 2791 tollitur.)
267 2711 383 2778 Eodem
405 2709 505 2794 capite
527 2708 608 2774 iufra
628 2710 694 2776 haec
715 2710 875 2793 leguntur:
920 2711 1036 2776 Tuum
1068 2718 1128 2779 est

67 2868 139 2896 ...,
163 2837 331 2904 quaerere
353 2819 556 2901 praterea,
587 2815 651 2880 ubi
678 2834 840 2905 carrago
869 2818 923 2883 sit
944 2818 1126 2893 hostium,

11 2913 15 2923 ’
61 2929 102 2993 et
127 2924 363 2999 verescire,
398 2922 533 3006 quanti
562 2920 774 3005 qualesque
802 2923 897 2999 sint,
931 2926 1067 2989 utnon
1090 2926 1126 2989 in

61 3033 200 3097 ninum
223 3033 293 3096 aut
313 3048 465 3095 annona
487 3031 740 3094 consumatur
761 3031 828 3094 aut
850 3029 935 3094 tela
966 3031 1006 3108 (P
1027 3031 1128 3109 tala)

18 3186 22 3193 .
64 3140 280 3214 iaciuntur,
313 3137 351 3200 in
381 3135 519 3219 quibus
550 3153 609 3200 res
636 3135 1026 3201 bellicaconstituta
1055 3141 1127 3202 est.

62 3245 102 3309 In
118 3243 223 3308 codice
238 3243 264 3306 B
280 3245 432 3309 corrector
446 3244 517 3322 post
538 3242 576 3305 in
598 3239 716 3307 addidit
730 3258 885 3306 cassum
903 3241 1127 3319 (incussum)

64 3352 161 3418 recte.¹
196 3348 268 3431 quid
288 3346 442 3413 ¹sententia
464 3346 644 3429 postularet,
676 3347 860 3432 intelligens,
889 3347 982 3431 idque
1006 3353 1127 3414 secutus

64 3456 157 3522 Peter
179 3458 241 3533 estr
264 3455 456 3520 mirationem
478 3456 581 3519 tamen
596 3453 689 3519 habet
710 3455 773 3520 viui
795 3455 834 3520 ab
855 3473 974 3521 annona
995 3456 1128 3538 separati

62 3563 163 3647 priore
195 3563 262 3633 loco
296 3561 418 3627 mentio.
473 3560 541 3626 Non
571 3560 718 3626 addenda
748 3580 801 3626 sex
830 3561 951 3636 littora,
984 3562 1126 3648 seduna

63 3669 215 3735 mutanda
237 3670 317 3735 erat:
340 3672 382 3732 ut
404 3685 479 3732 non
501 3669 541 3727 in
561 3688 697 3728 varrum
718 3669 787 3731 aut
809 3685 963 3732 annona
984 3686 1125 3734 conau-

64 3777 195 3841 matur
227 3777 296 3839 aut
327 3772 413 3837 tela
443 3760 655 3837 iaciantur:
702 3772 770 3853 dd
803 3775 967 3857 utrumque
1001 3775 1127 3840 verbum

62 3881 217 3964 pertinere
240 3881 275 3945 iu
299 3897 434 3944 uanum
457 3879 714 3962 sanissimumque
736 3897 804 3944 esse
825 3880 907 3944 tela
928 3881 1130 3947 iaciuntur
1250 3890 1253 3897 “

16 4071 20 4077 1
64 3988 116 4051 vix
138 4005 213 4068 opus
235 3989 284 4051 est
304 3985 385 4050 addi.
444 3984 483 4046 In
516 4007 627 4047 vonum
661 3985 754 4060 (unde
784 3984 867 4052 Galli
895 4007 931 4048 en
959 3988 1042 4063 vain)
1075 4008 1129 4071 pro

63 4093 209 4162 adverbio
223 4092 348 4176 scurra
368 4093 503 4174 coeptum
526 4097 574 4158 est
593 4092 653 4157 dici
675 4093 732 4156 hac
746 4093 846 4165 aetate,
869 4094 1127 4176 quemadmodum

30 4206 32 4210 ’
63 4199 140 4266 olim
163 4200 315 4261 iuncorum
338 4199 386 4277 (ira
408 4207 511 4273 totum,
543 4200 575 4260 in
597 4206 724 4271 matum,
752 4198 784 4258 iu
806 4219 971 4270 commune,
1005 4202 1037 4260 ἐπ
1059 4201 1129 4262 reli-

65 4326 172 4390 quom,
194 4305 292 4386 cett),
315 4303 394 4386 apud
417 4301 566 4368 Senecam
587 4306 619 4366 ia
639 4323 859 4387 aopeeomum
882 4306 1128 4383 (tribusSenecae

64 4412 152 4483 locis,
186 4412 236 4494 qui
260 4411 292 4475 in
317 4409 421 4475 lexicis
446 4414 607 4491 ponuntur,
640 4410 712 4475 addi
734 4414 839 4492 potest
859 4414 985 4494 quartus
1007 4414 1044 4478 de
1067 4414 1129 4477 otio
