<?xml version="1.0" encoding="UTF-8"?>
<!DOCTYPE html PUBLIC "-//W3C//DTD XHTML 1.0 Transitional//EN"
    "http://www.w3.org/TR/xhtml1/DTD/xhtml1-transitional.dtd">
<html xmlns="http://www.w3.org/1999/xhtml" xml:lang="en" lang="en">
 <head>
  <title>
</title>
<meta http-equiv="Content-Type" content="text/html;charset=utf-8" />
  <meta name='ocr-system' content='tesseract 3.04.00' />
  <meta name='ocr-capabilities' content='ocr_page ocr_carea ocr_par ocr_line ocrx_word'/>
</head>
<body>
  <div class='ocr_page' id='page_1' title='image "./ioniemadvigiiad00madvgoog_0613.png"; bbox 0 0 2648 5084; ppageno 0'>
   <div class='ocr_carea' id='block_1_1' title="bbox 234 285 838 380">
    <p class='ocr_par' dir='ltr' id='par_1_1' title="bbox 234 285 838 380">
     <span class='ocr_line' id='line_1_1' title="bbox 234 285 838 380; baseline -0.007 -11"><span class='ocrx_word' id='word_1_1' title='bbox 234 285 298 379; x_wconf 75' lang='lat' dir='ltr'><strong>eoo</strong></span> <span class='ocrx_word' id='word_1_2' title='bbox 610 310 726 367; x_wconf 76' lang='lat' dir='ltr'><strong>menn.</strong></span> <span class='ocrx_word' id='word_1_3' title='bbox 739 309 803 380; x_wconf 70' lang='lat' dir='ltr'><strong>oep.</strong></span> <span class='ocrx_word' id='word_1_4' title='bbox 816 311 838 366; x_wconf 93' lang='lat'><strong>1.</strong></span> 
     </span>
    </p>
   </div>
   <div class='ocr_carea' id='block_1_2' title="bbox 189 509 1308 1976">
    <p class='ocr_par' dir='ltr' id='par_1_2' title="bbox 189 509 1308 1768">
     <span class='ocr_line' id='line_1_2' title="bbox 189 509 1253 600; baseline -0.002 -18"><span class='ocrx_word' id='word_1_5' title='bbox 189 517 371 582; x_wconf 80' lang='lat' dir='ltr'><strong>fetisoet</strong></span> <span class='ocrx_word' id='word_1_6' title='bbox 418 509 515 578; x_wconf 77' lang='lat' dir='ltr'><strong>sone.</strong></span> <span class='ocrx_word' id='word_1_7' title='bbox 548 529 592 577; x_wconf 87' lang='lat' dir='ltr'><strong>ao</strong></span> <span class='ocrx_word' id='word_1_8' title='bbox 619 531 663 574; x_wconf 81' lang='lat' dir='ltr'><strong>oe</strong></span> <span class='ocrx_word' id='word_1_9' title='bbox 689 511 898 595; x_wconf 80' lang='lat' dir='ltr'><strong>greritete</strong></span> <span class='ocrx_word' id='word_1_10' title='bbox 920 513 982 575; x_wconf 89' lang='lat' dir='ltr'><strong>oet.</strong></span> <span class='ocrx_word' id='word_1_11' title='bbox 1050 512 1160 600; x_wconf 79' lang='lat' dir='ltr'><strong>Longe</strong></span> <span class='ocrx_word' id='word_1_12' title='bbox 1180 516 1253 580; x_wconf 86' lang='lat' dir='ltr'><strong>aliter</strong></span> 
     </span>
     <span class='ocr_line' id='line_1_3' title="bbox 193 615 1252 705; baseline 0 -17"><span class='ocrx_word' id='word_1_13' title='bbox 193 623 308 688; x_wconf 85' lang='lat' dir='ltr'><strong>dieitur</strong></span> <span class='ocrx_word' id='word_1_14' title='bbox 331 620 434 705; x_wconf 82' lang='lat' dir='ltr'><strong>fessos</strong></span> <span class='ocrx_word' id='word_1_15' title='bbox 462 618 500 681; x_wconf 86' lang='lat' dir='ltr'><strong>de</strong></span> <span class='ocrx_word' id='word_1_16' title='bbox 526 618 575 679; x_wconf 85' lang='lat' dir='ltr'><strong>oio</strong></span> <span class='ocrx_word' id='word_1_17' title='bbox 607 617 645 682; x_wconf 87' lang='lat' dir='ltr'><strong>de</strong></span> <span class='ocrx_word' id='word_1_18' title='bbox 674 615 855 683; x_wconf 86' lang='lat' dir='ltr'><strong>lassitudine</strong></span> <span class='ocrx_word' id='word_1_19' title='bbox 885 637 903 682; x_wconf 89' lang='lat' dir='ltr'><strong>o</strong></span> <span class='ocrx_word' id='word_1_20' title='bbox 938 618 991 683; x_wconf 85' lang='lat' dir='ltr'><strong>via</strong></span> <span class='ocrx_word' id='word_1_21' title='bbox 1022 622 1057 685; x_wconf 88' lang='lat' dir='ltr'><strong>et</strong></span> <span class='ocrx_word' id='word_1_22' title='bbox 1084 625 1159 703; x_wconf 87' lang='lat' dir='ltr'><strong>post</strong></span> <span class='ocrx_word' id='word_1_23' title='bbox 1187 623 1252 687; x_wconf 84' lang='lat' dir='ltr'><strong>rien</strong></span> 
     </span>
     <span class='ocr_line' id='line_1_4' title="bbox 195 723 1255 812; baseline 0 -17"><span class='ocrx_word' id='word_1_24' title='bbox 195 732 348 795; x_wconf 87' lang='lat' dir='ltr'><strong>manente.</strong></span> <span class='ocrx_word' id='word_1_25' title='bbox 392 725 506 791; x_wconf 83' lang='lat' dir='ltr'><strong>llodem</strong></span> <span class='ocrx_word' id='word_1_26' title='bbox 544 724 645 807; x_wconf 87' lang='lat' dir='ltr'><strong>oepite</strong></span> <span class='ocrx_word' id='word_1_27' title='bbox 682 725 701 806; x_wconf 59' lang='grc' dir='ltr'><strong><em>ᾖ</em></strong></span> <span class='ocrx_word' id='word_1_28' title='bbox 745 723 796 798; x_wconf 70' lang='lat'><strong>20,</strong></span> <span class='ocrx_word' id='word_1_29' title='bbox 833 725 886 789; x_wconf 91' lang='lat' dir='ltr'><strong>nbi</strong></span> <span class='ocrx_word' id='word_1_30' title='bbox 920 724 1045 792; x_wconf 87' lang='lat' dir='ltr'><strong>oditur:</strong></span> <span class='ocrx_word' id='word_1_31' title='bbox 1094 731 1255 812; x_wconf 84' lang='lat' dir='ltr'><strong>quonian</strong></span> 
     </span>
     <span class='ocr_line' id='line_1_5' title="bbox 193 829 1256 919; baseline 0.001 -18"><span class='ocrx_word' id='word_1_32' title='bbox 193 834 365 901; x_wconf 84' lang='lat' dir='ltr'><strong>seilicet</strong></span> <span class='ocrx_word' id='word_1_33' title='bbox 393 832 436 897; x_wconf 90' lang='lat' dir='ltr'><strong>in</strong></span> <span class='ocrx_word' id='word_1_34' title='bbox 468 829 647 896; x_wconf 87' lang='lat' dir='ltr'><strong>moribus</strong></span> <span class='ocrx_word' id='word_1_35' title='bbox 679 830 947 897; x_wconf 73' lang='lat' dir='ltr'><strong>inolescendis</strong></span> <span class='ocrx_word' id='word_1_36' title='bbox 986 837 1256 919; x_wconf 77' lang='lat' dir='ltr'><strong>magnamiore</strong></span> 
     </span>
     <span class='ocr_line' id='line_1_6' title="bbox 195 935 1256 1026; baseline 0.003 -20"><span class='ocrx_word' id='word_1_37' title='bbox 195 944 345 1026; x_wconf 87' lang='lat' dir='ltr'><strong>partem</strong></span> <span class='ocrx_word' id='word_1_38' title='bbox 366 937 574 1023; x_wconf 76' lang='lat' dir='ltr'>ingenium</span> <span class='ocrx_word' id='word_1_39' title='bbox 598 935 755 1001; x_wconf 86' lang='lat' dir='ltr'><strong>eltriois</strong></span> <span class='ocrx_word' id='word_1_40' title='bbox 778 940 815 1003; x_wconf 89' lang='lat' dir='ltr'><strong>et</strong></span> <span class='ocrx_word' id='word_1_41' title='bbox 835 940 976 1005; x_wconf 86' lang='lat' dir='ltr'><strong>nature</strong></span> <span class='ocrx_word' id='word_1_42' title='bbox 999 939 1131 1008; x_wconf 85' lang='lat' dir='ltr'><strong>laetis</strong></span> <span class='ocrx_word' id='word_1_43' title='bbox 1154 945 1256 1022; x_wconf 79' lang='lat' dir='ltr'><strong>tenet.</strong></span> 
     </span>
     <span class='ocr_line' id='line_1_7' title="bbox 193 1043 1308 1132; baseline 0.002 -20"><span class='ocrx_word' id='word_1_44' title='bbox 193 1068 275 1132; x_wconf 83' lang='lat' dir='ltr'><strong>qnae</strong></span> <span class='ocrx_word' id='word_1_45' title='bbox 308 1047 383 1110; x_wconf 90' lang='lat' dir='ltr'><strong>iam</strong></span> <span class='ocrx_word' id='word_1_46' title='bbox 417 1063 436 1108; x_wconf 89' lang='lat' dir='ltr'><strong>a</strong></span> <span class='ocrx_word' id='word_1_47' title='bbox 472 1043 666 1127; x_wconf 81' lang='lat' dir='ltr'><strong>principio</strong></span> <span class='ocrx_word' id='word_1_48' title='bbox 695 1043 845 1109; x_wconf 83' lang='lat' dir='ltr'><strong>imbute</strong></span> <span class='ocrx_word' id='word_1_49' title='bbox 886 1048 1057 1128; x_wconf 87' lang='lat' dir='ltr'><strong>peterni</strong></span> <span class='ocrx_word' id='word_1_50' title='bbox 1103 1050 1258 1115; x_wconf 82' lang='lat' dir='ltr'><strong>seminis</strong></span> <span class='ocrx_word' id='word_1_51' title='bbox 1307 1063 1308 1072; x_wconf 58' lang='lat'>¹</span> 
     </span>
     <span class='ocr_line' id='line_1_8' title="bbox 193 1149 1258 1235; baseline 0.002 -16"><span class='ocrx_word' id='word_1_52' title='bbox 193 1151 450 1219; x_wconf 87' lang='lat' dir='ltr'><strong>oounrotione</strong></span> <span class='ocrx_word' id='word_1_53' title='bbox 482 1168 523 1215; x_wconf 86' lang='lat' dir='ltr'><strong>en</strong></span> <span class='ocrx_word' id='word_1_54' title='bbox 553 1149 696 1216; x_wconf 89' lang='lat' dir='ltr'><strong>metris</strong></span> <span class='ocrx_word' id='word_1_55' title='bbox 730 1151 848 1216; x_wconf 89' lang='lat' dir='ltr'><strong>otiam</strong></span> <span class='ocrx_word' id='word_1_56' title='bbox 878 1168 1048 1235; x_wconf 88' lang='lat' dir='ltr'><strong>oorpore</strong></span> <span class='ocrx_word' id='word_1_57' title='bbox 1077 1159 1119 1219; x_wconf 89' lang='lat' dir='ltr'><strong>et</strong></span> <span class='ocrx_word' id='word_1_58' title='bbox 1146 1158 1258 1221; x_wconf 88' lang='lat' dir='ltr'><strong>animo</strong></span> 
     </span>
     <span class='ocr_line' id='line_1_9' title="bbox 198 1255 1260 1342; baseline -0.004 -17"><span class='ocrx_word' id='word_1_59' title='bbox 198 1259 391 1326; x_wconf 74' lang='lat' dir='ltr'><strong>recentem</strong></span> <span class='ocrx_word' id='word_1_60' title='bbox 425 1255 594 1321; x_wconf 84' lang='lat' dir='ltr'><strong>indolem</strong></span> <span class='ocrx_word' id='word_1_61' title='bbox 634 1257 865 1341; x_wconf 81' lang='lat' dir='ltr'><strong>configurat</strong></span> <span class='ocrx_word' id='word_1_62' title='bbox 887 1257 979 1323; x_wconf 83' lang='lat' dir='ltr'><strong>soriti</strong></span> <span class='ocrx_word' id='word_1_63' title='bbox 1005 1261 1139 1342; x_wconf 79' lang='lat' dir='ltr'><strong>oportet</strong></span> <span class='ocrx_word' id='word_1_64' title='bbox 1159 1260 1260 1323; x_wconf 79' lang='lat' dir='ltr'><strong>imte-</strong></span> 
     </span>
     <span class='ocr_line' id='line_1_10' title="bbox 195 1363 1259 1450; baseline 0.001 -23"><span class='ocrx_word' id='word_1_65' title='bbox 195 1375 283 1430; x_wconf 80' lang='lat' dir='ltr'><strong>eom.</strong></span> <span class='ocrx_word' id='word_1_66' title='bbox 327 1363 446 1429; x_wconf 86' lang='lat' dir='ltr'><strong>Netnra</strong></span> <span class='ocrx_word' id='word_1_67' title='bbox 478 1363 569 1428; x_wconf 86' lang='lat' dir='ltr'><strong>laetis</strong></span> <span class='ocrx_word' id='word_1_68' title='bbox 600 1363 736 1428; x_wconf 83' lang='lat' dir='ltr'><strong>indolem</strong></span> <span class='ocrx_word' id='word_1_69' title='bbox 769 1365 933 1437; x_wconf 76' lang='lat' dir='ltr'><strong>recentem,</strong></span> <span class='ocrx_word' id='word_1_70' title='bbox 965 1364 1032 1428; x_wconf 86' lang='lat' dir='ltr'><strong>ism</strong></span> <span class='ocrx_word' id='word_1_71' title='bbox 1071 1386 1092 1431; x_wconf 90' lang='lat' dir='ltr'><strong>e</strong></span> <span class='ocrx_word' id='word_1_72' title='bbox 1126 1366 1259 1450; x_wconf 77' lang='lat' dir='ltr'><strong>principio</strong></span> 
     </span>
     <span class='ocr_line' id='line_1_11' title="bbox 198 1469 1259 1555; baseline 0.007 -21"><span class='ocrx_word' id='word_1_73' title='bbox 198 1469 319 1555; x_wconf 83' lang='lat' dir='ltr'><strong>paterni</strong></span> <span class='ocrx_word' id='word_1_74' title='bbox 354 1469 483 1536; x_wconf 87' lang='lat' dir='ltr'><strong>seminis</strong></span> <span class='ocrx_word' id='word_1_75' title='bbox 516 1469 706 1537; x_wconf 86' lang='lat' dir='ltr'><strong>nonoretiono</strong></span> <span class='ocrx_word' id='word_1_76' title='bbox 744 1469 911 1546; x_wconf 84' lang='lat' dir='ltr'><strong>imbutum,</strong></span> <span class='ocrx_word' id='word_1_77' title='bbox 956 1489 991 1535; x_wconf 89' lang='lat' dir='ltr'><strong>en</strong></span> <span class='ocrx_word' id='word_1_78' title='bbox 1025 1475 1144 1539; x_wconf 81' lang='lat' dir='ltr'><strong>matris</strong></span> <span class='ocrx_word' id='word_1_79' title='bbox 1180 1474 1259 1540; x_wconf 77' lang='lat' dir='ltr'><strong>ouen</strong></span> 
     </span>
     <span class='ocr_line' id='line_1_12' title="bbox 195 1576 1261 1661; baseline 0 -19"><span class='ocrx_word' id='word_1_80' title='bbox 195 1594 321 1661; x_wconf 89' lang='lat' dir='ltr'><strong>oorpore</strong></span> <span class='ocrx_word' id='word_1_81' title='bbox 364 1576 546 1661; x_wconf 78' lang='lat' dir='ltr'><strong>configuret,</strong></span> <span class='ocrx_word' id='word_1_82' title='bbox 589 1581 625 1641; x_wconf 94' lang='lat' dir='ltr'><strong>nt</strong></span> <span class='ocrx_word' id='word_1_83' title='bbox 656 1576 812 1660; x_wconf 86' lang='lat' dir='ltr'><strong>utriusque</strong></span> <span class='ocrx_word' id='word_1_84' title='bbox 854 1577 988 1661; x_wconf 82' lang='lat' dir='ltr'><strong>parentis</strong></span> <span class='ocrx_word' id='word_1_85' title='bbox 1033 1578 1102 1645; x_wconf 85' lang='lat' dir='ltr'><strong>rim</strong></span> <span class='ocrx_word' id='word_1_86' title='bbox 1149 1579 1261 1646; x_wconf 73' lang='lat' dir='ltr'><strong>sentit</strong></span> 
     </span>
     <span class='ocr_line' id='line_1_13' title="bbox 199 1683 1206 1768; baseline 0.001 -20"><span class='ocrx_word' id='word_1_87' title='bbox 199 1684 312 1758; x_wconf 74' lang='lat' dir='ltr'><strong>Lente,</strong></span> <span class='ocrx_word' id='word_1_88' title='bbox 340 1683 420 1766; x_wconf 88' lang='lat' dir='ltr'><strong>qnod</strong></span> <span class='ocrx_word' id='word_1_89' title='bbox 443 1685 543 1749; x_wconf 86' lang='lat' dir='ltr'><strong>mater</strong></span> <span class='ocrx_word' id='word_1_90' title='bbox 564 1683 690 1766; x_wconf 77' lang='lat' dir='ltr'><strong>prebet</strong></span> <span class='ocrx_word' id='word_1_91' title='bbox 711 1685 821 1748; x_wconf 80' lang='lat' dir='ltr'><strong>nature</strong></span> <span class='ocrx_word' id='word_1_92' title='bbox 842 1684 919 1749; x_wconf 77' lang='lat' dir='ltr'><strong>nihil</strong></span> <span class='ocrx_word' id='word_1_93' title='bbox 941 1684 1038 1750; x_wconf 87' lang='lat' dir='ltr'><strong>habet</strong></span> <span class='ocrx_word' id='word_1_94' title='bbox 1060 1705 1080 1753; x_wconf 91' lang='lat' dir='ltr'><strong>e</strong></span> <span class='ocrx_word' id='word_1_95' title='bbox 1103 1688 1206 1768; x_wconf 89' lang='lat' dir='ltr'><strong>patre.</strong></span> 
     </span>
    </p>

    <p class='ocr_par' dir='ltr' id='par_1_3' title="bbox 299 1789 995 1872">
     <span class='ocr_line' id='line_1_14' title="bbox 299 1789 995 1872; baseline 0 -19"><span class='ocrx_word' id='word_1_96' title='bbox 299 1789 362 1868; x_wconf 82' lang='lat' dir='ltr'><strong>(llo</strong></span> <span class='ocrx_word' id='word_1_97' title='bbox 383 1808 410 1855; x_wconf 89' lang='lat' dir='ltr'><strong>o.</strong></span> <span class='ocrx_word' id='word_1_98' title='bbox 434 1789 464 1865; x_wconf 77' lang='lat'><strong>2,</strong></span> <span class='ocrx_word' id='word_1_99' title='bbox 489 1793 527 1852; x_wconf 81' lang='lat'><strong>14</strong></span> <span class='ocrx_word' id='word_1_100' title='bbox 550 1789 667 1855; x_wconf 84' lang='lat' dir='ltr'><strong>dietum</strong></span> <span class='ocrx_word' id='word_1_101' title='bbox 690 1792 738 1854; x_wconf 87' lang='lat' dir='ltr'><strong>est</strong></span> <span class='ocrx_word' id='word_1_102' title='bbox 760 1790 819 1855; x_wconf 85' lang='lat' dir='ltr'><strong>vol.</strong></span> <span class='ocrx_word' id='word_1_103' title='bbox 842 1790 858 1855; x_wconf 93' lang='lat'><em>1</em></span> <span class='ocrx_word' id='word_1_104' title='bbox 878 1809 910 1872; x_wconf 84' lang='lat' dir='ltr'><strong>p.</strong></span> <span class='ocrx_word' id='word_1_105' title='bbox 931 1790 995 1868; x_wconf 74' lang='lat'><strong>25.)</strong></span> 
     </span>
    </p>

    <p class='ocr_par' dir='ltr' id='par_1_4' title="bbox 300 1895 1261 1976">
     <span class='ocr_line' id='line_1_15' title="bbox 300 1895 1261 1976; baseline 0.002 -16"><span class='ocrx_word' id='word_1_106' title='bbox 300 1895 367 1961; x_wconf 87' lang='lat' dir='ltr'><strong>Ibd.</strong></span> <span class='ocrx_word' id='word_1_107' title='bbox 386 1897 417 1976; x_wconf 80' lang='lat'><strong>5,</strong></span> <span class='ocrx_word' id='word_1_108' title='bbox 439 1898 476 1962; x_wconf 77' lang='lat'><strong>7:</strong></span> <span class='ocrx_word' id='word_1_109' title='bbox 500 1898 641 1963; x_wconf 85' lang='lat' dir='ltr'><strong>Postea</strong></span> <span class='ocrx_word' id='word_1_110' title='bbox 744 1900 878 1963; x_wconf 80' lang='lat' dir='ltr'><strong>exorta</strong></span> <span class='ocrx_word' id='word_1_111' title='bbox 982 1900 1045 1962; x_wconf 85' lang='lat' dir='ltr'><strong>eet</strong></span> <span class='ocrx_word' id='word_1_112' title='bbox 1157 1900 1261 1965; x_wconf 91' lang='lat' dir='ltr'><strong>hone·</strong></span> 
     </span>
    </p>
   </div>
   <div class='ocr_carea' id='block_1_3' title="bbox 38 2001 1261 2194">
    <p class='ocr_par' dir='ltr' id='par_1_5' title="bbox 38 2001 1261 2194">
     <span class='ocr_line' id='line_1_16' title="bbox 58 2001 1261 2086; baseline 0 -18"><span class='ocrx_word' id='word_1_113' title='bbox 58 2041 65 2053; x_wconf 86' lang='lat'><strong>·</strong></span> <span class='ocrx_word' id='word_1_114' title='bbox 198 2004 323 2068; x_wconf 83' lang='lat' dir='ltr'><strong>stetis</strong></span> <span class='ocrx_word' id='word_1_115' title='bbox 353 2001 636 2086; x_wconf 74' lang='lat' dir='ltr'><strong>utilitatisque</strong></span> <span class='ocrx_word' id='word_1_116' title='bbox 668 2022 767 2068; x_wconf 80' lang='lat' dir='ltr'><strong>rerer</strong></span> <span class='ocrx_word' id='word_1_117' title='bbox 796 2004 1085 2086; x_wconf 81' lang='lat' dir='ltr'><strong>contemplatio</strong></span> <span class='ocrx_word' id='word_1_118' title='bbox 1107 2005 1261 2072; x_wconf 86' lang='lat' dir='ltr'><strong>subtili·</strong></span> 
     </span>
     <span class='ocr_line' id='line_1_17' title="bbox 38 2111 1261 2194; baseline -0.001 -21"><span class='ocrx_word' id='word_1_119' title='bbox 38 2162 46 2173; x_wconf 72' lang='grc'><strong>,,</strong></span> <span class='ocrx_word' id='word_1_120' title='bbox 74 2132 99 2164; x_wconf 28' lang='lat'><strong>⁴*</strong></span> <span class='ocrx_word' id='word_1_121' title='bbox 200 2128 321 2193; x_wconf 80' lang='lat' dir='ltr'><strong>o-rquo</strong></span> <span class='ocrx_word' id='word_1_122' title='bbox 342 2115 383 2176; x_wconf 84' lang='lat' dir='ltr'><strong>et</strong></span> <span class='ocrx_word' id='word_1_123' title='bbox 410 2111 654 2194; x_wconf 77' lang='lat' dir='ltr'><strong>exploratior</strong></span> <span class='ocrx_word' id='word_1_124' title='bbox 687 2111 1057 2193; x_wconf 83' lang='lat' dir='ltr'><strong>commodorumqne</strong></span> <span class='ocrx_word' id='word_1_125' title='bbox 1087 2113 1261 2180; x_wconf 87' lang='lat' dir='ltr'><strong>dileotns.</strong></span> 
     </span>
    </p>
   </div>
   <div class='ocr_carea' id='block_1_4' title="bbox 199 2212 1270 2622">
    <p class='ocr_par' dir='ltr' id='par_1_6' title="bbox 199 2212 1270 2622">
     <span class='ocr_line' id='line_1_18' title="bbox 201 2212 1270 2303; baseline 0.002 -21"><span class='ocrx_word' id='word_1_126' title='bbox 201 2216 362 2300; x_wconf 77' lang='lat' dir='ltr'><strong>Copulatn&#39;o</strong></span> <span class='ocrx_word' id='word_1_127' title='bbox 397 2217 604 2282; x_wconf 88' lang='lat' dir='ltr'><strong>membrorum</strong></span> <span class='ocrx_word' id='word_1_128' title='bbox 637 2217 680 2290; x_wconf 51' lang='lat' dir='ltr'><strong>et¹</strong></span> <span class='ocrx_word' id='word_1_129' title='bbox 693 2215 910 2303; x_wconf 85' lang='lat' dir='ltr'><strong>edieotirorum</strong></span> <span class='ocrx_word' id='word_1_130' title='bbox 933 2215 973 2280; x_wconf 91' lang='lat' dir='ltr'><strong>ad</strong></span> <span class='ocrx_word' id='word_1_131' title='bbox 994 2221 1125 2285; x_wconf 89' lang='lat' dir='ltr'><strong>nomina</strong></span> <span class='ocrx_word' id='word_1_132' title='bbox 1145 2212 1270 2286; x_wconf 77' lang='lat' dir='ltr'><strong>adiuue&#39;</strong></span> 
     </span>
     <span class='ocr_line' id='line_1_19' title="bbox 199 2323 1263 2412; baseline -0.001 -23"><span class='ocrx_word' id='word_1_133' title='bbox 199 2324 245 2389; x_wconf 89' lang='lat' dir='ltr'><strong>tio</strong></span> <span class='ocrx_word' id='word_1_134' title='bbox 267 2325 353 2388; x_wconf 88' lang='lat' dir='ltr'><strong>rente</strong></span> <span class='ocrx_word' id='word_1_135' title='bbox 374 2325 442 2396; x_wconf 85' lang='lat' dir='ltr'><strong>erit,</strong></span> <span class='ocrx_word' id='word_1_136' title='bbox 476 2324 502 2389; x_wconf 86' lang='lat' dir='ltr'><strong>ei</strong></span> <span class='ocrx_word' id='word_1_137' title='bbox 534 2323 578 2388; x_wconf 90' lang='lat' dir='ltr'><strong>sio</strong></span> <span class='ocrx_word' id='word_1_138' title='bbox 600 2323 788 2388; x_wconf 70' lang='lat' dir='ltr'><strong>oonmrmate</strong></span> <span class='ocrx_word' id='word_1_139' title='bbox 813 2324 888 2389; x_wconf 83' lang='lat' dir='ltr'><strong>erit:</strong></span> <span class='ocrx_word' id='word_1_140' title='bbox 924 2323 1202 2412; x_wconf 87' lang='lat' dir='ltr'><strong>subtiliorque</strong></span> <span class='ocrx_word' id='word_1_141' title='bbox 1233 2327 1263 2391; x_wconf 88' lang='lat' dir='ltr'><strong>et</strong></span> 
     </span>
     <span class='ocr_line' id='line_1_20' title="bbox 201 2428 1262 2515; baseline 0.005 -21"><span class='ocrx_word' id='word_1_142' title='bbox 201 2430 448 2513; x_wconf 81' lang='lat' dir='ltr'><strong>exploratior</strong></span> <span class='ocrx_word' id='word_1_143' title='bbox 475 2429 761 2495; x_wconf 78' lang='lat' dir='ltr'><strong>commodorum</strong></span> <span class='ocrx_word' id='word_1_144' title='bbox 790 2450 940 2515; x_wconf 80' lang='lat' dir='ltr'><strong>quoque</strong></span> <span class='ocrx_word' id='word_1_145' title='bbox 970 2428 1162 2499; x_wconf 89' lang='lat' dir='ltr'><strong>dileotns.</strong></span> <span class='ocrx_word' id='word_1_146' title='bbox 1213 2434 1262 2498; x_wconf 74' lang='lat' dir='ltr'><strong>io</strong></span> 
     </span>
     <span class='ocr_line' id='line_1_21' title="bbox 199 2534 1262 2622; baseline 0 -22"><span class='ocrx_word' id='word_1_147' title='bbox 199 2535 273 2602; x_wconf 88' lang='lat' dir='ltr'><strong>dem</strong></span> <span class='ocrx_word' id='word_1_148' title='bbox 294 2553 360 2618; x_wconf 90' lang='lat' dir='ltr'><strong>oep.</strong></span> <span class='ocrx_word' id='word_1_149' title='bbox 383 2534 404 2622; x_wconf 62' lang='grc' dir='ltr'>ᾗ</span> <span class='ocrx_word' id='word_1_150' title='bbox 428 2535 467 2599; x_wconf 88' lang='grc'><strong>10</strong></span> <span class='ocrx_word' id='word_1_151' title='bbox 487 2536 518 2601; x_wconf 89' lang='lat' dir='ltr'><strong>in</strong></span> <span class='ocrx_word' id='word_1_152' title='bbox 542 2534 696 2600; x_wconf 88' lang='lat' dir='ltr'><strong>oodioibue</strong></span> <span class='ocrx_word' id='word_1_153' title='bbox 719 2538 751 2599; x_wconf 91' lang='lat' dir='ltr'><strong>et</strong></span> <span class='ocrx_word' id='word_1_154' title='bbox 774 2535 955 2601; x_wconf 87' lang='lat' dir='ltr'><strong>editionibus</strong></span> <span class='ocrx_word' id='word_1_155' title='bbox 978 2537 1147 2605; x_wconf 85' lang='lat' dir='ltr'><strong>soribitnr:</strong></span> <span class='ocrx_word' id='word_1_156' title='bbox 1185 2540 1262 2605; x_wconf 81' lang='lat' dir='ltr'><strong>Her</strong></span> 
     </span>
    </p>
   </div>
   <div class='ocr_carea' id='block_1_5' title="bbox 71 2641 1262 2727">
    <p class='ocr_par' dir='ltr' id='par_1_7' title="bbox 71 2641 1262 2727">
     <span class='ocr_line' id='line_1_22' title="bbox 71 2641 1262 2727; baseline 0.003 -22"><span class='ocrx_word' id='word_1_157' title='bbox 71 2665 74 2672; x_wconf 93' lang='lat'>·</span> <span class='ocrx_word' id='word_1_158' title='bbox 201 2659 294 2727; x_wconf 80' lang='lat' dir='ltr'><strong>ergo</strong></span> <span class='ocrx_word' id='word_1_159' title='bbox 329 2643 475 2720; x_wconf 87' lang='lat' dir='ltr'><strong>(molesta</strong></span> <span class='ocrx_word' id='word_1_160' title='bbox 503 2645 535 2706; x_wconf 89' lang='lat' dir='ltr'><strong>et</strong></span> <span class='ocrx_word' id='word_1_161' title='bbox 560 2641 768 2720; x_wconf 84' lang='lat' dir='ltr'><strong>incommode)</strong></span> <span class='ocrx_word' id='word_1_162' title='bbox 801 2642 860 2707; x_wconf 81' lang='lat' dir='ltr'><strong>vir</strong></span> <span class='ocrx_word' id='word_1_163' title='bbox 894 2642 1054 2724; x_wconf 86' lang='lat' dir='ltr'><strong>sapiens</strong></span> <span class='ocrx_word' id='word_1_164' title='bbox 1089 2646 1262 2712; x_wconf 81' lang='lat' dir='ltr'><strong>tolerare</strong></span> 
     </span>
    </p>
   </div>
   <div class='ocr_carea' id='block_1_6' title="bbox 200 2733 1265 4215">
    <p class='ocr_par' dir='ltr' id='par_1_8' title="bbox 200 2733 1263 3471">
     <span class='ocr_line' id='line_1_23' title="bbox 202 2733 1262 2831; baseline 0.001 -17"><span class='ocrx_word' id='word_1_165' title='bbox 202 2753 243 2814; x_wconf 87' lang='lat' dir='ltr'><strong>et·</strong></span> <span class='ocrx_word' id='word_1_166' title='bbox 273 2749 449 2815; x_wconf 83' lang='lat' dir='ltr'><strong>onustari</strong></span> <span class='ocrx_word' id='word_1_167' title='bbox 482 2733 626 2831; x_wconf 75' lang='lat' dir='ltr'><strong>potest.</strong></span> <span class='ocrx_word' id='word_1_168' title='bbox 667 2766 736 2812; x_wconf 91' lang='lat' dir='ltr'><strong>nou</strong></span> <span class='ocrx_word' id='word_1_169' title='bbox 779 2747 1192 2819; x_wconf 81' lang='lat' dir='ltr'><strong>admittere&#39;omnino</strong></span> <span class='ocrx_word' id='word_1_170' title='bbox 1231 2753 1262 2817; x_wconf 91' lang='lat' dir='ltr'><strong>iu</strong></span> 
     </span>
     <span class='ocr_line' id='line_1_24' title="bbox 204 2853 1263 2937; baseline 0.005 -17"><span class='ocrx_word' id='word_1_171' title='bbox 204 2873 359 2920; x_wconf 86' lang='lat' dir='ltr'><strong>aeneum</strong></span> <span class='ocrx_word' id='word_1_172' title='bbox 382 2855 443 2919; x_wconf 90' lang='lat' dir='ltr'><strong>sui</strong></span> <span class='ocrx_word' id='word_1_173' title='bbox 465 2873 537 2920; x_wconf 89' lang='lat' dir='ltr'><strong>non</strong></span> <span class='ocrx_word' id='word_1_174' title='bbox 562 2857 709 2937; x_wconf 85' lang='lat' dir='ltr'><strong>potest.</strong></span> <span class='ocrx_word' id='word_1_175' title='bbox 752 2853 893 2921; x_wconf 76' lang='lat' dir='ltr'><strong>Ridicule</strong></span> <span class='ocrx_word' id='word_1_176' title='bbox 912 2857 1099 2922; x_wconf 81' lang='lat' dir='ltr'><strong>cunctari</strong></span> <span class='ocrx_word' id='word_1_177' title='bbox 1130 2875 1263 2925; x_wconf 81' lang='lat' dir='ltr'><strong>enarrare</strong></span> 
     </span>
     <span class='ocr_line' id='line_1_25' title="bbox 201 2961 1262 3044; baseline 0.008 -18"><span class='ocrx_word' id='word_1_178' title='bbox 201 2963 352 3026; x_wconf 80' lang='lat' dir='ltr'><strong>donentur</strong></span> <span class='ocrx_word' id='word_1_179' title='bbox 381 2962 509 3038; x_wconf 76' lang='lat' dir='ltr'><strong>mereri,</strong></span> <span class='ocrx_word' id='word_1_180' title='bbox 546 2961 732 3044; x_wconf 75' lang='lat' dir='ltr'><strong>exspectare.</strong></span> <span class='ocrx_word' id='word_1_181' title='bbox 767 2961 840 3026; x_wconf 90' lang='lat' dir='ltr'><strong>dnm</strong></span> <span class='ocrx_word' id='word_1_182' title='bbox 872 2963 1069 3029; x_wconf 74' lang='lat' dir='ltr'><strong>incommoda</strong></span> <span class='ocrx_word' id='word_1_183' title='bbox 1090 2964 1262 3038; x_wconf 71' lang='lat' dir='ltr'><strong>reserem</strong></span> 
     </span>
     <span class='ocr_line' id='line_1_26' title="bbox 200 3066 1261 3138; baseline 0.008 -7"><span class='ocrx_word' id='word_1_184' title='bbox 200 3066 291 3132; x_wconf 92' lang='lat' dir='ltr'><strong>obliti</strong></span> <span class='ocrx_word' id='word_1_185' title='bbox 312 3067 351 3132; x_wconf 85' lang='lat' dir='ltr'><strong>ed</strong></span> <span class='ocrx_word' id='word_1_186' title='bbox 374 3085 442 3133; x_wconf 83' lang='lat' dir='ltr'><strong>eam</strong></span> <span class='ocrx_word' id='word_1_187' title='bbox 455 3067 641 3134; x_wconf 71' lang='lat' dir='ltr'><strong>sermotiem</strong></span> <span class='ocrx_word' id='word_1_188' title='bbox 654 3067 844 3133; x_wconf 76' lang='lat' dir='ltr'><strong>efficiendam</strong></span> <span class='ocrx_word' id='word_1_189' title='bbox 861 3068 974 3134; x_wconf 86' lang='lat' dir='ltr'><strong>seltem</strong></span> <span class='ocrx_word' id='word_1_190' title='bbox 986 3070 1156 3138; x_wconf 72' lang='lat' dir='ltr'><strong>tensitivo</strong></span> <span class='ocrx_word' id='word_1_191' title='bbox 1178 3071 1261 3138; x_wconf 78' lang='lat' dir='ltr'><strong>serio</strong></span> 
     </span>
     <span class='ocr_line' id='line_1_27' title="bbox 203 3174 1261 3262; baseline 0.005 -26"><span class='ocrx_word' id='word_1_192' title='bbox 203 3191 279 3256; x_wconf 89' lang='lat' dir='ltr'><strong>opus</strong></span> <span class='ocrx_word' id='word_1_193' title='bbox 313 3192 391 3246; x_wconf 88' lang='lat' dir='ltr'><strong>esso,</strong></span> <span class='ocrx_word' id='word_1_194' title='bbox 423 3176 599 3240; x_wconf 87' lang='lat' dir='ltr'><strong>nnnotari</strong></span> <span class='ocrx_word' id='word_1_195' title='bbox 637 3174 865 3239; x_wconf 82' lang='lat' dir='ltr'><strong>intransitivum</strong></span> <span class='ocrx_word' id='word_1_196' title='bbox 899 3193 983 3252; x_wconf 86' lang='lat' dir='ltr'><strong>esse;</strong></span> <span class='ocrx_word' id='word_1_197' title='bbox 1017 3194 1085 3241; x_wconf 67' lang='lat' dir='ltr'><strong>neo⁴</strong></span> <span class='ocrx_word' id='word_1_198' title='bbox 1106 3180 1261 3262; x_wconf 81' lang='lat' dir='ltr'><strong>quisquan</strong></span> 
     </span>
     <span class='ocr_line' id='line_1_28' title="bbox 201 3279 1262 3364; baseline 0.011 -22"><span class='ocrx_word' id='word_1_199' title='bbox 201 3279 399 3343; x_wconf 88' lang='lat' dir='ltr'><strong>inoommoda</strong></span> <span class='ocrx_word' id='word_1_200' title='bbox 422 3281 535 3345; x_wconf 79' lang='lat' dir='ltr'><strong>moneri</strong></span> <span class='ocrx_word' id='word_1_201' title='bbox 567 3298 604 3346; x_wconf 91' lang='lat' dir='ltr'><strong>eo</strong></span> <span class='ocrx_word' id='word_1_202' title='bbox 627 3281 780 3358; x_wconf 71' lang='lat' dir='ltr'><strong>retinere,</strong></span> <span class='ocrx_word' id='word_1_203' title='bbox 814 3284 848 3345; x_wconf 86' lang='lat' dir='ltr'><strong>ut</strong></span> <span class='ocrx_word' id='word_1_204' title='bbox 878 3280 931 3354; x_wconf 86' lang='lat' dir='ltr'><strong>diu</strong></span> <span class='ocrx_word' id='word_1_205' title='bbox 951 3280 1031 3364; x_wconf 89' lang='lat' dir='ltr'><strong>apud</strong></span> <span class='ocrx_word' id='word_1_206' title='bbox 1054 3300 1090 3348; x_wconf 88' lang='lat' dir='ltr'><strong>ee</strong></span> <span class='ocrx_word' id='word_1_207' title='bbox 1113 3287 1262 3354; x_wconf 82' lang='lat' dir='ltr'><strong>maneant</strong></span> 
     </span>
     <span class='ocr_line' id='line_1_29' title="bbox 202 3383 1199 3471; baseline 0.005 -22"><span class='ocrx_word' id='word_1_208' title='bbox 202 3385 286 3450; x_wconf 77' lang='lat' dir='ltr'><strong>nolit.</strong></span> <span class='ocrx_word' id='word_1_209' title='bbox 331 3383 530 3452; x_wconf 81' lang='lat' dir='ltr'><strong>Soritendnm</strong></span> <span class='ocrx_word' id='word_1_210' title='bbox 557 3387 732 3471; x_wconf 76' lang='lat' dir='ltr'><strong>perspiouee</strong></span> <span class='ocrx_word' id='word_1_211' title='bbox 758 3384 931 3452; x_wconf 89' lang='lat' dir='ltr'><strong>tolerare</strong></span> <span class='ocrx_word' id='word_1_212' title='bbox 953 3388 990 3452; x_wconf 93' lang='lat' dir='ltr'><strong>et</strong></span> <span class='ocrx_word' id='word_1_213' title='bbox 1011 3388 1199 3455; x_wconf 75' lang='lat' dir='ltr'><strong>electori.</strong></span> 
     </span>
    </p>

    <p class='ocr_par' dir='ltr' id='par_1_9' title="bbox 200 3490 1265 4215">
     <span class='ocr_line' id='line_1_30' title="bbox 204 3490 1262 3581; baseline 0.008 -26"><span class='ocrx_word' id='word_1_214' title='bbox 204 3524 212 3533; x_wconf 94' lang='lat'>·</span> <span class='ocrx_word' id='word_1_215' title='bbox 304 3490 370 3556; x_wconf 87' lang='lat' dir='ltr'><strong>Ibd.</strong></span> <span class='ocrx_word' id='word_1_216' title='bbox 393 3492 422 3569; x_wconf 79' lang='lat'><strong>9,</strong></span> <span class='ocrx_word' id='word_1_217' title='bbox 447 3494 484 3557; x_wconf 74' lang='lat'><strong>1:</strong></span> <span class='ocrx_word' id='word_1_218' title='bbox 524 3493 593 3559; x_wconf 78' lang='lat' dir='ltr'><strong>liet</strong></span> <span class='ocrx_word' id='word_1_219' title='bbox 619 3493 866 3578; x_wconf 80' lang='lat' dir='ltr'><strong>plurifariam</strong></span> <span class='ocrx_word' id='word_1_220' title='bbox 889 3493 1102 3562; x_wconf 71' lang='lat' dir='ltr'><strong>ridere...</strong></span> <span class='ocrx_word' id='word_1_221' title='bbox 1131 3497 1262 3581; x_wconf 84' lang='lat' dir='ltr'><strong>plere·</strong></span> 
     </span>
     <span class='ocr_line' id='line_1_31' title="bbox 200 3598 1263 3680; baseline 0.006 -19"><span class='ocrx_word' id='word_1_222' title='bbox 200 3616 275 3680; x_wconf 83' lang='lat' dir='ltr'><strong>qne</strong></span> <span class='ocrx_word' id='word_1_223' title='bbox 297 3598 490 3664; x_wconf 81' lang='lat' dir='ltr'><strong>venabula</strong></span> <span class='ocrx_word' id='word_1_224' title='bbox 593 3600 649 3664; x_wconf 89' lang='lat' dir='ltr'><strong>ite</strong></span> <span class='ocrx_word' id='word_1_225' title='bbox 683 3599 808 3665; x_wconf 84' lang='lat' dir='ltr'><strong>inisse</strong></span> <span class='ocrx_word' id='word_1_226' title='bbox 840 3598 970 3665; x_wconf 89' lang='lat' dir='ltr'><strong>medie</strong></span> <span class='ocrx_word' id='word_1_227' title='bbox 990 3602 1028 3664; x_wconf 92' lang='lat' dir='ltr'><strong>et</strong></span> <span class='ocrx_word' id='word_1_228' title='bbox 1048 3602 1263 3669; x_wconf 87' lang='lat' dir='ltr'><strong>inoommn·</strong></span> 
     </span>
     <span class='ocr_line' id='line_1_32' title="bbox 202 3703 1263 3788; baseline 0.004 -22"><span class='ocrx_word' id='word_1_229' title='bbox 202 3703 286 3779; x_wconf 86' lang='lat' dir='ltr'><strong>nin,</strong></span> <span class='ocrx_word' id='word_1_230' title='bbox 318 3709 362 3769; x_wconf 92' lang='lat' dir='ltr'><strong>ut</strong></span> <span class='ocrx_word' id='word_1_231' title='bbox 390 3705 633 3788; x_wconf 76' lang='lat' dir='ltr'><strong>significare</strong></span> <span class='ocrx_word' id='word_1_232' title='bbox 760 3708 925 3788; x_wconf 85' lang='lat' dir='ltr'><strong>possent</strong></span> <span class='ocrx_word' id='word_1_233' title='bbox 955 3706 1052 3772; x_wconf 87' lang='lat' dir='ltr'><strong>duee</strong></span> <span class='ocrx_word' id='word_1_234' title='bbox 1089 3708 1198 3774; x_wconf 91' lang='lat' dir='ltr'><strong>inter</strong></span> <span class='ocrx_word' id='word_1_235' title='bbox 1229 3722 1263 3772; x_wconf 88' lang='lat' dir='ltr'><strong>se</strong></span> 
     </span>
     <span class='ocr_line' id='line_1_33' title="bbox 203 3811 1263 3896; baseline 0.005 -23"><span class='ocrx_word' id='word_1_236' title='bbox 203 3827 263 3874; x_wconf 90' lang='lat' dir='ltr'><strong>res</strong></span> <span class='ocrx_word' id='word_1_237' title='bbox 297 3812 525 3879; x_wconf 80' lang='lat' dir='ltr'><strong>contrarias.</strong></span> <span class='ocrx_word' id='word_1_238' title='bbox 579 3811 784 3879; x_wconf 79' lang='lat' dir='ltr'><strong>Idoodioibus</strong></span> <span class='ocrx_word' id='word_1_239' title='bbox 817 3831 914 3896; x_wconf 89' lang='lat' dir='ltr'><strong>nuper</strong></span> <span class='ocrx_word' id='word_1_240' title='bbox 938 3815 1108 3878; x_wconf 78' lang='lat' dir='ltr'><strong>retractum</strong></span> <span class='ocrx_word' id='word_1_241' title='bbox 1131 3814 1263 3880; x_wconf 85' lang='lat' dir='ltr'><strong>hoein·</strong></span> 
     </span>
     <span class='ocr_line' id='line_1_34' title="bbox 204 3917 1264 3994; baseline 0.008 -17"><span class='ocrx_word' id='word_1_242' title='bbox 204 3917 439 3994; x_wconf 76' lang='lat' dir='ltr'><strong>eommunia,</strong></span> <span class='ocrx_word' id='word_1_243' title='bbox 464 3918 646 3984; x_wconf 82' lang='lat' dir='ltr'><strong>Tertulliani</strong></span> <span class='ocrx_word' id='word_1_244' title='bbox 659 3918 1084 3994; x_wconf 70' lang='lat' dir='ltr'><strong>auotoriteteoonfirrnetnm</strong></span> <span class='ocrx_word' id='word_1_245' title='bbox 1106 3919 1264 3986; x_wconf 82' lang='lat' dir='ltr'><strong>sententie</strong></span> 
     </span>
     <span class='ocr_line' id='line_1_35' title="bbox 200 4020 1265 4109; baseline 0.003 -24"><span class='ocrx_word' id='word_1_246' title='bbox 200 4020 626 4103; x_wconf 71' lang='lat' dir='ltr'><strong>mememeentnriem,eni</strong></span> <span class='ocrx_word' id='word_1_247' title='bbox 635 4024 930 4109; x_wconf 78' lang='lat' dir='ltr'><strong>eonveniebetquod</strong></span> <span class='ocrx_word' id='word_1_248' title='bbox 941 4024 1265 4100; x_wconf 88' lang='lat' dir='ltr'><strong>edebntnr‚oommn·</strong></span> 
     </span>
     <span class='ocr_line' id='line_1_36' title="bbox 200 4126 1265 4215; baseline 0.002 -23"><span class='ocrx_word' id='word_1_249' title='bbox 200 4127 274 4192; x_wconf 83' lang='lat' dir='ltr'><strong>nie.</strong></span> <span class='ocrx_word' id='word_1_250' title='bbox 294 4180 295 4185; x_wconf 59' lang='grc'>,</span> <span class='ocrx_word' id='word_1_251' title='bbox 312 4126 373 4194; x_wconf 81' lang='lat' dir='ltr'><strong>sen</strong></span> <span class='ocrx_word' id='word_1_252' title='bbox 385 4134 468 4196; x_wconf 90' lang='lat' dir='ltr'><strong>reote</strong></span> <span class='ocrx_word' id='word_1_253' title='bbox 479 4131 614 4215; x_wconf 79' lang='lat' dir='ltr'><strong>eoaque</strong></span> <span class='ocrx_word' id='word_1_254' title='bbox 626 4131 792 4197; x_wconf 86' lang='lat' dir='ltr'><strong>editiones:</strong></span> <span class='ocrx_word' id='word_1_255' title='bbox 815 4131 940 4196; x_wconf 88' lang='lat' dir='ltr'><strong>medie</strong></span> <span class='ocrx_word' id='word_1_256' title='bbox 961 4133 999 4196; x_wconf 90' lang='lat' dir='ltr'><strong>et</strong></span> <span class='ocrx_word' id='word_1_257' title='bbox 1013 4130 1051 4192; x_wconf 79' lang='lat' dir='ltr'><strong>in</strong></span> <span class='ocrx_word' id='word_1_258' title='bbox 1074 4133 1265 4195; x_wconf 73' lang='lat' dir='ltr'><strong>eommost</strong></span> 
     </span>
    </p>
   </div>
   <div class='ocr_carea' id='block_1_7' title="bbox 0 0 1339 5084">
    <p class='ocr_par' dir='ltr' id='par_1_10' title="bbox 0 0 1339 5084">
     <span class='ocr_line' id='line_1_37' title="bbox 0 0 1339 5084; baseline 0 0"><span class='ocrx_word' id='word_1_259' title='bbox 0 0 1339 5084; x_wconf 95' lang='lat' dir='ltr'><strong> </strong></span> 
     </span>
    </p>
   </div>
  </div>
 </body>
</html>
