2662 5046
439 682 578 740 Ciceronis
597 683 734 754 specle.
1009 681 1070 746 237

45 884 178 949 eodem
200 881 348 948 timore
381 881 698 958 inimicitiarum,
732 882 943 950 recentium
974 883 1112 960 etiam,
1150 918 1152 923 s

45 993 112 1056 aut:
144 998 200 1052 eet
232 989 272 1050 in
309 987 445 1055 eodem
467 988 613 1053 timore.
656 985 859 1055 Dicercturne
879 1008 1113 1074 essemngno

48 1097 188 1162 timore
225 1094 293 1175 (hic
315 1095 354 1172 V,
379 1093 429 1170 14,
454 1094 504 1176 2),
538 1093 675 1160 dubitem
698 1093 773 1162 olim
804 1113 908 1177 opusc.
937 1094 1022 1161 seed.
1044 1096 1060 1160 I
1082 1116 1112 1179 p.

53 1201 119 1279 193,
145 1201 200 1267 nbi
222 1200 405 1266 confirmavi
426 1202 509 1267 recte
531 1201 591 1267 dici
612 1219 698 1267 csse
712 1202 860 1266 eterna
880 1200 1005 1285 gloria
1026 1201 1112 1282 (add.

51 1305 203 1374 tedirin
226 1307 253 1380 1,
290 1305 342 1383 38,
381 1305 471 1372 Corn.
506 1305 713 1391 Nepiipsm.
738 1305 773 1384 2,
805 1306 917 1391 longe
950 1306 1112 1374 marimo
1239 1345 1248 1358 -

53 1410 402 1488 concremento,
424 1412 498 1477 Tac.
521 1412 593 1479 hist.
615 1413 641 1484 Ι,
663 1411 729 1494 64).
773 1411 868 1477 Esse
891 1431 1023 1496 magno
1044 1413 1115 1479 ali·

54 1521 157 1585 cuins
190 1518 393 1584 beneficio
424 1517 537 1602 legitur
564 1517 696 1601 Philipp.
729 1517 815 1594 vm,
849 1517 899 1596 18,
931 1517 972 1582 ad
1003 1518 1114 1585 Famil.

56 1622 118 1698 Vll,
139 1625 198 1701 30;
238 1642 325 1690 esse
346 1624 430 1689 odio
451 1636 585 1708 magno
607 1626 666 1688 act.
689 1621 704 1685 I
727 1625 757 1689 in
780 1625 869 1692 Verr.
893 1623 935 1686 42
958 1625 1114 1701 (minore

57 1751 93 1796 se
119 1729 273 1796 invidie
302 1730 403 1804 iore,
433 1731 522 1795 Corn.
544 1729 583 1794 N.
609 1728 699 1795 Eum.
725 1730 743 1790 7
755 1753 763 1808 ;
796 1730 905 1794 tanta
939 1728 1114 1794 caritate

59 1857 136 1903 esse
169 1837 238 1901 Liv.
273 1834 306 1907 1,
344 1834 410 1912 54);
444 1835 543 1918 pari,
580 1853 719 1919 magno
756 1833 928 1917 periculo
963 1853 1052 1901 esse
1083 1834 1116 1898 in

59 1941 208 2007 codicibus
242 1939 376 2006 Cornelii
407 1939 536 2022 Nepotis
568 1941 711 2007 scribitur
745 1941 818 2006 Det.
854 1942 883 2017 5,
917 1940 1052 2006 Hamilc.
1085 1939 1116 2017 2,

61 2045 186 2111 Hannib.
209 2045 240 2110 9.

151 2152 219 2217 lbd.
256 2149 304 2226 13,
338 2151 376 2215 3:
419 2149 528 2217 Nihil
561 2169 616 2216 me
649 2152 819 2230 adiuvit,
853 2171 934 2219 cum
962 2158 1115 2236 posset3

59 2256 117 2342 [et]
138 2259 279 2341 postea
297 2256 380 2347 init
400 2257 564 2329 emices.
600 2256 869 2331 etiamalio,
893 2276 1050 2342 ecquam
1073 2259 1143 2327 oi>⁴

60 2379 229 2440 cansam,
262 2363 381 2445 plane
416 2362 559 2428 nescio.
614 2362 760 2429 Codices:
797 2366 837 2430 et
868 2358 976 2448 qu'am
1010 2366 1055 2430 ob
1090 2383 1117 2430 c.

62 2470 164 2550 plane
197 2468 289 2535 scio.
333 2469 430 2534 Scrib.
462 2490 539 2544 aec,
572 2487 691 2552 qnam
724 2470 769 2534 ob
799 2488 970 2547 causam,
1002 2455 1117 2553 plane
1205 2460 1214 2479 '

61 2593 152 2641 sero.

152 2681 221 2746 lbd.
249 2677 287 2742 13
309 2682 339 2744 A
361 2682 452 2746 exin:
484 2678 601 2758 'Quod
634 2680 667 2760 si
696 2695 771 2746 tina
797 2699 936 2758 essem,
969 2677 1118 2763 aliquid

62 2785 228 2852 tortasse
264 2785 463 2868 proficere
494 2803 650 2867 possem
686 2784 810 2852 videri
853 2785 910 2864 (Μ.
952 2784 1118 2869 prosici-

62 2909 163 2958 scere
199 2909 353 2974 possum
376 2891 538 2970 videre);
570 2910 671 2956 nunc
704 2891 997 2975 exspectatione
1034 2908 1119 2954 crn-

63 2997 143 3063 cicr.
175 2998 247 3063 Non
267 2998 380 3082 egitur,
401 2996 473 3080 quid
489 2997 605 3062 Balbus
620 2995 714 3062 videri
726 2997 833 3078 possit,
856 2995 1120 3079 sesquinonus

64 3108 148 3183 esset,
160 3104 311 3188 proficere
322 3104 427 3186 posset
437 3103 494 3168 aut
502 3102 612 3168 saltem
623 3122 710 3186 posse
719 3121 752 3168 se
765 3102 904 3168 crederet
914 3122 951 3167 ac
965 3101 1119 3168 videretur

67 3212 124 3283 (ant
144 3210 354 3294 proiecturum
376 3208 525 3274 sciuisse
548 3208 675 3287 credat).
721 3206 923 3274 Scribonium
945 3209 1010 3275 eet:
1031 3226 1119 3290 pro·

65 3313 175 3381 ficere
195 3336 304 3400 posse
336 3315 485 3376 viderer
526 3315 594 3378 aut:
626 3334 739 3398 posce
768 3313 862 3376 oniti
887 3314 1050 3392 viderer,
1084 3317 1119 3379 ut

68 3438 94 3486 er
114 3420 296 3506 compendio
316 3420 502 3506 pronominis
524 3421 625 3485 crtum
647 3421 775 3503 putetur
795 3443 826 3482 m
847 3426 1038 3504 (possum).

155 3526 227 3595 ibd.
262 3528 313 3604 14,
345 3526 379 3590 2:
417 3525 514 3591 nihil
547 3519 754 3591 O'urionem
787 3543 826 3590 sc
849 3524 996 3605 (Caesare)
1026 3525 1120 3590 duee

66 3630 201 3707 fecere,
235 3632 339 3716 quod
369 3651 444 3697 non
477 3631 541 3696 hic
574 3630 762 3713 (Pompeius)
795 3630 906 3696 Sulla
929 3631 1032 3696 'duee
1065 3631 1121 3694 fe-

67 3739 191 3816 cisset3
220 3739 267 3803 ad
289 3738 557 3811 ambitionem,
586 3736 724 3819 quibus
747 3736 857 3801 exilii
878 3755 987 3818 pena
1008 3754 1122 3818 supe·

68 3844 232 3911 rioribus
253 3844 404 3928 legibus
427 3862 496 3915 chon
517 3842 678 3915 inisset,
715 3841 758 3907 ab
782 3840 855 3904 illo
876 3841 1015 3923 patria
1037 3859 1122 3924 pro-

69 3944 207 4014 ditores
230 3946 273 4012 de
293 3947 412 4012 exilio
434 3947 619 4013 reductos
641 3966 738 4013 esse.
796 3946 921 4032 Requiri
944 3965 962 4011 a
988 3966 1042 4021 se,
1073 3946 1122 4011 cni

69 4053 246 4118 contrarium
269 4052 450 4118 subiiciatur
471 4053 515 4135 ab
536 4053 623 4131 illo,
645 4054 736 4119 multi
757 4054 988 4125 intellexerunt;
1013 4052 1123 4118 inillis

70 4157 110 4221 ed
128 4158 388 4225 ambitionem
416 4159 515 4242 possit
540 4159 652 4242 aliquis
674 4159 792 4241 opinari
813 4160 948 4233 subesse,
983 4158 1062 4242 quod
1083 4157 1124 4222 ed

73 4257 217 4330 hominnm
252 4284 350 4349 genus
387 4265 554 4330 notandum
596 4264 751 4348 pertineat
785 4265 881 4343 (velut
920 4265 1123 4330 damnatos

74 4369 261 4447 ambitus);
296 4369 350 4435 sed
373 4389 471 4456 neque
492 4370 582 4436 facile
604 4369 770 4453 quidquam
792 4371 923 4436 efficitur
944 4371 983 4436 ad
1003 4370 1125 4435 littera-

78 4486 134 4565 tim
155 4476 287 4561 vestigia
309 4477 425 4559 aptum,
453 4494 552 4561 neque
584 4473 834 4541 commodissime
856 4476 1006 4542 nniversae
1027 4464 1124 4560 signi·
