2654 5010
506 651 627 708 Tacitus.
999 652 1059 717 245

29 847 164 912 duarum
180 849 351 913 litterarum
367 848 539 917 adiectione
560 849 657 914 altero
679 851 898 916 accusandi
921 852 1024 915 ortum
1047 851 1100 931 sit,

31 973 91 1018 non
116 953 238 1020 definio.

137 1061 214 1126 lbid.
228 1061 285 1124 56:
308 1060 414 1125 lllue
436 1056 629 1126 Claudius
651 1063 799 1140 Labeo,
823 1082 929 1146 quem
952 1065 1101 1145 captum

31 1170 73 1233 et
96 1172 209 1232 extra
231 1166 364 1232 cumtu
389 1166 644 1234 amandatum
673 1170 712 1234 in
737 1169 891 1236 Frisios
912 1169 1103 1248 diximus,

29 1274 241 1358 corruptis
274 1273 515 1339 custodibus
547 1275 742 1358 perfugit.
796 1274 883 1340 Nihil
907 1296 943 1341 ox
964 1276 1012 1355 iis,
1035 1295 1102 1359 quaa

33 1399 88 1464 pro
112 1384 253 1462 corrupto
275 1380 423 1445 vocabulo
438 1380 676 1460 substituuntur,
692 1381 764 1446 ferri
780 1383 899 1465 potost;
915 1402 987 1448 uam
1006 1377 1104 1466 neque

31 1488 257 1552 conventus
282 1486 350 1569 quis
381 1485 431 1551 lric
461 1486 626 1571 significari
654 1489 762 1569 possit,
785 1489 981 1572 intelligitur,
1004 1507 1103 1573 neque

30 1593 117 1676 quod
150 1591 388 1664 confinium,
422 1597 507 1657 extra
536 1593 617 1676 quod
647 1593 748 1659 Labeo
780 1596 971 1673 amandetur,
1005 1613 1103 1678 neque

31 1698 112 1782 quid
134 1699 177 1763 sit
202 1700 315 1763 extra
343 1702 604 1765 commeatum
637 1700 810 1776 amandari3
835 1719 905 1768 nam
929 1721 998 1766 cum
1020 1720 1106 1767 com·

31 1807 142 1871 meatu
171 1811 225 1871 aut
253 1804 319 1870 siue
346 1809 520 1871 commeatu
553 1807 636 1870 abire
666 1807 775 1889 aliquis
802 1807 928 1884 dicitur;
952 1807 1011 1872 uisi
1035 1808 1104 1890 quis

32 1913 116 1977 forte
138 1930 174 1977 eo
197 1910 397 1977 amendatum
419 1912 592 1977 Labeonem
615 1912 674 1978 dici
697 1913 796 1996 putat,
819 1913 882 1993 ubi,
913 1914 995 1996 qood
1020 1919 1105 1980 coin·

31 2020 158 2085 meatus
181 2018 257 2083 nulli
280 2019 428 2096 venirent,
460 2019 542 2083 fame
569 2018 760 2100 pereundum
784 2022 876 2085 esset.
920 2020 1050 2085 Rectam
1072 2023 1106 2085 et

33 2128 143 2209 aptam
175 2125 359 2189 senteutiam
391 2124 488 2190 efficit
521 2129 633 2192 extra
664 2124 891 2194 commilitium.
936 2125 1044 2192 Solum
1066 2126 1105 2193 ab

34 2231 174 2296 militurn
207 2249 331 2313 corpore
363 2235 395 2297 et-
427 2233 609 2298 commercio
640 2233 816 2315 separatum
846 2237 878 2298 et
906 2232 1104 2298 amandatum

34 2338 213 2403 Labeonem
243 2338 369 2403 Tacitus
396 2337 489 2416 dicit3
518 2357 612 2421 supra
633 2358 659 2404 e.
684 2339 723 2402 18
752 2340 782 2404 in
811 2338 944 2405 exercitu
975 2340 1107 2404 retinere

35 2463 110 2509 eom
133 2443 261 2509 Civilem
285 2443 418 2509 uoluisse
439 2444 567 2510 dixerat.
617 2445 684 2511 Non
714 2445 890 2529 infrequens
912 2447 991 2529 apud
1014 2445 1105 2511 huius

34 2551 140 2615 aetatis
163 2548 327 2632 scriptores
355 2550 593 2616 commilitii
617 2570 725 2617 nomen
757 2556 805 2617 est
833 2556 865 2617 et
893 2553 974 2636 apud
1004 2551 1105 2634 ipsum

33 2656 183 2723 Tacitum
205 2657 319 2740 legitur
340 2658 421 2722 Ann.
444 2658 477 2734 I,
492 2659 543 2722 60.

140 2762 217 2829 lbid.
244 2763 284 2825 ll
306 2764 350 2840 (iu
374 2762 504 2830 Cerialis
532 2765 611 2846 apud
634 2765 776 2828 Treviros
803 2767 836 2830 et
859 2765 1009 2850 lingonas
1033 2781 1117 2855 con-y

34 2868 155 2947 tione):
178 2867 312 2951 Regna
334 2870 524 2954 bellaque
547 2870 787 2952 perGallias
810 2889 966 2952 semper
989 2871 1108 2948 luere,

35 2976 165 3040 donec
186 2974 224 3039 in
248 2977 428 3042 nostrum
449 2975 512 3043 ius
535 2975 829 3042 concederetis.
865 2976 960 3052 Nos,
983 2993 1108 3058 quam·

36 3097 153 3162 quarn
187 3082 318 3149 toties
352 3081 558 3162 lacessiti,
591 3082 890 3149 iure'victoria
919 3083 958 3147 id
980 3081 1108 3146 solum

36 3186 156 3251 vobis
179 3186 428 3267 addidimus,
459 3208 533 3272 quo
559 3208 693 3272 pacem
716 3191 922 3254 tueremur
943 3194 1000 3254 cet.
1045 3186 1108 3252 Da·

36 3293 126 3358 tirus
152 3294 253 3376 inepte
276 3294 334 3360 hoc
359 3295 425 3362 loco
447 3295 599 3375 adiicitur,
630 3297 680 3361 ubi
703 3296 741 3362 de
763 3296 893 3361 vinculis
914 3297 946 3359 et
966 3293 1109 3358 oneribus

38 3399 197 3480 impositis
219 3401 336 3484 agitur;
358 3420 396 3466 ne
419 3402 456 3467 de
479 3401 637 3469 beneficiis
668 3402 792 3486 quidem
823 3402 936 3467 usitate
958 3399 1111 3465 diceretur

37 3498 162 3589 populo*
183 3504 274 3572 alicui
304 3506 421 3590 aliquid
449 3508 521 3574 addi
548 3509 609 3575 nisi
639 3510 717 3574 forte
740 3508 907 3573 definiam
930 3505 1108 3573 adiectione.

40 3613 197 3694 Scriptum
221 3613 338 3678 iuerat:
368 3613 406 3679 id
428 3615 557 3681 solum
580 3615 654 3682 novi
675 3604 921 3694 addidimus,
951 3613 1110 3696 aptissime
1136 3611 1139 3619 '
1207 3694 1209 3701 s

39 3720 73 3783 in
98 3717 263 3800 superioris
285 3724 317 3785 et
331 3722 406 3794 eius,
422 3740 491 3804 quae
506 3739 586 3787 uonc
601 3723 652 3799 sit,
666 3720 853 3787 condicionis
869 3718 1108 3802 comparatione.

144 3836 223 3901 ibid.
246 3839 284 3901 77
315 3839 367 3915 (de
396 3839 554 3905 Gallorum
586 3839 868 3923 Germanorumque
894 3837 925 3904 iu
955 3837 1110 3902 Romanos

41 3941 197 4024 impetum
220 3944 316 4010 Pars
339 3947 542 4012 montibus
571 3946 644 4012 alii
673 3945 748 4011 alii
771 3946 875 4011 viam
897 3946 1007 4010 inter
1030 3932 1111 4008 llo·

42 4050 269 4133 sellamque
297 4050 448 4118 flumen
479 4057 557 4119 tam
586 4052 802 4134 improvisi
824 4052 1044 4127 assiluere,
1067 4052 1111 4114 ut

42 4160 102 4222 eet.
147 4157 242 4224 Recte
264 4159 326 4223 iam
347 4159 465 4241 pridem
487 4158 642 4225 sublatum
665 4164 732 4224 erat
753 4148 884 4224 alterum
906 4156 999 4232 alii,
1021 4154 1110 4219 addi-

41 4269 110 4329 tum
133 4264 173 4330 ab
195 4263 305 4348 aliquo,
328 4266 377 4330 cui
398 4265 536 4338 notabile
558 4265 657 4331 risum
679 4266 745 4330 erat
767 4282 857 4347 pars
874 4298 911 4311 -
928 4260 1011 4328 alii.
1050 4259 1122 4325 Sed

43 4377 185 4454 superest
206 4373 385 4456 scrupulum
417 4391 486 4455 quae
520 4374 568 4438 est
600 4370 680 4438 euim
713 4369 769 4435 illa
799 4372 879 4449 uia,
902 4372 934 4434 et
955 4387 1008 4434 cur
1029 4371 1110 4434 inter

45 4478 127 4542 riam
163 4480 195 4543 et
228 4477 390 4544 Mosellam
424 4499 460 4545 ac
491 4496 549 4543 non
580 4480 645 4559 ipsa
667 4478 716 4542 via
739 4476 884 4543 Germani
906 4476 1114 4542 assilueruut?
