2678 5018
549 648 686 704 Horatius.
1059 648 1101 712 59

77 846 229 912 adiuncto.
288 845 410 911 Omitto
433 845 502 910 alia.
557 846 670 911 Videat
706 847 783 912 mihi
805 864 884 911 nuuc
905 846 1025 929 aliquis,
1050 864 1142 929 quam

78 954 180 1019 omnia
200 953 291 1018 facile
313 952 524 1035 expediantur.
578 954 735 1031 Horatius,
757 954 904 1036 exposito,
926 971 1017 1035 quam
1039 951 1072 1015 iu
1093 951 1143 1016 iu·
1275 963 1279 975 “

79 1061 199 1125 felicem
232 1062 351 1124 statum
386 1059 557 1140 respublica
586 1060 773 1145 populusque
810 1061 966 1125 Romanus
998 1058 1140 1124 redactus

81 1168 130 1244 sit,
154 1167 301 1250 primunr,
324 1168 360 1230 ut
383 1184 417 1229 se
441 1166 521 1231 cives
544 1185 560 1230 e
581 1166 681 1240 malis,
703 1166 841 1249 eripiant,
858 1165 1049 1231 exhortatur:

188 1349 189 1354 γ
415 1271 502 1336 Forte
524 1273 596 1355 quid
618 1272 773 1357 expediat!
815 1301 817 1308 2

79 1378 134 1443 boc
156 1381 225 1451 est,
246 1377 325 1442 forte
347 1378 469 1461 aliquod
502 1378 683 1455 remedium.
726 1376 841 1441 Deinde
865 1378 983 1460 quaeerit,
1005 1376 1143 1442 velintne

80 1489 132 1548 aut
162 1502 273 1549 omnes
306 1486 360 1547 aut
388 1484 499 1549 saltem
532 1485 670 1550 meliores
702 1484 779 1549 salvi
801 1502 878 1560 esse,
911 1485 943 1547 et
978 1481 1139 1547 eonsilium

80 1590 232 1671 promittit
253 1590 365 1665 (itaut
386 1590 581 1674 interrogatio
602 1610 657 1672 pro
678 1591 847 1655 conditione
869 1591 939 1666 sit):

260 1734 261 1737 =
387 1700 388 1703 ’
441 1696 650 1760 Communiter
668 1703 720 1760 aut
741 1696 850 1761 melior
870 1715 941 1779 pars

284 1829 286 1835 s
315 1800 406 1866 malis
436 1820 540 1869 carere
555 1802 698 1886 ,quaeritis
719 1803 899 1868 laboribus?

313 1909 408 1974 Nulla
429 1910 470 1975 sit
490 1909 667 1992 hacpotior
688 1909 858 1974 sententia:

79 2015 150 2092 (cu.
174 2013 234 2079 Od.
258 2015 281 2090 I,
316 2016 366 2092 27,
401 2017 434 2078 9:
477 2014 574 2078 Vallis
600 2016 694 2079 seueri
714 2036 762 2077 mc
784 2032 1036 2099 qaoquccamere
1063 2031 1143 2095 paea-

79 2134 134 2184 tem
156 2116 308 2183 Falerni?
351 2121 449 2184 Dicat
477 2121 617 2207 (pantica
630 2121 733 2205 frater
754 2119 897 2204 ruepillae,
921 2120 995 2202 cet.)

177 2230 247 2292 Iam
271 2229 373 2311 ipsum
395 2229 543 2312 sequitur,
581 2227 660 2311 quod
681 2226 738 2291 boc
772 2226 951 2311 (sententia)
983 2222 1139 2310 significa-

76 2336 144 2400 tum
167 2338 244 2409 erat,
267 2335 445 2400 consilium:

742 2441 939 2506 Phooceomm

280 2546 367 2612 velut
386 2547 521 2632 profugit
542 2543 698 2613 exsecrata
720 2547 828 2612 civitas

213 2671 304 2736 agros
326 2651 418 2737 atqu'e
440 2655 519 2720 lares
542 2653 656 2737 patrios
677 2652 904 2735 habitandaque
925 2649 998 2715 lana
1129 2660 1131 2665 “

280 2760 361 2841 apris
392 2762 516 2844 reliquit
537 2762 568 2824 et
590 2759 749 2842 rapacibus
770 2759 859 2841 lupis,

213 2865 260 2939 ite,
283 2866 375 2948 pedes
387 2885 564 2950 quocunque
576 2866 684 2940 ferent
695 2883 871 2950 quocunque
886 2883 940 2947 per
954 2861 1062 2936 undas,
1078 2862 1138 2926 cet.

78 2968 181 3036 Unam
203 2972 341 3036 litteram
363 2973 489 3048 mutavi
513 2974 551 3035 ite
571 2992 625 3057 pro
647 2973 748 3037 irent
770 2974 858 3038 esset.

181 3074 294 3153 Sati,
316 3078 346 3157 3,
370 3079 418 3143 71.
452 3129 454 3141 .
477 3079 582 3145 Oratio
609 3080 671 3144 iero
698 3098 758 3145 uon
789 3080 870 3144 recte
893 3075 1053 3150 dividitur3
1070 3073 1140 3143 aest

77 3183 161 3247 euim
185 3183 225 3248 ad
251 3183 332 3248 huuc
355 3185 480 3251 modum
503 3185 760 3270 interpungenda:

465 3293 593 3357 Amicus
615 3291 723 3368 dulcis,
745 3295 780 3356 ut
801 3308 932 3374 aequum
946 3292 1003 3361 est,

164 3413 237 3460 cum
258 3416 328 3461 mea
350 3402 528 3481 compenset
548 3398 632 3464 vitiis
654 3399 746 3474 bona;
767 3399 903 3483 pluribus
924 3396 1018 3470 hisco,

163 3500 192 3565 si
213 3501 303 3566 modo
324 3503 411 3586 plura
433 3505 510 3569 mihi
531 3506 609 3569 bona
630 3505 712 3580 sunt,
734 3498 870 3569 inclinet
914 3500 1022 3566 Amari

161 3607 189 3672 si
211 3608 292 3672 volet
311 3609 369 3674 hac
390 3611 469 3694 lege,
491 3612 522 3674 iu
545 3611 660 3676 trutina
681 3614 810 3694 ponetur
832 3611 948 3676 eadem.
991 3642 993 3647 s

179 3713 278 3779 Priori
300 3717 460 3781 sententiae
481 3736 573 3800 prave
595 3717 772 3802 adiungitur
792 3716 937 3781 condicio.
950 3716 974 3795 ¹)
997 3711 1073 3798 [Sed
1094 3709 1142 3777 sio

45 3906 47 3909 Ι
76 3819 139 3884 iam
162 3819 241 3903 alii]
284 3820 343 3898 (Do
364 3822 389 3899 Ι,
412 3822 441 3901 6,
461 3823 504 3887 38
526 3824 641 3889 dictum
665 3826 713 3890 est
734 3825 794 3889 vol.
817 3824 843 3898 Ι,
867 3823 925 3886 105
948 3828 991 3900 u.)

180 3924 244 3989 Sat.
277 3926 317 4000 ΙΙ,
349 3928 378 4007 1,
410 3928 456 3998 ,54
476 3947 557 4012 sqq.
591 3929 686 3994 oratio
719 3931 763 3996 sic
796 3929 955 3996 scribenda
986 3931 1018 3994 et
1045 3927 1140 3992 iuter-

78 4031 242 4116 pungeuda
262 4031 400 4098 videtur:
441 4102 445 4113 x
759 4076 760 4079 =

110 4367 131 4433 ¹)
149 4368 182 4423 Iu
200 4367 293 4423 amem
312 4371 361 4423 aet
381 4371 398 4425 3
415 4386 439 4422 v.
463 4372 679 4426 aeconomum
695 4384 832 4439 umorem,
851 4369 1018 4441 quodsideo
1036 4388 1052 4427 a
1069 4369 1143 4426 uer-

150 4460 216 4516 vssio
236 4462 325 4516 nescio
342 4478 394 4532 quo
410 4465 575 4534 occupatum.
