2654 5010
234 298 296 360 m
596 292 864 363 mmmm

192 512 340 578 nmquam
361 490 523 575 participio
545 492 600 556 aut
620 489 772 557 adiectivo
794 492 840 557 sic
862 492 971 574 posito
993 491 1146 569 adiunxit
1166 495 1198 558 ut
1218 493 1253 557 di-

184 602 278 667 ceret
308 600 395 665 serbi
426 616 517 664 censa
549 597 710 663 incerta
742 615 844 678 sape
877 616 1089 664 rumorum
1119 599 1256 665 antedi

193 726 350 789 semper
371 705 569 789 paludum.
613 705 721 787 ltaque
749 703 900 788 suspicari
934 722 1035 790 cogor
1061 707 1120 770 sub
1140 705 1193 771 hac
1211 706 1256 770 sd·

194 813 292 878 serbii
314 813 414 895 specie
442 811 567 877 subesse
595 809 821 877 substantivum
856 810 1065 893 Pliniumque
1097 812 1256 896 scripsisse:

191 922 384 1004 usurpatum
406 935 523 1004 saepem
545 916 720 981 collium.
773 915 826 981 Sic
855 916 1061 1000 appellantur
1091 918 1183 983 eolles
1202 918 1257 1001 pir·

187 1024 313 1103 nibem,
349 1041 417 1107 quae
449 1022 589 1086 inundari
620 1021 747 1098 solebat,
782 1020 949 1104 sepientes
986 1026 1023 1088 et
1060 1026 1258 1089 terminantes

195 1129 282 1194 ldem
297 1147 408 1194 nomen
429 1128 460 1192 in
483 1128 662 1194 adverbium
685 1147 785 1212 saepe
807 1128 1017 1211 depravatum
1033 1130 1161 1195 restitui
1185 1130 1259 1195 livio

166 1223 292 1312 ¹libii,
322 1235 371 1298 63.
442 1235 548 1300 Potest
590 1235 683 1300 etiam
725 1235 872 1317 scriptum
917 1235 1037 1301 inisse:
1082 1242 1259 1324 computu

192 1357 349 1422 semper
370 1343 569 1428 <saepen>
585 1339 766 1406 collium.

294 1444 372 1512 Ibid.
395 1447 436 1510 36
458 1448 523 1524 (obi
545 1446 702 1513 extollitur
730 1445 911 1512 beneficium
943 1446 1086 1527 Traiani,
1114 1450 1194 1533 quod
1219 1449 1260 1516 iis

185 1552 307 1635 -quibus
329 1553 408 1618 lisa
436 1553 510 1619 fisco
540 1553 753 1629 intentaretur,
787 1554 942 1636 optionem
977 1553 1133 1631 dedisset
1167 1559 1258 1620 utmn

194 1659 409 1725 communibus
431 1657 552 1726 iudiciis
576 1659 622 1724 uti
644 1659 759 1726 vellent
779 1679 818 1725 an
839 1659 920 1742 apud
945 1664 1183 1741 procuratorem
1197 1678 1258 1726 cru·

193 1782 260 1829 sam
284 1772 406 1850 agerem
423 1766 607 1832 Liberum
632 1766 694 1830 est
715 1768 844 1831 antem
867 1765 1135 1832 discriminis
1160 1764 1259 1841 „uolo

185 1869 261 1947 (alii
277 1871 519 1948 codicesnolo)
542 1890 626 1936 eum
649 1869 836 1955 eligeret
857 1869 997 1954 Neque
1021 1875 1130 1938 enim
1152 1871 1258 1937 ullam

194 1979 487 2044 necessitatem
510 1978 743 2043 muneribus
764 1977 848 2042 tuis
869 1977 1005 2057 addis,
1023 1978 1258 2064 utquiscirs

194 2082 294 2147 hanc
317 2102 405 2149 esse
427 2084 719 2151 beneficiorum
741 2084 1034 2169 principalium
1060 2103 1257 2160 summam,

193 2190 225 2253 si
248 2189 338 2254 illis
360 2193 399 2255 et
420 2210 491 2256 non
514 2191 575 2256 uti
594 2191 703 2257 licet.
735 2190 834 2270 Quam
855 2190 921 2256 haec
941 2192 998 2256 aut
1018 2189 1155 2257 licenter
1175 2193 1258 2255 inter·

192 2294 325 2377 polarint
346 2295 481 2363 editores
503 2299 557 2362 aut
578 2297 729 2363 violenter
751 2297 967 2374 enarraverint,
997 2297 1081 2362 nihil
1111 2317 1188 2382 opus
1214 2299 1254 2362 est

191 2403 300 2467 dicere.
345 2403 428 2482 Quid
449 2410 497 2469 est
519 2404 612 2479 euim,
634 2406 671 2468 ut
691 2403 864 2469 liberum
886 2403 1150 2471 discriminis
1171 2406 1254 2470 omit-

182 2511 266 2589 tam,
299 2510 510 2575 incredibilius
543 2528 637 2593 quam
668 2510 699 2572 in
732 2508 789 2574 bae
818 2510 956 2576 oratione
978 2509 1174 2576 audiendum
1195 2529 1253 2576 esse

190 2615 376 2682 infinitivum
392 2617 526 2682 dicere
547 2617 731 2692 (liberum
754 2619 816 2680 est
837 2615 1100 2682 discriminis
1122 2618 1252 2694 dicere)

181 2726 244 2788 aut
264 2741 430 2806 pronomen
454 2741 538 2789 eum
562 2741 617 2805 pro
636 2722 739 2788 huuc
762 2723 808 2788 vol
837 2722 953 2787 illum
980 2725 1055 2806 poni
1080 2728 1136 2789 aut
1154 2723 1251 2808 litiga·

186 2834 287 2896 torem
310 2830 462 2895 dicentem
484 2828 588 2895 induci
609 2829 781 2894 iudicem
804 2829 928 2911 eligo,
951 2830 1043 2911 quasi
1068 2830 1133 2896 ulla
1154 2831 1186 2895 in
1200 2830 1250 2894 hac

185 2955 219 3001 re
250 2935 401 3020 litigatori
435 2934 548 3000 electio
581 2935 670 3000 detur
696 2953 731 3000 ac
752 2953 811 2999 non
833 2935 897 3000 sola
918 2937 1099 3001 recusatio?
1147 2935 1248 3003 Omnia

186 3041 368 3124 planissima
395 3040 617 3125 aptissimaque
646 3041 754 3106 reddet
775 3059 836 3106 uua
860 3040 968 3105 littera
988 3043 1125 3118 mutata,
1147 3045 1247 3109 cetere

183 3147 298 3212 rectius
321 3147 501 3213 distributa.
545 3149 596 3213 Sic
618 3149 701 3214 enim
723 3147 843 3212 Plinius
861 3144 1044 3229 scripserat:
1069 3149 1247 3215 Liberum

184 3255 247 3317 est
269 3256 401 3319 entem
424 3253 600 3321 discrimini
621 3273 679 3321 suo
700 3253 801 3322 locun
825 3251 988 3336 eligere.
1021 3255 1071 3333 Ei,
1095 3258 1145 3322 cui
1166 3257 1247 3322 fiscus

183 3359 272 3424 litem
296 3359 442 3439 intentat,
461 3360 591 3427 liberum
614 3363 662 3427 est
683 3362 804 3445 eligere,
829 3363 897 3424 utro
918 3359 998 3434 loco,
1020 3364 1106 3446 apud
1121 3363 1246 3428 iudicem

181 3484 375 3531 communem
398 3485 436 3531 an
459 3466 542 3549 apud
563 3470 800 3551 procuratorem,
831 3466 995 3533 discrimen
1026 3486 1131 3534 causae
1152 3468 1245 3534 subire

180 3571 266 3636 velit.

283 3691 359 3756 lbid.
382 3692 439 3755 37:
468 3692 596 3757 Onera
618 3692 782 3775 imperii
803 3690 999 3774 pleraque
1022 3693 1242 3779 vectigalia

177 3793 348 3860 institui
370 3798 494 3880 utpro
511 3797 1242 3886 utilitatecommuniitesingulorum

176 3895 345 3966 iniuriis
366 3908 595 3987 coegerunt.
650 3907 731 3987 Quid
752 3908 793 3972 sit
815 3905 985 3972 iniuriis
1002 3908 1241 3994 ¹singulorum

176 4002 401 4071 instituere
423 4011 667 4095 vectigalia,
696 4032 785 4079 nemo
816 4013 935 4091 dixerit,
965 4015 1070 4081 minus
1094 4011 1240 4092 etiamsi

165 4109 242 4201 -quis
264 4114 511 4193 praepositionem
533 4124 603 4202 post
623 4119 682 4184 ite
703 4119 803 4184 audiri
827 4138 862 4184 cx
886 4120 983 4186 altero
1000 4125 1141 4189 membm
1157 4137 1237 4205 posse
