2654 5010
495 643 650 699 Suetonius.
1001 645 1063 709 249

32 855 224 923 quamquam
260 839 379 904 nullum
416 840 542 905 memini
585 859 651 906 esse
687 842 859 926 exemplum
894 843 927 908 in
964 842 1101 908 Suetonii

32 944 195 1010 codicibus
216 943 393 1012 huiusmodi
416 945 662 1030 permutationis.
760 995 761 999 ,

138 1073 244 1138 Vitell.
260 1076 316 1140 17:
340 1076 395 1140 Ab
416 1074 479 1140 bis
501 1077 710 1143 extractus
733 1097 749 1143 e
771 1077 1104 1154 latebra,soisei·

32 1181 191 1257 tantos,
214 1180 306 1263 quis
327 1185 550 1257 esset(nem
572 1182 906 1267 ignorabatur)ot
925 1183 994 1249 nbi
1016 1202 1105 1250 esse

33 1283 257 1350 Vitellium
279 1287 422 1364 eoiret,
444 1287 653 1355 mendacio
676 1289 812 1355 elusit.
856 1289 1010 1374 Perqnam
1028 1289 1104 1355 ridi·

33 1391 106 1456 onle
139 1390 306 1477 interroget
329 1391 500 1475 quispiam:
533 1394 608 1460 Ubi
641 1394 722 1461 seis
752 1395 969 1462 Vitellium
998 1399 1107 1462 esso?

34 1515 93 1580 pro
115 1514 161 1576 eo,
184 1500 264 1581 quod
280 1499 414 1565 estam:
436 1499 513 1566 Ubi
534 1503 596 1566 est
617 1500 842 1569 Vitellius?
864 1506 934 1569 ant:
957 1503 1106 1580 Solane,

34 1603 106 1668 ubi
128 1600 327 1670 Vitellius
350 1603 430 1670 sit?
473 1604 643 1689 Scripserat
671 1607 852 1674 Suetonius:
884 1609 1105 1675 sciscitan-

34 1715 117 1783 tes,
145 1711 233 1794 quis
262 1713 373 1776 esset
401 1719 501 1788 (nam
529 1711 808 1798 ignorabatur)
837 1719 892 1795 et,
922 1715 992 1781 nbi
1019 1718 1109 1781 esset

36 1813 202 1892 Vitellius,
231 1833 305 1882 unu
336 1817 478 1897 eoiret,
514 1817 723 1885 mendacio
756 1818 893 1886 elusit.
949 1821 1105 1886 Particula

35 1941 127 1986 num
162 1925 196 1987 ut
228 1941 299 1989 oum
332 1923 452 1989 Vitellii
485 1925 607 1990 nomine
640 1923 835 2000 coalesceret,
868 1930 1107 2009 nascereturque

34 2026 152 2094 deinde
174 2030 344 2096 necessario
367 2049 473 2110 esse,
501 2031 605 2096 effecit
633 2032 856 2098 sententiarum
879 2032 953 2098 ordo
974 2050 1034 2097 non
1056 2032 1108 2097 in·

34 2134 183 2200 telleotns
215 2143 316 2212 (num
350 2136 494 2213 sciret,
530 2138 596 2203 ubi
633 2138 743 2203 esset
777 2137 1002 2215 Vitellius).
1057 2138 1106 2216 (ln

35 2241 169 2306 eandem
191 2241 396 2308 coniecturam
419 2243 572 2310 incideret
593 2244 650 2310 Th.
675 2244 840 2323 lausaniae,
864 2244 986 2311 auditor
1006 2262 1107 2315 meus.

35 2366 130 2433 quem
155 2365 237 2413 mors
257 2351 443 2432 praematura
468 2353 594 2433 rapuit.)

487 2599 659 2667 luvenalis.

141 2764 287 2848 npoeus
310 2765 427 2832 Latinis
450 2768 602 2832 neminem
631 2766 681 2832 his
707 2766 873 2849 postremis
894 2767 983 2833 annis
1005 2767 1108 2832 inten-

36 2873 117 2938 tiore
140 2871 246 2937 stndio
267 2873 407 2937 tractavi.
455 2873 561 2957 ltaque
582 2890 675 2938 unum
697 2869 748 2937 bio
761 2889 872 2953 ponam
888 2870 928 2937 de
949 2870 1109 2937 luvenalis

35 2979 106 3044 loco
127 2976 334 3043 coniecturam
355 2977 430 3043 olim
455 2998 556 3045 errore
578 2999 597 3044 a
619 2998 669 3043 me
692 2977 850 3044 omissam.
896 2977 978 3043 Nam
1003 2976 1108 3054 l,144

38 3084 86 3149 sic
119 3084 237 3148 editur:
270 3084 373 3149 Hine
394 3092 444 3161 (ex
466 3085 628 3151 luxuriosis
651 3085 736 3150 cenis
757 3088 788 3150 et
809 3083 890 3168 gula
910 3082 1111 3165 intemperie)

39 3190 185 3254 subita
221 3193 368 3256 mortes
411 3194 533 3274 atque
575 3193 777 3257 intestata
819 3192 1010 3256 senectus
1047 3190 1108 3254 oet.

39 3295 166 3360 Subitus
198 3297 313 3362 mortes
345 3296 424 3363 elfini
446 3297 573 3365 cenandi
595 3296 714 3362 luxuria
735 3296 812 3362 nibil
835 3297 947 3360 mirum
971 3299 1030 3371 est,
1053 3292 1108 3360 sed

39 3402 117 3484 qnid
139 3419 176 3466 ea
195 3402 234 3466 ad
257 3405 446 3469 testamenta
467 3403 664 3486 impedienda
686 3403 847 3486 pertineat,
870 3420 930 3468 uon
954 3399 1109 3486 intelligo,

40 3526 139 3592 neque
172 3509 280 3592 magis,
313 3528 369 3574 our
401 3529 508 3576 senum
542 3509 673 3575 maxime
704 3513 893 3576 testamenta
924 3509 956 3574 in
988 3507 1045 3574 beo
1076 3527 1109 3572 re

40 3612 246 3699 appellentur.
290 3615 371 3696 Quid
392 3616 553 3699 potest-si
575 3615 729 3682 sententia
743 3616 905 3682 verborum
920 3613 1110 3697 explanetur,

40 3722 169 3787 stultius
191 3725 246 3788 aut
266 3721 439 3804 perversius
467 3722 527 3788 diei
555 3740 649 3805 qnam
681 3726 807 3806 propter
836 3721 963 3788 meandi
996 3722 1110 3787 iutern-

39 3827 211 3910 perautinm
234 3847 322 3894 senes
344 3829 534 3895 testamenta
557 3847 615 3893 non
638 3828 761 3895 facere?
782 3828 854 3894 Una
867 3828 973 3893 littera
987 3828 1109 3893 mutata

40 3934 174 4001 efficitur
188 3936 270 4001 reeta
284 3937 317 4001 et
333 3937 406 4018 apta
419 3935 590 4001 sententia:
608 3939 727 4017 atque
739 3932 897 4000 infestata
911 3951 978 3999 sen
987 3936 1111 3999 entus.

41 4041 192 4107 Senectus
226 4041 338 4107 subitis
373 4041 421 4106 bis
456 4043 489 4106 et
523 4040 717 4124 prumatnrls
753 4039 906 4105 mortibus
933 4039 1109 4112 infestetur,¹

40 4148 192 4231 paucique
224 4151 278 4213 sut
304 4148 382 4213 nulli
411 4165 478 4213 eam
509 4152 747 4230 consequuntur.
801 4146 918 4212 Eodem
954 4143 1114 4229 pertinent

42 4254 110 4320 sine
145 4254 212 4319 ulla
245 4256 502 4320 testamentorum
536 4251 770 4337 significatione,
804 4270 872 4337 qnae
906 4251 1111 4318 subiiciuntnr

42 4361 90 4438 (it
121 4378 220 4426 nora
251 4381 321 4426 nee
354 4359 495 4427 tristis
528 4377 596 4441 per
629 4360 796 4424 cunetas
828 4357 966 4425 sabula
993 4375 1115 4424 oenus

43 4471 114 4546 oet,
137 4468 189 4532 ubi
213 4468 426 4549 superstitiose
448 4465 627 4531 restitutum
650 4469 697 4530 est
718 4469 772 4543 et,
785 4466 883 4549 ‘qnasi
906 4465 971 4530 haeo
992 4466 1114 4540 eoeant,
