2656 5056
408 747 438 801 h.
459 747 564 802 Seneca
584 747 720 817 Epistola.
992 751 1053 812 517

28 946 203 1010 detrahe
236 947 299 1010 illi
332 946 405 1010 vim
440 945 653 1027 propriam,
680 952 725 1010 et
758 947 829 1011 ille
861 948 960 1013 nihil
1000 951 1097 1033 agit)

28 1054 63 1116 et
88 1052 159 1128 117,
181 1053 201 1113 8
228 1052 308 1129 (hoc
329 1055 371 1116 ut
393 1051 514 1125 scias,
547 1052 729 1125 neutrum
753 1071 836 1117 esse
861 1054 947 1119 sine
969 1054 1096 1119 altero

28 1160 177 1239 potest;
208 1157 269 1241 qui
297 1157 419 1239 sapit,
453 1156 605 1237 sapiens
635 1159 711 1230 est,
748 1158 811 1239 qui
841 1160 998 1241 sapiens
1022 1163 1096 1232 est,

28 1264 153 1346 sapit,
188 1264 280 1340 oet),
314 1265 349 1326 ut
381 1260 522 1325 omnibus
559 1261 657 1326 tribus
682 1262 792 1326 eodem
823 1264 914 1328 modo
946 1267 1096 1348 scriptum

28 1372 124 1434 luisse
145 1372 268 1451 putem:
303 1369 371 1432 hoc
404 1368 444 1430 ut
476 1366 599 1440 scias,
636 1366 694 1430 hoc
720 1370 823 1433 autem
847 1370 911 1434 loco
934 1371 994 1435 sio:
1024 1391 1096 1437 uon

28 1475 151 1559 magis
180 1492 289 1557 quam
320 1473 357 1536 in
390 1470 552 1537 semiue.
603 1472 681 1536 Hoc
709 1482 747 1533 ut
782 1478 898 1549 ccicc,
932 1476 1093 1560 aliquod

28 1581 184 1646 arboris
215 1597 257 1644 ac
280 1578 355 1643 sati
387 1579 525 1643 bonnm
549 1576 748 1655 novimum
786 1583 855 1644 hoc
876 1599 945 1645 non
972 1583 1034 1645 est
1055 1583 1093 1645 in

28 1688 149 1771 prima
180 1685 317 1751 fronde
347 1687 405 1748 cet.
454 1683 535 1765 §17
573 1682 691 1748 editur:
738 1685 986 1751 Animalibus
1008 1687 1095 1751 tan-

28 1796 124 1866 tum,
165 1789 264 1873 quod
296 1789 570 1867 brevissimum
606 1792 666 1853 cst
694 1793 852 1871 (tempus),
887 1791 926 1856 in
958 1795 1094 1857 trans·

28 1915 142 1961 cursu
165 1895 313 1971 datum,
337 1913 519 1976 praesens.
573 1894 659 1958 Nihil
692 1896 728 1958 in
764 1899 992 1962 transcursu
1025 1898 1094 1962 da·

28 2008 107 2067 tum
139 2004 203 2076 est,
241 2000 310 2065 aed:
339 1998 583 2063 Animalibus
619 2002 783 2076 tantum,
815 2003 913 2084 quod
947 2003 1094 2069 brevis·

28 2108 165 2171 simum
210 2109 268 2171 est
308 2105 412 2169 etin
445 2107 684 2181 transcursu,
728 2107 870 2185 datum,
913 2127 1128 2192 praecepa·

28 2213 47 2298 ξ
70 2212 107 2273 21
133 2211 210 2276 mire
238 2212 370 2277 Haasius
399 2211 503 2294 lapsus
534 2212 591 2285 eat,
616 2212 805 2293 pravissima
825 2213 1000 2278 coniectura
1022 2233 1092 2295 per-

28 2316 429 2400 vertens‚quaerectesic
459 2317 617 2400 leguntur:
662 2317 739 2397 Quo
765 2338 862 2383 nunc
897 2321 1104 2401 pertineat·
1148 2378 1164 2404 ,

28 2426 104 2489 ista
119 2424 342 2506 disputatio,
355 2423 501 2506 quaeris,
517 2423 655 2505 etquid
670 2424 793 2489 auimo
810 2428 874 2490 tuo
890 2426 1095 2508 profutura

28 2533 86 2596 uit.
112 2531 222 2596 Dico:
244 2533 281 2594 et
304 2531 457 2593 exercet
477 2528 586 2592 illum
610 2530 649 2592 et
670 2529 834 2594 acuitet
860 2532 996 2614 utrque
1021 2531 1094 2595 ali·

28 2636 117 2721 quid
140 2639 312 2700 acturum
343 2634 400 2708 (ita
421 2635 464 2705 ut,
487 2634 545 2699 nisi
564 2634 695 2722 honesta
716 2634 805 2699 detur
826 2636 963 2719 materia,
998 2654 1093 2718 prava

28 2744 193 2806 conaturus
233 2741 286 2817 sit)
328 2739 578 2819 occupatione
625 2738 786 2804 honesta
832 2744 948 2807 tenet.
1005 2742 1093 2823 (Haeo

28 2848 128 2929 prima
150 2850 198 2911 est
218 2845 362 2926 utilitas.)
405 2843 466 2907 Sed
494 2843 598 2927 lapsus
621 2850 669 2911 est
689 2846 832 2920 Haasius,
855 2845 933 2929 quod
956 2844 1093 2928 proxima

28 2953 70 3018 sic
114 2952 229 3034 scripta
267 2950 412 3015 habebat:
458 2944 618 3014 Prodest
657 2954 783 3015 autem
821 2953 958 3027 etiam
993 2951 1092 3033 quod

28 3060 202 3123 moratur
224 3045 404 3138 ad'prava
425 3059 706 3138 properantem.
741 3057 820 3134 (Hoc
842 3057 952 3138 sapius
975 3054 1092 3120 Seneca

28 3163 211 3246 confirmat)
255 3161 326 3226 Sed
358 3161 457 3225 illud
489 3162 592 3227 dico:
636 3161 753 3227 Nullo
782 3162 890 3227 modo
919 3167 977 3227 cet.
1008 3162 1092 3227 lta·

28 3290 86 3354 que
108 3272 231 3351 propter
251 3267 318 3332 sed
339 3268 389 3331 hic
411 3267 534 3332 demum
556 3286 660 3332 veram
685 3268 851 3333 utilitatem
875 3269 1020 3350 explicari
1036 3287 1093 3350 pu·

28 3377 115 3451 tavit,
138 3374 324 3458 superiorem
346 3373 485 3457 negando
507 3373 667 3440 removeri.
711 3372 811 3438 Codex
835 3374 860 3437 B
889 3378 920 3437 et
942 3374 1000 3439 duo
1023 3372 1090 3437 alii:

28 3484 101 3564 puo'
140 3467 395 3545 moratur'ad
441 3496 563 3561 prava
596 3482 831 3561 properante
876 3479 943 3543 sed
981 3479 1120 3543 illum.

28 3586 130 3651 dico:
153 3585 193 3649 N.
216 3605 257 3649 m.
304 3586 475 3666 Scripserat
505 3585 600 3669 igitur
621 3583 753 3650 Seneca:
787 3585 885 3668 quod
919 3589 1093 3649 moratur

28 3690 495 3775 adpravapropc'rautec.
540 3688 590 3750 Et
619 3689 837 3754 illud‘dico:
881 3688 918 3753 N.
940 3708 982 3753 m.
1027 3689 1092 3753 Ad·

28 3784 110 3864 ditur
130 3797 195 3868 hcc,
219 3816 278 3861 non
301 3796 486 3861 contrarium
510 3795 642 3876 ponitur.
680 3793 737 3867 (Ut
758 3797 896 3859 extrema
916 3795 947 3858 in
975 3794 1091 3859 Seneca

28 3903 134 3986 primis
163 3907 195 3968 et
227 3901 337 3967 mediis
351 3894 473 3967 'similia
495 3901 607 3975 ament,
629 3898 651 3983 S
673 3899 723 3977 22,
758 3918 827 3963 cum
862 3905 946 3965 recte
980 3900 1092 3964 indea

28 4009 173 4074 Pinciano
200 4011 232 4073 et
253 4009 373 4072 Mureto
395 4005 677 4090 scribereturzuvel
706 4005 895 4070 effuderis
918 4005 1091 4087 (capillum)

28 4132 129 4179 more
173 4113 401 4177 Parthorum
435 4111 497 4176 vel
535 4111 960 4190 Germanorumlmore)
999 4111 1091 4175 nodo

28 4220 220 4296 cinxeris,
252 4218 411 4282 Fickertus
444 4222 476 4295 et
507 4217 640 4282 Haasius
676 4218 855 4281 revocarunt
884 4234 901 4279 a
935 4213 1090 4280 codicibus

28 4326 131 4392 modo
168 4325 354 4400 vinxeris,
385 4316 511 4389 ridicula
547 4324 662 4389 variato
696 4322 829 4398 nomine,
861 4321 975 4387 omisso
1000 4339 1090 4386 voca·

28 4433 95 4497 hulo
115 4431 155 4494 ad
178 4449 243 4495 ram
265 4431 457 4504 necessario.)
