2662 5046
434 675 566 732 Ciceronis
585 675 723 745 Epistola.
926 653 931 662 ⁴
1014 673 1086 738 233Ι

1133 773 1155 808 Ι

51 879 121 943 elim
156 880 397 952 adnotaveram,
441 874 517 939 nihil
555 876 696 957 superest
729 874 877 940 ineditum
912 877 1025 961 prater
1057 872 1125 941 (luo¹

52 985 153 1049 triave.
495 1034 496 1038 ,

148 1090 213 1156 Lib.
240 1089 253 1152 Ι
276 1107 324 1171 ep.
348 1087 379 1166 2,
403 1088 436 1151 1:
479 1085 697 1150 Videbatur
729 1084 830 1149 enim
852 1087 1130 1154 reconciliata.

54 1196 160 1261 nobis
183 1192 367 1259 voluntas
389 1210 473 1257 esse
495 1194 672 1265 senatus,
703 1191 800 1274 quod
828 1210 910 1257 cunr
933 1192 1130 1273 dicendo‚.
1263 1176 1265 1179 ⁵

56 1305 134 1366 lum
163 1298 335 1382 singulis
365 1296 625 1381 appellandis
653 1298 919 1382 rogandisque
951 1317 1118 1383 perspe-

57 1425 186 1473 xeram.
243 1404 318 1484 Qnae
340 1405 423 1468 esset
444 1402 587 1468 voluntas
609 1405 796 1478 aenatorum,
819 1404 963 1489 rogandis
985 1405 1127 1489 singulis

58 1513 129 1578 scire
162 1512 269 1578 Cicero
300 1509 430 1592 poterat,
462 1507 590 1573 dicendo
623 1508 715 1592 (ipse)
749 1528 809 1574 non
839 1511 970 1592 poterat,
1002 1510 1056 1575 sed
1078 1511 1128 1573 io

60 1617 238 1691 dicendo,
268 1616 325 1681 hoo
348 1617 407 1691 osi,
428 1614 501 1679 dnm
523 1613 654 1688 dicebat,
688 1615 804 1679 sentire
826 1633 862 1679 ex
885 1615 1018 1693 silentio,
1051 1617 1129 1682 vul-⁴

58 1724 148 1801 tibus,
180 1720 458 1806 significationibus
490 1717 689 1784 audientium,
744 1720 839 1786 Panlo
861 1713 933 1803 post'
957 1719 978 1806 ᾖ
1000 1720 1019 1781 2
1043 1721 1130 1785 scri·

60 1829 192 1894 bendum·
208 1830 275 1893 eei:
308 1845 392 1891 nam
414 1825 449 1891 ei
471 1824 602 1889 Bibuli
634 1824 952 1903 sententiamque
974 1844 1034 1908 qua
1055 1826 1125 1891 ianr

60 1954 110 2000 non
132 1933 301 2019 agebatur,
338 1930 417 2014 quod
440 1930 471 1994 in
493 1930 555 1996 alia
577 1932 680 1996 omnia
701 1932 779 1995 itum
802 1932 879 2008 erut)
900 1931 1031 1998 ualere
1054 1954 1123 1994 eu·

57 2042 208 2124 piarent
230 2044 302 2119 (non
325 2037 554 2121 cupierunt).

152 2145 222 2212 lbd.
245 2145 276 2222 7,
311 2143 349 2209 8:
385 2143 474 2226 quin
505 2160 575 2207 non
609 2139 728 2207 solum
760 2142 1006 2224 temporibus
1037 2144 1127 2227 hisp

60 2269 131 2334 quse
163 2268 231 2333 per
264 2253 304 2315 te
325 2268 405 2315 sum
427 2248 604 2330 adeptus,
636 2246 704 2311 sed
725 2247 799 2313 iam
820 2246 914 2313 olim
937 2251 1125 2317 nascenti
1237 2281 1242 2290 x

59 2375 169 2440 prope
200 2356 340 2420 nostras
373 2354 477 2419 laudi
498 2354 765 2438 dignitatique
786 2352 932 2419 favisti.
975 2356 1056 2437 Quid
1077 2358 1120 2424 sii

60 2466 193 2547 tempora
232 2459 377 2544 quadamw
408 2477 463 2542 per
503 2458 637 2544 aliquem
674 2458 812 2542 adipisci,
854 2462 968 2535 nescio,
1011 2481 1123 2546 nequer

61 2569 168 2652 opinor,
204 2567 369 2650 quiequam
393 2566 461 2630 scit.
513 2565 619 2631 Cicero
650 2564 779 2629 Lentulo
812 2564 977 2631 adiuvante
1005 2567 1037 2631 iu
1063 2586 1124 2651 pa-

58 2675 141 2739 triam
164 2692 203 2738 er
225 2671 315 2737 exilio
337 2671 443 2748 rediii;
470 2671 623 2738 idcircone
645 2689 682 2736 ea
703 2675 851 2753 tempora,
886 2673 996 2756 quibus
1017 2671 1121 2748 rediit,

59 2798 105 2860 per
125 2798 198 2845 enm
221 2778 353 2861 adeptus
375 2781 447 2843 eat?
482 2778 517 2842 ln
540 2777 665 2842 scholiis
680 2777 882 2844 bobiensibus
906 2779 945 2843 ad
966 2783 1041 2844 orat.
1065 2797 1124 2862 pro

60 2884 119 2952 llil.
141 2903 168 2950 o.
195 2885 233 2947 15
258 2883 366 2963 (schol.
390 2883 452 2950 Cic.
474 2883 523 2948 ed.
547 2883 598 2949 Or.
622 2885 652 2949 Il
675 2903 704 2966 p.
731 2883 818 2963 288),
843 2903 859 2948 e
890 2884 1000 2966 quibus
1033 2885 1127 2967 qnia

63 2996 87 3056 et
107 2993 186 3058 iam
218 2994 251 3056 et
271 2989 415 3057 lavisti
446 3009 500 3073 pro
529 2990 608 3073 qui,
645 2990 777 3066 etiam,
810 2989 1008 3074 praefuisti
1030 2990 1124 3056 resti·

64 3099 122 3162 luia
153 3102 229 3164 sunt
260 3096 416 3177 (fauisti
448 3095 572 3179 quidem
604 3096 643 3162 ab
681 3096 750 3161 aliis
782 3095 957 3161 coniectura
991 3114 1124 3180 oocupa-

66 3205 146 3280 tun)‚
182 3202 328 3270 scribitur
349 3220 419 3285 per
440 3203 476 3267 te
497 3221 538 3268 se
559 3222 637 3268 sum
662 3202 841 3285 adeptus,
877 3202 908 3267 in
932 3200 997 3266 ced.
1020 3200 1124 3268 Medi·

2 3355 3 3360 1
65 3324 109 3371 ceo
132 3327 187 3390 pro
207 3327 289 3391 quae
311 3308 409 3391 priore
431 3327 525 3373 manu
547 3311 618 3394 qui.
663 3309 768 3374 Cicero
790 3310 946 3390 posuerat:
970 3311 1122 3392 tempn-

4 3428 5 3431 ’
66 3411 169 3478 ribus
192 3415 257 3492 iis,
280 3435 394 3497 qinom
419 3432 483 3497 per
504 3416 542 3479 te
562 3415 720 3476 salutem
743 3434 824 3481 sum
846 3413 1019 3497 adeptus.

154 3519 220 3584 Lib.
244 3519 300 3595 111,
323 3520 353 3594 9,
375 3520 409 3584 3:
447 3519 629 3585 Proiecto
650 3537 721 3584 nou
743 3523 802 3586 est
824 3540 963 3596 meum,
997 3521 1123 3603 quiin

69 3626 291 3703 scribendo,
313 3629 354 3691 nt
374 3626 480 3692 soles
502 3624 702 3705 admirari,
737 3627 891 3692 tanturn
917 3625 1123 3691 industriae

69 3747 205 3809 ponam,
258 3732 521 3804 committere,
567 3731 607 3794 ut
653 3729 856 3813 negligens
909 3731 1124 3798 scribendo

72 3833 363 3917 scissorium,
394 3837 616 3922 prasertim
638 3849 720 3900 eum
742 3835 779 3899 id
800 3854 873 3901 non
897 3837 1002 3902 medo
1024 3854 1125 3920 neg·

72 3936 239 4024 ligantis,
272 3944 339 4009 sed
360 3946 487 4010 etiam
519 3941 671 4026 ingrati
703 3941 822 4004 animi
846 3943 988 4007 crimen
1016 3941 1126 4007 iutu-

10 4103 11 4107 ,
74 4058 139 4111 rum
165 4049 229 4114 sit.
278 4050 420 4116 Alterum
456 4047 666 4116 scribendo
699 4045 811 4123 delent.
865 4045 945 4112 Puto
980 4049 1125 4113 subesse:

10 4193 11 4220 1
76 4149 107 4212 li
129 4153 338 4239 negligens
360 4157 398 4218 in
421 4152 663 4218 rescribendo
684 4151 706 4216 Ι.
735 4171 762 4217 V.

157 4259 359 4340 bibaxssu,
386 4260 421 4324 3:
464 4259 571 4343 qnia,
604 4276 682 4323 eum
712 4305 721 4324 .
747 4304 786 4323 ..
815 4257 873 4323 bis
904 4258 1031 4340 graiis
1059 4257 1127 4322 de·
1241 4241 1246 4249 ’

79 4369 289 4445 pugnasset,
326 4365 521 4431 auotoruri
558 4383 642 4430 sese
676 4365 841 4431 nolebat
899 4363 971 4430 Cod.
1010 4363 1131 4432 Medio..
