2662 5046
377 681 406 715 ἡ,
441 633 575 690 Cieeronis
593 634 743 691 Rhetorica.
938 705 942 711 ⁴
1027 590 1100 700 185⁴

59 834 237 908 cedebat,
259 833 384 899 sublato
407 832 466 910 et,
499 831 580 916 quod
601 849 637 898 ex
661 831 746 897 rubi
778 832 996 900 accidisset
1016 833 1128 901 ultima

50 938 307 1022 'qllnbamtnm
339 939 400 1016 e'st,
437 939 470 1002 at
499 936 590 1013 iam,
625 935 707 1018 quod
739 938 798 1004 hoc
826 937 893 1019 loco
915 938 988 1005 ferri
1009 940 1127 1024 nequit,

57 1047 202 1110 conecto.
247 1042 439 1122 (valebit,
478 1042 559 1126 quod
591 1059 688 1106 unum
720 1059 741 1107 a
770 1043 858 1123 parte
887 1045 1126 1128 agnatornmin

57 1165 148 1215 causa
169 1147 295 1233 menda
316 1148 378 1213 dici
399 1148 515 1229 potest,
546 1165 602 1229 pro
635 1146 796 1212 valebat
812 1147 885 1214 iam
900 1148 1086 1217 ,Schuetnius
1108 1169 1126 1217 e

57 1254 212 1320 mdicibns
235 1253 420 1337 quibusdam
440 1251 586 1335 reposuit
595 1252 623 1334 l)

152 1358 207 1425 Ad
228 1359 326 1425 libros
349 1356 446 1423 etiam
463 1356 506 1424 dc
526 1357 658 1425 oratore
679 1374 830 1440 perpauca
840 1357 1020 1447 proferenda
1040 1362 1125 1438 sunt,

54 1483 148 1531 unum
171 1483 237 1556 non
258 1481 375 1529 mcum.

152 1593 227 1658 Lib.
248 1592 277 1669 -Ι,
299 1591 340 1654 82
360 1590 467 1656 littora
488 1589 678 1655 detrahenda
699 1593 828 1657 estnon
850 1592 934 1656 recte
956 1591 1125 1674 geminate,

56 1699 90 1763 nt
127 1698 303 1764 scmbatnr:
340 1696 560 1778 complures
602 1695 682 1760 tum
721 1696 779 1762 ibi
813 1696 896 1762 dies
935 1715 1016 1762 snm

57 1802 339 1878 commoratum
374 1810 407 1863 er
441 1806 483 1878 (r.
522 1800 614 1879 sed),
649 1820 734 1882 ‚cum
767 1801 948 1885 quotidie
980 1818 1125 1866 mecum

56 1908 242 1974 haberem
265 1954 273 1971 .
298 1956 306 1972 .
330 1952 349 1985 .,
371 1924 438 1988 pro
460 1923 498 1971 so
521 1906 682 1990 quisque
704 1956 712 1971 .
737 1953 744 1969 .
768 1956 776 1972 .
798 1905 1035 1990 disputabat.

153 2012 226 2078 Ibd.
263 2010 324 2074 136
351 2010 513 2095 Siesbyous
545 2012 635 2076 acute
669 2010 823 2077 intellexit
853 2012 898 2078 sic
928 2011 1123 2077 scribendum

57 2135 140 2184 asse:
164 2116 264 2200 qnod
280 2116 380 2182 enim
396 2116 909 2200 nequeprecibusnmquam
930 2135 1000 2182 nec
1021 2117 1124 2182 insi·

58 2221 200 2288 diendo
237 2268 245 2284 .
360 2221 520 2305 assequi
543 2221 688 2305 potui,
734 2225 792 2303 ut,
835 2222 927 2307 quid
961 2223 1123 2291 Crassus

58 2329 189 2413 ageret
210 2326 434 2395 meditandi
466 2330 531 2395 ant
553 2327 718 2394 dicendi
751 2348 888 2409 eausa,
921 2349 991 2396 non
1012 2330 1123 2396 modo

58 2431 198 2498 ridere
233 2432 342 2508 milri,
379 2432 444 2498 aad
484 2450 526 2498 ex
555 2433 637 2499 cius
677 2427 872 2518 scripture
909 2437 948 2501 et
974 2435 1123 2501 lectore
1200 2436 1205 2448 '

59 2537 214 2622 Diphilo
237 2539 435 2622 copiosor-i
455 2544 522 2622 (pro
546 2539 753 2622 suspicari)
768 2539 924 2621 liceret,
946 2540 985 2606 id
1006 2558 1124 2623 spero

59 2663 120 2711 nos
148 2662 235 2709 esse
270 2643 449 2726 adeptos.
497 2644 580 2711 Nam
602 2663 700 2729 neque
720 2645 911 2729 suspicamur
933 2665 969 2711 cx
990 2645 1123 2724 homine,

34 2826 36 2833 Ι
59 2769 153 2834 noque
174 2749 209 2815 in
233 2749 293 2815 hac
314 2768 356 2826 re,
392 2749 444 2833 qni
465 2749 611 2815 lectorem
637 2751 670 2815 et
693 2750 873 2834 scriptorem
896 2752 1122 2836 aggrederetur,

61 2857 277 2941 suspicaretur,
299 2855 355 2920 aad
377 2857 525 2937 quaereret
546 2858 652 2939 aparte
674 2857 707 2920 ot
725 2858 966 2941 percontaretur.

153 2962 224 3029 Lib.
240 2960 283 3039 Π,
299 2960 349 3040 38,
360 2960 414 3026 ubi
429 2961 474 3026 sic
488 2959 602 3027 editur:
624 2962 751 3027 tamen
766 2963 838 3029 hoc
854 2962 1002 3028 certius
1024 2962 1123 3027 nihil

59 3084 138 3133 esse
171 3068 323 3150 potest,
355 3084 466 3150 qnam
498 3064 600 3150 quod
632 3085 759 3133 omnes
792 3069 896 3134 artes
919 3115 927 3131 .
952 3114 959 3130 .
983 3118 990 3134 .
1013 3086 1123 3133 suum

59 3190 192 3239 munus
213 3175 412 3255 prostare
432 3167 618 3256 possunt}
639 3177 768 3239 orator
789 3220 796 3235 .
816 3192 992 3239 ..noman
1015 3193 1123 3240 sunm

59 3279 238 3353 obtinere
260 3295 336 3342 non
357 3279 508 3361 potest,
530 3278 704 3345 necessario
730 3278 937 3345 omittendum
956 3283 1014 3356 est,
1042 3280 1123 3363 qnod

63 3386 129 3466 post
151 3383 398 3469 comparativum
419 3383 513 3448 stiam
536 3383 610 3449 alibi
631 3402 732 3450 errore
757 3383 896 3451 additum
921 3384 978 3463 est,
1000 3404 1121 3468 quam,

62 3609 256 3620 ψ.-

88 3761 111 3828 ι)
130 3763 221 3818 Unum
230 3760 339 3824 addm,
349 3758 412 3815 libr.
421 3759 460 3823 ΙΙ,
474 3761 679 3816 9neeessariam
686 3761 812 3817 Lambini
824 3765 1026 3821 correctionem:
1047 3763 1124 3831 Quod

125 3852 630 3922 si...qonnroopereeligenda
644 3854 1123 3919 lnernntranrostndioeloeta

125 3952 188 4017 (pro
212 3948 314 4001 tanto
337 3960 438 4015 opere
458 3986 466 4001 .
485 3984 521 4000 ..
548 3949 675 4015 quanto
703 3943 838 4016 studio)
866 3950 932 4005 miro
952 3952 1063 4016 „contra
1080 3952 1122 4003 to·

125 4038 183 4092 tins
200 4037 254 4093 loei
272 4041 397 4092 sensnm¹⁴
417 4052 523 4107 peccare
541 4037 604 4094 dici.
645 4037 706 4093 Non
725 4042 816 4109 quari
845 4025 962 4112 dignm
979 4058 1022 4096 rea
1040 4040 1125 4096 luerit

127 4128 226 4190 studio.
254 4127 304 4184 sed
322 4127 491 4184 mffecaritno
514 4129 693 4192 studimini,
721 4132 792 4201 qnod
822 4125 880 4188 fleri
899 4133 1023 4190 debuerit
1041 4132 1124 4205 (qnod

127 4219 253 4276 brutini
282 4220 468 4277 emendatione
493 4215 681 4293 significatur),
709 4223 856 4280 mtendnut
879 4228 970 4292 otiam,
997 4243 1055 4298 qna
1080 4241 1122 4282 aa·

127 4316 254 4382 quantur.
