2648 5084
463 736 465 743 ⁴
492 727 622 784 Iustinus.
649 811 651 817 y
873 740 884 766 ·
928 751 944 811 s
988 728 1050 792 619

32 925 156 1007 etopus
190 947 250 991 non
283 929 366 991 recte
394 945 429 991 ox
462 947 548 1011 aequo
577 929 806 1012 coniunguntur.
850 927 986 994 Librnrio
1013 931 1092 995 osci·
1227 1006 1231 1013 Ἰ

32 1032 108 1096 tanti
132 1033 228 1097 nnimi
250 1052 360 1098 nomen
383 1035 517 1115 corporis
538 1035 630 1099 etism
654 1036 817 1118 suggessit.

131 1138 196 1203 Lib.
220 1140 234 1203 l
256 1158 281 1204 c.
305 1140 340 1210 9,
379 1139 430 1205 12:
474 1139 600 1224 Igitur
628 1141 731 1224 magi
761 1141 806 1205 sd
835 1142 1001 1209 favorem
1025 1162 1090 1226 po·

32 1245 108 1309 >uli
141 1244 431 1309 conciliandum
470 1247 621 1312 tributa
653 1250 693 1311 et
726 1248 878 1312 militiae
913 1249 1091 1314 vacatio·

32 1369 109 1415 nem
139 1352 177 1416 in
208 1351 422 1417 triennium
449 1334 691 1435 permittunt.
749 1352 845 1417 Sorib.
870 1355 1013 1420 tributi
1035 1356 1090 1431 (sic

32 1476 87 1522 sm
126 1458 193 1531 alii)
236 1459 275 1522 et
321 1458 473 1523 militiae
517 1459 757 1525 vacationem
797 1461 835 1524 in
874 1459 1088 1527 triennium

32 1565 261 1629 >remittunt
315 1563 383 1643 Quo
405 1565 544 1646 exempla
566 1582 583 1628 s
606 1565 707 1647 leopio
729 1567 884 1650 adscripta
906 1568 1089 1650 pertineant,

32 1669 148 1736 omnino
184 1690 244 1736 non
288 1670 444 1755 intellig03
499 1671 538 1734 sd
582 1671 815 1749 declarandum,
857 1673 909 1756 qui
952 1674 1088 1740 levorem

32 1779 139 1860 captet,
167 1777 317 1842 tributo
359 1778 593 1860 permittens
627 1775 688 1843 dici
710 1782 763 1844 aut
798 1779 921 1845 omnino
948 1781 1004 1846 hoc
1028 1781 1088 1846 Lu·

32 1883 125 1947 inum
148 1902 226 1959 csse,
261 1882 338 1948 nihil
359 1883 523 1964 pertinent,
557 1902 611 1948 nec
637 1884 677 1948 nd
699 1885 920 1952 ostendendum
941 1889 1022 1952 recte
1044 1906 1087 1966 ,ex

32 2008 113 2072 equo
136 1990 278 2074 coniungi
311 1990 460 2055 tributa
494 1999 523 2053 et
544 1990 701 2056 militiae
724 1994 981 2064 vacationem,
1012 2012 1088 2077 quo·

32 2115 93 2160 um
116 2095 192 2160 illud
215 2115 290 2161 onus
312 2115 413 2180 gravo,
439 2095 495 2161 hoc
518 2097 629 2163 bonum
652 2100 684 2163 et
704 2099 912 2164 levamentum
930 2102 987 2171 est,
1010 2098 1086 2163 illud

32 2201 208 2279 emittitur,
230 2202 288 2267 hoc
310 2203 448 2267 donetur.

123 2309 190 2373 Lib.
203 2308 358 2385 11,1‚20:
380 2308 584 2395 AEgyptum
606 2314 836 2394 nutumque
854 2313 913 2375 tot
937 2329 1104 2395 regum,-

32 2415 257 2480 saeculorum
290 2435 381 2480 curn
403 2417 659 2499 impensaque
692 2417 841 2483 munita
876 2419 929 2482 sit
962 2415 1086 2482 etad-

32 2523 567 2588 'ersumvimincurrentium
590 2542 767 2606 aquarum
791 2525 916 2590 tontis
938 2525 1087 2589 structa

32 2628 202 2707 nolibus‚
236 2630 296 2694 tot
327 2629 445 2694 fossis
479 2631 652 2703 conciso,
690 2634 746 2706 ut,
780 2648 861 2695 cum
890 2629 952 2695 his
974 2648 1085 2695 eroe-
1124 2623 1126 2627 ’

32 2739 153 2809 ntur,
187 2735 272 2799 illis
294 2736 538 2818 recipiantur
571 2755 687 2818 aquae,
722 2734 842 2800 nihilo
863 2736 986 2801 minus
1008 2737 1084 2801 coli

32 2843 96 2907 iisi
131 2841 290 2907 excluso
318 2842 409 2907 Nilo
442 2861 511 2906 non
544 2842 720 2925 potuerit
750 2860 818 2906 nec
849 2843 988 2924 possit,
1029 2845 1085 2908 vi·

32 2951 106 3014 leri
139 2949 332 3013 hominum
369 2950 567 3012 velustate
602 2947 759 3023 ultimo,
804 2966 883 3031 qnae
922 2968 1085 3032 aggero·

38 3056 198 3121 ionibus
231 3073 359 3138 regum
392 3055 474 3118 sive
496 3052 578 3118 Nili
610 3055 806 3120 trahentis
839 3055 973 3122 limum
1005 3059 1084 3122 ter·

40 3179 148 3226 nrum
186 3161 461 3228 recentissimo
493 3160 686 3225 videatur.
735 3161 926 3228 Pravissimn
958 3163 1084 3228 effectus

32 3271 51 3332 »t
75 3268 296 3332 consecutionis
326 3267 509 3351 significatio
538 3269 586 3332 est
612 3268 643 3331 in
677 3271 736 3346 ut,
772 3270 858 3352 qussi
890 3270 1032 3350 operibus
1054 3274 1086 3334 et

32 3373 111 3440 ossis
137 3373 300 3450 difficilior
328 3373 479 3458 AEgyptus
509 3374 549 3440 nd
572 3374 730 3440 colendum
762 3376 846 3441 lucta
868 3378 918 3442 sit.
962 3377 1085 3459 Perspi-

32 3500 75 3546 ue
98 3500 133 3546 sx
155 3481 276 3564 magnis
305 3481 445 3563 operibus
479 3481 686 3556 concluditur,
717 3483 881 3565 antequam
910 3502 945 3547 ea
975 3483 1085 3548 effectu

34 3591 93 3663 int,
116 3589 176 3653 coli
198 3588 366 3670 AEgyptum
400 3605 457 3651 non
495 3588 646 3671 potuisse;
683 3588 786 3671 itaque
808 3589 900 3654 etism
925 3589 1083 3653 hominum

32 3696 174 3760 ''stustate
207 3695 347 3760 ultimam
372 3694 593 3771 (novissimam)
616 3713 693 3769 esse,
726 3715 819 3779 quum
842 3696 910 3777 ipss
931 3699 1013 3760 terna
1034 3715 1084 3758 re-

32 3802 199 3867 :entissimn
230 3801 280 3866 sit.
325 3799 610 3875 Nihilominus,
647 3801 726 3883 quod
761 3822 884 3868 omnem
922 3803 1084 3866 sententiae

32 3908 154 3993 peciem
180 3907 291 3972 evertit
313 3913 424 3989 (neque
449 3908 531 3970 enim
554 3907 614 3972 clia
635 3911 683 3973 est
694 3908 758 3972 Nili
780 3910 923 3982 exclusio,
946 3909 1082 3992 nisiquae

32 4026 114 4098 upra'
133 4014 304 4097 significata
334 4017 404 4092 est),
438 4019 545 4078 natum
574 4016 621 4078 ost
643 4034 677 4078 ex
708 4013 795 4079 Nili
817 4018 848 4079 et
881 4017 956 4080 coli
985 4016 1083 4087 nisi;

32 4128 121 4205 laque
143 4120 174 4184 in
199 4123 225 4184 Α
248 4123 340 4198 coli,
363 4121 443 4205 quod
467 4122 497 4185 in
520 4120 573 4185 illo
596 4121 682 4197 latet,
705 4141 764 4186 non
783 4121 942 4203 reperitur.
981 4120 1083 4198 (Nisi

35 4226 121 4293 mitti
134 4246 193 4291 non
207 4226 394 4306 adnotatur.)
416 4225 615 4292 Scribendum
627 4227 794 4312 igiturest:
816 4226 1034 4312 AEgyptum.
1048 4278 1054 4292 .
1070 4279 1077 4291 .

32 4354 98 4419 ¹une
226 4335 374 4399 munita
406 4335 462 4399 sit
494 4337 530 4399 ct
662 4335 784 4399 tantis
817 4338 976 4400 strucls
1009 4342 1081 4412 (ex-

34 4422 200 4518 tructnll
233 4441 417 4512 molibus,
455 4444 515 4506 tot
557 4440 676 4505 fossis
713 4442 885 4513 concisa,
927 4451 976 4519 ct,
1000 4461 1082 4508 cum

38 4549 76 4613 is
99 4549 326 4615 arceantur.
360 4545 443 4610 illis
477 4547 850 4631 recipianturaquae
874 4547 974 4627 Nili,
1006 4549 1083 4614 coli
