2648 5084
259 307 320 367 ψ
617 300 880 369 mmmm

317 502 352 566 P.
380 503 397 561 7
420 501 562 585 (frigere)
594 503 709 567 Varro
730 498 827 571 ὄνος
849 493 1002 582 laipno:
1046 502 1153 584 Saepe
1175 501 1268 565 totius

218 608 363 673 theatri
384 607 495 672 tibiis
510 608 644 672 crebro
657 607 851 671 flectendo
866 612 1119 674 commutare
1141 614 1268 679 mantea

217 715 311 797 frigi
333 714 480 778 animos
502 732 641 779 corum.
695 713 856 785 Versunm,
878 713 905 777 si
928 732 1045 779 versus
1065 720 1155 791 eunt,
1176 714 1210 778 (le
1226 733 1269 795 ono

219 820 308 886 valde
329 820 445 897 dubito,
465 820 563 885 forma
583 820 701 883 incerta
722 822 777 895 er„
834 819 931 885 Recte
952 820 1103 905 Scaliger
1124 839 1271 886 comno-

217 928 307 1003 tari,
330 923 533 990 Buechelerns
548 925 667 1009 origi,
690 928 721 988 in
737 926 817 1008 quod
832 927 899 1009 ipse
913 927 1104 1003 incideram,
1128 932 1163 992 nt
1176 926 1270 991 Nonim

217 1052 311 1118 prava
333 1033 484 1114 scriptura
515 1030 659 1114 deceptus
682 1032 733 1096 sit.
789 1031 898 1097 Restat
919 1037 955 1098 nt
977 1034 1156 1099 scribatm:
1187 1032 1270 1116 erigi

217 1141 364 1205 animos
393 1120 632 1201 miserorum.
676 1137 831 1212 (Fortasse
852 1139 928 1203 fnit:
963 1140 1156 1203 tibicinio
1188 1141 1270 1204 ileo·

217 1246 342 1311 teudo.
387 1245 467 1309 Nam
492 1243 715 1308 tibicinium
739 1245 914 1324 nouaclum
931 1245 1057 1311 Gellius
1082 1247 1271 1329 etApnlcina

216 1353 267 1436 qui
289 1352 321 1416 in
343 1351 446 1416 lexicis
469 1350 622 1426 citantur,
653 1350 820 1429 dixerunt,
843 1351 897 1415 sel
919 1351 1029 1416 Cicero
1049 1356 1120 1419 nat
1143 1353 1223 1418 deor.
1241 1351 1271 1426 ll,

217 1459 257 1520 ii
280 1456 322 1529 et
343 1461 378 1521 ut
398 1458 513 1539 opinor,
538 1457 631 1520 etiam
653 1460 727 1520 orat
756 1455 837 1535 198.)

319 1565 351 1628 P.
377 1565 413 1624 ll
449 1563 621 1645 (toralium)
664 1564 781 1628 Varro
814 1563 856 1626 de
888 1563 967 1627 vita
1002 1563 1039 1626 P.
1061 1565 1103 1630 R
1134 1563 1270 1630 librol:

217 1671 322 1752 Quod
360 1670 523 1734 frontem
559 1669 710 1733 lecticae
743 1668 959 1744 struebant,
1009 1688 1053 1734 ex
1092 1689 1138 1737 ea
1174 1671 1270 1736 herba

216 1781 327 1843 torta
359 1779 484 1840 torum
517 1775 767 1857 appellatum.
846 1774 1064 1854 Qnicberatins
1100 1778 1269 1843 frondem.

82 1913 86 1920 ·
216 1882 434 1949 Scribonium:
475 1880 580 1960 Quod
595 1882 741 1965 fronde
765 1881 920 1944 lecticae
940 1884 1171 1959 struebant,
1197 1886 1271 1957 cet't

315 1989 348 2054 P.
364 1989 402 2050 16
418 1988 603 2071 (aruspices)
618 1987 735 2053 Varro
758 1989 934 2063 Serrano,
956 1991 1036 2072 erupi
1049 1982 1270 2077 α’ρχοιρεοοὸν.

216 2098 284 2162 Ait
323 2095 522 2160 consulem
564 2094 655 2158 mihi
688 2096 809 2177 pilum
843 2095 994 2169 celerer
1040 2099 1213 2164 subsilio
1244 2104 1272 2161 et

215 2203 371 2269 hostias
393 2206 432 2266 et
454 2190 670 2283 extispices
692 2202 934 2286 disputantes
956 2202 1150 2287 relinquo.
1189 2207 1271 2269 Varro

216 2310 396 2391 scripserat:
419 2307 513 2371 mih'i
539 2308 658 2391 pilum
683 2309 831 2370 credere
852 2309 922 2382 (hoc
943 2312 999 2385 est,
1024 2313 1166 2393 primum
1188 2313 1270 2395 pilnn

215 2416 289 2479 milri
311 2414 552 2515 committere).‘
583 2415 694 2480 Consul
727 2433 824 2496 neque
857 2414 951 2496 pilum
984 2415 1073 2481 ducit
1109 2439 1210 2504 neque
1238 2436 1271 2481 co

214 2522 306 2596 cedit,
329 2521 441 2585 nedum
465 2539 559 2584 eum.

218 2641 222 2649 ’
314 2627 348 2690 Ρ.
374 2626 411 2688 18
443 2631 587 2702 (rutrum)
629 2626 754 2689 Varro
780 2626 1007 2709 Marcopoli‚
1046 2633 1128 2714 περὶ
1161 2630 1272 2717 oppio:

158 2776 165 2794 .
213 2734 278 2799 Cui
302 2733 404 2797 celer
436 2725 479 2797 δι’
500 2726 577 2805 ἑνός
598 2723 780 2815 λήμματος
801 2726 900 2819 λόγος
928 2734 1136 2815 Antipatri
1160 2736 1270 2804 Stoici

214 2840 324 2905 iilius
368 2844 474 2903 rutro
514 2848 629 2920 caput
670 2839 881 2921 displanat.
946 2838 1172 2909 Scribeudum:
1215 2844 1271 2909 Cui

215 2948 317 3011 celer
350 2948 416 3021 (aut
437 2950 504 3010 cum
528 2946 658 3029 Roepero
679 2946 815 3020 celere)
850 2938 892 3010 δι’
913 2938 989 3019 ένός
1009 2939 1210 3034 λήμματος,
1240 2960 1271 3012 nr

212 3049 312 3138 λόγος
338 3052 539 3136 Antipatri
563 3051 696 3123 Stoici,
725 3051 836 3117 iilius
858 3054 965 3116 rutro
985 3072 1012 3116 c.
1036 3053 1139 3138 disp.
1188 3058 1270 3123 lilius

211 3161 306 3242 patris
333 3162 432 3241 caput
462 3162 545 3224 rutro
583 3158 724 3223 celeriter
756 3157 932 3244 displauans
971 3166 1176 3243 comparatur
1211 3183 1269 3230 cun

210 3257 386 3350 syllogismo
428 3265 584 3345 Antipatri
627 3259 670 3330 δι’
717 3259 812 3339 eoric
840 3260 1020 3352 λήμματος
1065 3269 1270 3337 adversarium

210 3374 430 3455 prosternente.

310 3478 344 3541 P.
361 3476 400 3538 26
416 3478 557 3552 (rabula)
579 3476 703 3542 Varro
725 3475 967 3561 Papiapapae,
990 3481 1071 3565 napi
1088 3486 1268 3570 ἐγκωμίων.

209 3583 284 3648 llle
307 3583 387 3648 ales
408 3582 554 3666 gallus,
577 3583 637 3665 qui
660 3584 879 3648 suscitabat
901 3586 1123 3656 Atticarum
1150 3593 1268 3657 Musa·

209 3710 289 3754 rum
313 3690 544 3771 scriptores,
577 3709 620 3753 nn
649 3688 718 3751 hic
742 3690 829 3771 quie
857 3710 1012 3776 gregem
1036 3685 1267 3762 rabulnrnn.

238 4036 256 4102 ¹)
277 4037 307 4090 P.
337 4044 368 4094 13
396 4041 554 4108 (haustra)
583 4012 782 4097 Noniumnon
811 4049 961 4098 rotarum
988 4047 1076 4111 cadi,
1114 4050 1162 4106 secl
1190 4051 1272 4102 radis

178 4138 183 4150 ·
277 4131 414 4199 scripsisse
432 4138 508 4201 puto.
