2648 5084
234 247 302 362 ero
610 292 853 366 immoene
977 288 983 302 ·

252 536 255 541 ·
294 499 362 566 Ibd.
382 500 439 564 dtr
472 515 553 563 cnm
586 495 657 562 illc
677 495 854 581 mummi
887 495 1046 562 diceret
1068 497 1246 563 Domitia·

192 627 280 672 unm
301 606 510 690 pessimum
546 603 683 678 luisse;
719 602 863 667 amicos
898 605 1032 669 autem
1055 605 1248 671 bonosla·

195 714 341 788 buisse
378 714 492 795 atquo
513 709 600 776 ideo
636 709 750 774 illum
784 709 905 792 magis
926 707 1018 773 odio
1040 709 1249 795 fuisseque
1292 736 1293 742 ¹

193 839 309 902 remp.
343 817 539 901 temporis
565 817 657 881 uitae
688 815 758 881 illo
789 813 883 898 quia
903 815 1049 880 meliue
1072 822 1138 884 est
1157 835 1251 883 unum
1292 889 1293 892 Ἴ

195 925 333 992 malum
367 924 449 1008 pati
483 940 592 1006 quam
614 920 767 986 multos.
820 922 856 985 In
878 921 1033 1003 corruptis
1057 923 1253 990 litterissut
1297 991 1298 995 ,

193 1037 259 1100 est:
292 1035 405 1115 atque
440 1029 527 1093 ideo
559 1028 675 1093 illum
712 1028 836 1111 magis
866 1025 955 1091 odio
989 1027 1125 1096 fuisse
1158 1052 1253 1115 qaae

197 1158 313 1221 remp.
351 1136 539 1218 temporis
571 1134 636 1196 cai
666 1132 832 1206 incisae,
877 1134 968 1217 quia
1004 1138 1068 1200 cet.
1137 1136 1254 1204 Gravius

192 1245 299 1311 odium
331 1243 391 1308 luit
410 1260 504 1326 qnam
525 1242 599 1325 reip.
622 1259 730 1324 manse
755 1241 911 1306 damnum.
967 1241 1162 1319 (Salmasius
1181 1243 1255 1307 ats-

196 1352 286 1417 rarit.
334 1350 378 1415 Er
410 1348 667 1431 temporissui
698 1352 801 1414 ortum
832 1345 1026 1429 temporis
1050 1349 1107 1420 ui,
1143 1351 1255 1414 tumen

195 1457 234 1523 ui
256 1458 301 1522 le
322 1455 438 1523 iactum
462 1454 568 1531 uitae,
590 1473 626 1519 er
646 1455 747 1520 sisse
764 1457 872 1520 aarum
893 1452 986 1529 ille.)
1308 1517 1309 1520 ,

297 1561 364 1628 Iud.
403 1559 465 1623 67:
526 1560 628 1637 Scio,
671 1562 895 1644 imperator,
945 1561 1045 1643 quod
1090 1562 1258 1645 periculo
1309 1627 1310 1631 ,

195 1672 292 1744 (recte
314 1668 406 1751 vulgo
439 1669 472 1731 et
492 1666 698 1733 Berolineusis
719 1666 767 1732 od.
795 1686 866 1750 quo
888 1666 1084 1752 periculo)
1106 1669 1188 1734 istu
1207 1668 1257 1732 di-

200 1776 338 1840 cantur
370 1773 466 1858 apud
502 1774 796 1857 imperatorem,
828 1772 893 1856 qui
924 1774 1076 1841 talibus
1113 1777 1258 1847 serviit,

142 1895 144 1899 ·
196 1878 264 1945 sed
306 1877 413 1944 salva
466 1898 560 1962 reu,
604 1883 861 1964 posteaquam
911 1880 1163 1948 intellexisti
1207 1886 1257 1946 cet,

196 1983 280 2051 Sor:
313 1986 473 2062 serviit3
496 1985 563 2052 sed
597 1985 743 2049 relocet
762 2007 873 2070 resp„
894 1989 1149 2070 posteaquam
1182 1990 1233 2053 cet

299 2091 424 2158 Maxim.
440 2094 501 2160 dno
517 2093 552 2157 2:
569 2093 615 2158 lit
636 2095 674 2158 in
693 2091 979 2176 primoquidem
1001 2093 1179 2174 pucritia
1196 2093 1261 2158 luit

198 2200 348 2281 pastor,
382 2217 663 2283 nonnumquam
686 2200 802 2264 etiam
824 2201 1020 2282 procerte,
1057 2200 1126 2282 qui
1145 2201 1258 2265 latro·

200 2305 312 2371 nitus
334 2304 596 2372 insidiaretur
626 2308 663 2370 et
685 2323 777 2372 suos
798 2306 842 2371 ab
863 2304 1162 2371 incursionibus
1185 2306 1259 2370 rin·

197 2410 362 2477 dicaret
418 2411 498 2476 llire
533 2409 806 2497 Eyssenhardtius:
844 2410 960 2477 etiam
993 2410 1102 2476 latro
1143 2415 1259 2485 corte,

198 2518 264 2583 sive
287 2535 400 2583 nomeu
422 2519 486 2583 sire
509 2504 687 2583 adrerbium
710 2517 891 2583 consideres.
948 2515 1154 2583 Scribeudum
1183 2517 1260 2583 ride·

198 2627 265 2689 tur:
302 2642 573 2707 nonnunquam
602 2623 719 2690 etiam
744 2624 782 2684 in
812 2623 1015 2706 procinctu
1048 2621 1120 2699 (hoc
1150 2627 1209 2702 est
1233 2625 1258 2688 in

197 2731 294 2796 armis
326 2733 358 2796 et
392 2729 601 2814 expeditiorem
634 2730 688 2795 cfr.
723 2731 775 2796 vit.
806 2728 905 2794 Valer.
939 2730 974 2804 l:
1009 2747 1094 2794 nam
1126 2730 1199 2795 ille
1228 2731 1259 2793 in

77 2846 82 2857 ’
199 2837 400 2920 procinctu
421 2854 503 2901 oum
525 2836 644 2902 Decio
665 2840 757 2902 tunc
778 2835 940 2922 egebat).

299 2941 366 3008 lbd.
390 2941 425 3004 6:
469 2940 612 3020 Quinta
647 2961 796 3026 quaque
827 2941 889 3007 die
919 2940 1082 3006 iubebat
1118 2941 1262 3006 milites

197 3048 422 3124 decurrere,
442 3047 480 3111 in
503 3066 544 3113 se
577 3047 789 3115 simulacra
824 3048 1013 3113 bellorum
1036 3064 1175 3131 agere,
1209 3050 1260 3111 cet.

200 3155 308 3221 Fuisse
333 3155 453 3240 opinor:
482 3153 711 3238 decurrere,
744 3155 843 3218 incer
874 3173 914 3219 sc
945 3153 1163 3218 simulacra
1185 3152 1288 3218 bel·'

198 3261 320 3326 lorum
343 3278 475 3345 agere,
497 3264 555 3327 cet.

299 3366 364 3430 lbd.
388 3366 423 3428 9:
447 3365 510 3448 qni
532 3366 565 3430 ei
588 3385 685 3450 eaepe
708 3366 986 3434 misericordie
1013 3365 1261 3449 paupertatis

199 3489 315 3537 causa
350 3472 536 3556 pleraque
573 3473 817 3539 donaverant.
875 3472 939 3538 Scr.
976 3470 1260 3534 misericordia.

199 3577 368 3662 [Salmas]

299 3685 364 3750 Ibd.
398 3686 452 3749 12:
497 3688 789 3751 circumventus
831 3687 937 3750 essct
974 3684 1033 3766 (sic
1059 3688 1145 3750 recte
1176 3684 1260 3766 rouo

200 3808 253 3872 pro
274 3779 347 3869 eet)
368 3810 387 3856 a
409 3791 627 3870 Germanis,
655 3793 730 3858 nisi
762 3810 847 3858 cum
870 3809 935 3857 suo
957 3806 1052 3873 equo
1073 3788 1262 3854 inhaeren-

199 3896 272 3961 tem
291 3894 543 3964 liberassent
559 3898 744 3966 Germanice
758 3898 949 3964 liberamntl
961 3896 1177 3975 Benetamen‚
1189 3893 1263 3980 quod

199 4019 260 4067 nou
281 4001 380 4067 alieno
415 4023 491 4088 equo
522 4003 732 4071 inhorrentem.
775 4004 839 4070 Sor.
872 4003 949 4068 nisi
982 4024 1061 4065 cum
1081 4007 1148 4066 eui
1172 4019 1262 4086 equo

198 4094 456 4174 inhaerentem
492 4111 555 4176 lib.
610 4111 653 4176 Er
686 4129 771 4176 eum
805 4110 921 4176 iactum
953 4127 1051 4186 cum,
1091 4112 1160 4175 tum
1190 4126 1261 4175 sno.
