<?xml version="1.0" encoding="UTF-8"?>
<!DOCTYPE html PUBLIC "-//W3C//DTD XHTML 1.0 Transitional//EN"
    "http://www.w3.org/TR/xhtml1/DTD/xhtml1-transitional.dtd">
<html xmlns="http://www.w3.org/1999/xhtml" xml:lang="en" lang="en">
 <head>
  <title>
</title>
<meta http-equiv="Content-Type" content="text/html;charset=utf-8" />
  <meta name='ocr-system' content='tesseract 3.04.00' />
  <meta name='ocr-capabilities' content='ocr_page ocr_carea ocr_par ocr_line ocrx_word'/>
</head>
<body>
  <div class='ocr_page' id='page_1' title='image "./ioniemadvigiiad00madvgoog_0702.png"; bbox 0 0 2580 5054; ppageno 0'>
   <div class='ocr_carea' id='block_1_1' title="bbox 427 710 1021 776">
    <p class='ocr_par' dir='ltr' id='par_1_1' title="bbox 427 710 1021 776">
     <span class='ocr_line' id='line_1_1' title="bbox 427 710 1021 776; baseline 0.007 -11"><span class='ocrx_word' id='word_1_1' title='bbox 427 710 539 767; x_wconf 83' lang='lat' dir='ltr'><strong>Homeri</strong></span> <span class='ocrx_word' id='word_1_2' title='bbox 558 712 632 767; x_wconf 84' lang='lat' dir='ltr'><strong>Ilias.</strong></span> <span class='ocrx_word' id='word_1_3' title='bbox 1002 716 1021 776; x_wconf 80' lang='grc'>5</span> 
     </span>
    </p>
   </div>
   <div class='ocr_carea' id='block_1_2' title="bbox 1 899 1199 1208">
    <p class='ocr_par' dir='ltr' id='par_1_2' title="bbox 1 899 1199 1208">
     <span class='ocr_line' id='line_1_2' title="bbox 98 899 1065 986; baseline 0.007 -17"><span class='ocrx_word' id='word_1_4' title='bbox 98 905 295 973; x_wconf 82' lang='lat' dir='ltr'><strong>Adiectiuum</strong></span> <span class='ocrx_word' id='word_1_5' title='bbox 317 899 468 986; x_wconf 74' lang='grc' dir='ltr'><strong><em>ώπόηιος</em></strong></span> <span class='ocrx_word' id='word_1_6' title='bbox 490 907 566 974; x_wconf 87' lang='lat' dir='ltr'><strong>mire</strong></span> <span class='ocrx_word' id='word_1_7' title='bbox 589 912 622 973; x_wconf 91' lang='lat' dir='ltr'><strong>ct</strong></span> <span class='ocrx_word' id='word_1_8' title='bbox 643 910 812 976; x_wconf 83' lang='lat' dir='ltr'>insolenter</span> <span class='ocrx_word' id='word_1_9' title='bbox 834 931 850 978; x_wconf 91' lang='lat' dir='ltr'><strong>e</strong></span> <span class='ocrx_word' id='word_1_10' title='bbox 873 911 969 977; x_wconf 86' lang='lat' dir='ltr'><strong>futuri</strong></span> <span class='ocrx_word' id='word_1_11' title='bbox 984 913 1065 977; x_wconf 90' lang='lat' dir='ltr'><strong>tem·</strong></span> 
     </span>
     <span class='ocr_line' id='line_1_3' title="bbox 1 1007 1199 1100; baseline 0.005 -23"><span class='ocrx_word' id='word_1_12' title='bbox 1 1010 83 1093; x_wconf 91' lang='lat' dir='ltr'><strong>poris</strong></span> <span class='ocrx_word' id='word_1_13' title='bbox 105 1013 196 1078; x_wconf 87' lang='lat' dir='ltr'><strong>verbo</strong></span> <span class='ocrx_word' id='word_1_14' title='bbox 219 1007 377 1098; x_wconf 63' lang='grc' dir='ltr'><strong>(ὄψομαι)</strong></span> <span class='ocrx_word' id='word_1_15' title='bbox 399 1014 525 1080; x_wconf 89' lang='lat' dir='ltr'><strong>ductum</strong></span> <span class='ocrx_word' id='word_1_16' title='bbox 553 1032 652 1097; x_wconf 87' lang='lat' dir='ltr'><strong>neque</strong></span> <span class='ocrx_word' id='word_1_17' title='bbox 679 1016 773 1082; x_wconf 89' lang='lat' dir='ltr'><strong>simili</strong></span> <span class='ocrx_word' id='word_1_18' title='bbox 796 1018 933 1100; x_wconf 85' lang='lat' dir='ltr'><strong>exemplo</strong></span> <span class='ocrx_word' id='word_1_19' title='bbox 956 1017 1066 1084; x_wconf 89' lang='lat' dir='ltr'><strong>confir-</strong></span> <span class='ocrx_word' id='word_1_20' title='bbox 1194 1058 1199 1063; x_wconf 92' lang='lat'>-</span> 
     </span>
     <span class='ocr_line' id='line_1_4' title="bbox 1 1116 1065 1208; baseline 0.006 -26"><span class='ocrx_word' id='word_1_21' title='bbox 1 1122 118 1186; x_wconf 91' lang='lat' dir='ltr'><strong>matum</strong></span> <span class='ocrx_word' id='word_1_22' title='bbox 140 1120 215 1201; x_wconf 89' lang='lat' dir='ltr'><strong>quid</strong></span> <span class='ocrx_word' id='word_1_23' title='bbox 236 1140 307 1187; x_wconf 90' lang='lat' dir='ltr'><strong>cum</strong></span> <span class='ocrx_word' id='word_1_24' title='bbox 328 1121 473 1205; x_wconf 84' lang='lat' dir='ltr'><strong>genetiuo</strong></span> <span class='ocrx_word' id='word_1_25' title='bbox 495 1116 634 1208; x_wconf 78' lang='grc' dir='ltr'><strong>(ἄλλων)</strong></span> <span class='ocrx_word' id='word_1_26' title='bbox 651 1125 845 1189; x_wconf 88' lang='lat' dir='ltr'><strong>coniunctum</strong></span> <span class='ocrx_word' id='word_1_27' title='bbox 869 1122 1065 1207; x_wconf 81' lang='lat' dir='ltr'><strong>significaret</strong></span> 
     </span>
    </p>
   </div>
   <div class='ocr_carea' id='block_1_3' title="bbox 1 1224 1150 4613">
    <p class='ocr_par' dir='ltr' id='par_1_3' title="bbox 1 1224 1150 4188">
     <span class='ocr_line' id='line_1_5' title="bbox 1 1224 1065 1313; baseline 0.005 -23"><span class='ocrx_word' id='word_1_28' title='bbox 1 1224 57 1308; x_wconf 87' lang='lat' dir='ltr'><strong>ipsi</strong></span> <span class='ocrx_word' id='word_1_29' title='bbox 83 1225 203 1308; x_wconf 80' lang='lat' dir='ltr'><strong>antiqui</strong></span> <span class='ocrx_word' id='word_1_30' title='bbox 225 1229 417 1312; x_wconf 85' lang='lat' dir='ltr'><strong>ignorabant,</strong></span> <span class='ocrx_word' id='word_1_31' title='bbox 441 1247 570 1311; x_wconf 89' lang='lat' dir='ltr'><strong>quaeque</strong></span> <span class='ocrx_word' id='word_1_32' title='bbox 592 1230 623 1294; x_wconf 92' lang='lat' dir='ltr'><strong>iu</strong></span> <span class='ocrx_word' id='word_1_33' title='bbox 646 1227 772 1295; x_wconf 80' lang='lat' dir='ltr'><strong>scholiis</strong></span> <span class='ocrx_word' id='word_1_34' title='bbox 794 1232 827 1294; x_wconf 91' lang='lat' dir='ltr'><strong>et</strong></span> <span class='ocrx_word' id='word_1_35' title='bbox 847 1229 930 1313; x_wconf 91' lang='lat' dir='ltr'><strong>apud</strong></span> <span class='ocrx_word' id='word_1_36' title='bbox 952 1230 1065 1295; x_wconf 81' lang='lat' dir='ltr'><strong>Eusta-</strong></span> 
     </span>
     <span class='ocr_line' id='line_1_6' title="bbox 1 1332 1065 1416; baseline 0.004 -20"><span class='ocrx_word' id='word_1_37' title='bbox 1 1332 99 1398; x_wconf 76' lang='lat' dir='ltr'><strong>thium</strong></span> <span class='ocrx_word' id='word_1_38' title='bbox 121 1335 330 1415; x_wconf 89' lang='lat' dir='ltr'><strong>proponuntur</strong></span> <span class='ocrx_word' id='word_1_39' title='bbox 351 1334 618 1416; x_wconf 75' lang='lat' dir='ltr'><strong>interpretationes</strong></span> <span class='ocrx_word' id='word_1_40' title='bbox 641 1337 796 1413; x_wconf 86' lang='lat' dir='ltr'><strong>(enarrant</strong></span> <span class='ocrx_word' id='word_1_41' title='bbox 814 1336 896 1401; x_wconf 93' lang='lat' dir='ltr'><strong>enim</strong></span> <span class='ocrx_word' id='word_1_42' title='bbox 918 1338 974 1401; x_wconf 91' lang='lat' dir='ltr'><strong>ant</strong></span> <span class='ocrx_word' id='word_1_43' title='bbox 994 1335 1065 1400; x_wconf 86' lang='lat' dir='ltr'><strong>aliis</strong></span> 
     </span>
     <span class='ocr_line' id='line_1_7' title="bbox 1 1440 1065 1526; baseline 0 -21"><span class='ocrx_word' id='word_1_44' title='bbox 1 1440 131 1505; x_wconf 87' lang='lat' dir='ltr'><strong>invisum</strong></span> <span class='ocrx_word' id='word_1_45' title='bbox 151 1442 214 1517; x_wconf 75' lang='lat' dir='ltr'><strong>aut,</strong></span> <span class='ocrx_word' id='word_1_46' title='bbox 237 1458 329 1521; x_wconf 91' lang='lat' dir='ltr'><strong>quem</strong></span> <span class='ocrx_word' id='word_1_47' title='bbox 352 1440 481 1505; x_wconf 88' lang='lat' dir='ltr'><strong>aliorum</strong></span> <span class='ocrx_word' id='word_1_48' title='bbox 504 1460 574 1507; x_wconf 90' lang='lat' dir='ltr'><strong>cum</strong></span> <span class='ocrx_word' id='word_1_49' title='bbox 595 1442 706 1507; x_wconf 87' lang='lat' dir='ltr'><strong>timere</strong></span> <span class='ocrx_word' id='word_1_50' title='bbox 728 1442 863 1526; x_wconf 85' lang='lat' dir='ltr'><strong>pudeat),</strong></span> <span class='ocrx_word' id='word_1_51' title='bbox 885 1461 944 1508; x_wconf 91' lang='lat' dir='ltr'><strong>non</strong></span> <span class='ocrx_word' id='word_1_52' title='bbox 966 1441 1065 1507; x_wconf 88' lang='lat' dir='ltr'><strong>solnm</strong></span> 
     </span>
     <span class='ocr_line' id='line_1_8' title="bbox 1 1547 1064 1633; baseline 0 -21"><span class='ocrx_word' id='word_1_53' title='bbox 1 1549 118 1612; x_wconf 83' lang='lat' dir='ltr'><strong>ratione</strong></span> <span class='ocrx_word' id='word_1_54' title='bbox 139 1550 242 1611; x_wconf 86' lang='lat' dir='ltr'><strong>carent</strong></span> <span class='ocrx_word' id='word_1_55' title='bbox 264 1548 429 1629; x_wconf 78' lang='lat' dir='ltr'><strong>formaque</strong></span> <span class='ocrx_word' id='word_1_56' title='bbox 450 1547 511 1629; x_wconf 91' lang='lat' dir='ltr'><strong>ipsi</strong></span> <span class='ocrx_word' id='word_1_57' title='bbox 535 1549 675 1614; x_wconf 88' lang='lat' dir='ltr'><strong>vocabuli</strong></span> <span class='ocrx_word' id='word_1_58' title='bbox 696 1550 879 1633; x_wconf 81' lang='lat' dir='ltr'><strong>repugnant,</strong></span> <span class='ocrx_word' id='word_1_59' title='bbox 900 1548 1064 1614; x_wconf 88' lang='lat' dir='ltr'><strong>sedetiam</strong></span> 
     </span>
     <span class='ocr_line' id='line_1_9' title="bbox 1 1653 1065 1737; baseline 0.002 -19"><span class='ocrx_word' id='word_1_60' title='bbox 1 1653 202 1718; x_wconf 80' lang='lat' dir='ltr'><strong>asentcntiae</strong></span> <span class='ocrx_word' id='word_1_61' title='bbox 225 1655 256 1716; x_wconf 89' lang='lat' dir='ltr'><strong>et</strong></span> <span class='ocrx_word' id='word_1_62' title='bbox 277 1653 420 1718; x_wconf 87' lang='lat' dir='ltr'><strong>orationis</strong></span> <span class='ocrx_word' id='word_1_63' title='bbox 443 1673 520 1719; x_wconf 89' lang='lat' dir='ltr'><strong>ueru</strong></span> <span class='ocrx_word' id='word_1_64' title='bbox 541 1673 665 1737; x_wconf 89' lang='lat' dir='ltr'><strong>prorsus</strong></span> <span class='ocrx_word' id='word_1_65' title='bbox 688 1655 798 1721; x_wconf 83' lang='lat' dir='ltr'><strong>alieuae</strong></span> <span class='ocrx_word' id='word_1_66' title='bbox 820 1657 902 1722; x_wconf 89' lang='lat' dir='ltr'><strong>sunt.</strong></span> <span class='ocrx_word' id='word_1_67' title='bbox 945 1655 1065 1722; x_wconf 73' lang='lat' dir='ltr'><strong>Ariste</strong></span> 
     </span>
     <span class='ocr_line' id='line_1_10' title="bbox 1 1758 1066 1845; baseline 0.002 -21"><span class='ocrx_word' id='word_1_68' title='bbox 1 1760 118 1844; x_wconf 88' lang='lat' dir='ltr'><strong>phanes</strong></span> <span class='ocrx_word' id='word_1_69' title='bbox 145 1758 313 1843; x_wconf 78' lang='lat' dir='ltr'><strong>Byzantius</strong></span> <span class='ocrx_word' id='word_1_70' title='bbox 342 1764 373 1825; x_wconf 91' lang='lat' dir='ltr'><strong>et</strong></span> <span class='ocrx_word' id='word_1_71' title='bbox 401 1760 596 1826; x_wconf 86' lang='lat' dir='ltr'><strong>Herodianus</strong></span> <span class='ocrx_word' id='word_1_72' title='bbox 626 1760 841 1836; x_wconf 85' lang='lat' dir='ltr'><strong>coniecturam,</strong></span> <span class='ocrx_word' id='word_1_73' title='bbox 869 1764 906 1827; x_wconf 91' lang='lat' dir='ltr'><strong>ut</strong></span> <span class='ocrx_word' id='word_1_74' title='bbox 930 1763 1066 1845; x_wconf 74' lang='lat' dir='ltr'><strong>apparet</strong></span> 
     </span>
     <span class='ocr_line' id='line_1_11' title="bbox 1 1859 1065 1951; baseline -0.002 -19"><span class='ocrx_word' id='word_1_75' title='bbox 1 1867 98 1932; x_wconf 77' lang='lat' dir='ltr'><strong>secuti</strong></span> <span class='ocrx_word' id='word_1_76' title='bbox 121 1859 265 1945; x_wconf 76' lang='grc' dir='ltr'><strong><em>ἐπόψιον</em></strong></span> <span class='ocrx_word' id='word_1_77' title='bbox 281 1867 455 1932; x_wconf 82' lang='lat' dir='ltr'><strong>scribebant</strong></span> <span class='ocrx_word' id='word_1_78' title='bbox 476 1866 666 1951; x_wconf 85' lang='lat' dir='ltr'><strong>intelligique</strong></span> <span class='ocrx_word' id='word_1_79' title='bbox 689 1867 833 1934; x_wconf 88' lang='lat' dir='ltr'><strong>volebant</strong></span> <span class='ocrx_word' id='word_1_80' title='bbox 854 1887 935 1942; x_wconf 91' lang='lat' dir='ltr'><strong>eum,</strong></span> <span class='ocrx_word' id='word_1_81' title='bbox 958 1866 1012 1950; x_wconf 92' lang='lat' dir='ltr'><strong>qui</strong></span> <span class='ocrx_word' id='word_1_82' title='bbox 1034 1867 1065 1930; x_wconf 91' lang='lat' dir='ltr'><strong>in</strong></span> 
     </span>
     <span class='ocr_line' id='line_1_12' title="bbox 1 1969 1066 2058; baseline -0.001 -20"><span class='ocrx_word' id='word_1_83' title='bbox 1 1972 131 2038; x_wconf 83' lang='lat' dir='ltr'><strong>eliorum</strong></span> <span class='ocrx_word' id='word_1_84' title='bbox 153 1974 317 2053; x_wconf 85' lang='lat' dir='ltr'><strong>conspectu</strong></span> <span class='ocrx_word' id='word_1_85' title='bbox 339 1977 390 2051; x_wconf 79' lang='grc' dir='ltr'><strong>(ἐν</strong></span> <span class='ocrx_word' id='word_1_86' title='bbox 412 1969 489 2050; x_wconf 75' lang='lat' dir='ltr'><strong>ioca</strong></span> <span class='ocrx_word' id='word_1_87' title='bbox 512 1969 636 2054; x_wconf 82' lang='grc' dir='ltr'><strong><em>ἄλλων)</em></strong></span> <span class='ocrx_word' id='word_1_88' title='bbox 659 1973 792 2056; x_wconf 84' lang='lat' dir='ltr'><strong>turpiter</strong></span> <span class='ocrx_word' id='word_1_89' title='bbox 821 1993 854 2040; x_wconf 92' lang='lat' dir='ltr'><strong>se</strong></span> <span class='ocrx_word' id='word_1_90' title='bbox 883 1979 1012 2058; x_wconf 78' lang='lat' dir='ltr'><strong>gereret,</strong></span> <span class='ocrx_word' id='word_1_91' title='bbox 1035 1975 1066 2037; x_wconf 90' lang='lat' dir='ltr'><strong>in</strong></span> 
     </span>
     <span class='ocr_line' id='line_1_13' title="bbox 1 2078 1068 2164; baseline 0.002 -21"><span class='ocrx_word' id='word_1_92' title='bbox 1 2098 62 2163; x_wconf 92' lang='lat' dir='ltr'><strong>qua</strong></span> <span class='ocrx_word' id='word_1_93' title='bbox 84 2079 234 2159; x_wconf 87' lang='lat' dir='ltr'><strong>scriptura</strong></span> <span class='ocrx_word' id='word_1_94' title='bbox 255 2083 288 2143; x_wconf 91' lang='lat' dir='ltr'><strong>et</strong></span> <span class='ocrx_word' id='word_1_95' title='bbox 309 2078 509 2154; x_wconf 85' lang='lat' dir='ltr'><strong>enarratione,</strong></span> <span class='ocrx_word' id='word_1_96' title='bbox 532 2085 735 2163; x_wconf 84' lang='lat' dir='ltr'><strong>praeterquanr</strong></span> <span class='ocrx_word' id='word_1_97' title='bbox 763 2081 845 2164; x_wconf 91' lang='lat' dir='ltr'><strong>quod</strong></span> <span class='ocrx_word' id='word_1_98' title='bbox 870 2100 964 2164; x_wconf 88' lang='lat' dir='ltr'><strong>prava</strong></span> <span class='ocrx_word' id='word_1_99' title='bbox 978 2098 1068 2146; x_wconf 86' lang='lat' dir='ltr'><strong>roca-</strong></span> 
     </span>
     <span class='ocr_line' id='line_1_14' title="bbox 1 2172 1150 2270; baseline -0.002 -19"><span class='ocrx_word' id='word_1_100' title='bbox 1 2186 66 2251; x_wconf 86' lang='lat' dir='ltr'><strong>nuli</strong></span> <span class='ocrx_word' id='word_1_101' title='bbox 90 2185 186 2249; x_wconf 82' lang='lat' dir='ltr'><strong>forma</strong></span> <span class='ocrx_word' id='word_1_102' title='bbox 207 2188 320 2262; x_wconf 84' lang='lat' dir='ltr'><strong>manet,</strong></span> <span class='ocrx_word' id='word_1_103' title='bbox 345 2205 490 2270; x_wconf 88' lang='lat' dir='ltr'><strong>perquam</strong></span> <span class='ocrx_word' id='word_1_104' title='bbox 513 2172 715 2259; x_wconf 85' lang='lat' dir='ltr'><strong>incommode,</strong></span> <span class='ocrx_word' id='word_1_105' title='bbox 741 2207 780 2253; x_wconf 91' lang='lat' dir='ltr'><strong>ne</strong></span> <span class='ocrx_word' id='word_1_106' title='bbox 806 2187 905 2253; x_wconf 92' lang='lat' dir='ltr'><strong>dicam</strong></span> <span class='ocrx_word' id='word_1_107' title='bbox 926 2185 1066 2256; x_wconf 86' lang='lat' dir='ltr'><strong>ridicule,</strong></span> <span class='ocrx_word' id='word_1_108' title='bbox 1145 2180 1150 2185; x_wconf 81' lang='grc'>’</span> 
     </span>
     <span class='ocr_line' id='line_1_15' title="bbox 1 2292 1069 2377; baseline -0.001 -19"><span class='ocrx_word' id='word_1_109' title='bbox 1 2292 124 2362; x_wconf 78' lang='lat' dir='ltr'><strong>eccidit.</strong></span> <span class='ocrx_word' id='word_1_110' title='bbox 146 2295 182 2355; x_wconf 95' lang='lat' dir='ltr'><strong>nt</strong></span> <span class='ocrx_word' id='word_1_111' title='bbox 203 2293 300 2373; x_wconf 92' lang='lat' dir='ltr'><strong>ipsius</strong></span> <span class='ocrx_word' id='word_1_112' title='bbox 322 2294 525 2375; x_wconf 87' lang='lat' dir='ltr'><strong>turpitudinis</strong></span> <span class='ocrx_word' id='word_1_113' title='bbox 546 2297 640 2377; x_wconf 89' lang='lat' dir='ltr'><strong>atque</strong></span> <span class='ocrx_word' id='word_1_114' title='bbox 663 2293 818 2360; x_wconf 83' lang='lat' dir='ltr'><strong>dedecoris</strong></span> <span class='ocrx_word' id='word_1_115' title='bbox 841 2294 927 2359; x_wconf 93' lang='lat' dir='ltr'><strong>nulla</strong></span> <span class='ocrx_word' id='word_1_116' title='bbox 944 2293 1069 2359; x_wconf 90' lang='lat' dir='ltr'><strong>omniuo</strong></span> 
     </span>
     <span class='ocr_line' id='line_1_16' title="bbox 1 2398 1068 2483; baseline -0.002 -19"><span class='ocrx_word' id='word_1_117' title='bbox 1 2400 31 2464; x_wconf 89' lang='lat' dir='ltr'><strong>iu</strong></span> <span class='ocrx_word' id='word_1_118' title='bbox 55 2398 205 2464; x_wconf 85' lang='lat' dir='ltr'><strong>uocabulo</strong></span> <span class='ocrx_word' id='word_1_119' title='bbox 233 2398 420 2483; x_wconf 85' lang='lat' dir='ltr'><strong>significatio</strong></span> <span class='ocrx_word' id='word_1_120' title='bbox 449 2399 533 2479; x_wconf 81' lang='lat' dir='ltr'><strong>insit,</strong></span> <span class='ocrx_word' id='word_1_121' title='bbox 553 2403 616 2466; x_wconf 47' lang='lat' dir='ltr'><strong>‘sed</strong></span> <span class='ocrx_word' id='word_1_122' title='bbox 639 2400 852 2467; x_wconf 88' lang='lat' dir='ltr'><strong>tantummodo</strong></span> <span class='ocrx_word' id='word_1_123' title='bbox 881 2400 1016 2465; x_wconf 93' lang='lat' dir='ltr'><strong>hominis</strong></span> <span class='ocrx_word' id='word_1_124' title='bbox 1036 2399 1068 2463; x_wconf 94' lang='lat' dir='ltr'><strong>in</strong></span> 
     </span>
     <span class='ocr_line' id='line_1_17' title="bbox 1 2506 1068 2588; baseline -0.003 -16"><span class='ocrx_word' id='word_1_125' title='bbox 1 2506 132 2572; x_wconf 85' lang='lat' dir='ltr'><strong>aliorum</strong></span> <span class='ocrx_word' id='word_1_126' title='bbox 164 2506 328 2587; x_wconf 89' lang='lat' dir='ltr'><strong>conspectu</strong></span> <span class='ocrx_word' id='word_1_127' title='bbox 363 2506 466 2588; x_wconf 90' lang='lat' dir='ltr'><strong>positi.</strong></span> <span class='ocrx_word' id='word_1_128' title='bbox 520 2507 571 2572; x_wconf 83' lang='lat' dir='ltr'><strong>Ad</strong></span> <span class='ocrx_word' id='word_1_129' title='bbox 608 2526 676 2573; x_wconf 93' lang='lat' dir='ltr'><strong>eam</strong></span> <span class='ocrx_word' id='word_1_130' title='bbox 712 2506 938 2581; x_wconf 86' lang='lat' dir='ltr'><strong>difficultatem,</strong></span> <span class='ocrx_word' id='word_1_131' title='bbox 975 2522 1068 2588; x_wconf 89' lang='lat' dir='ltr'><strong>quam</strong></span> 
     </span>
     <span class='ocr_line' id='line_1_18' title="bbox 1 2610 1070 2697; baseline -0.004 -19"><span class='ocrx_word' id='word_1_132' title='bbox 1 2611 146 2678; x_wconf 87' lang='lat' dir='ltr'><strong>adiectivi</strong></span> <span class='ocrx_word' id='word_1_133' title='bbox 168 2611 351 2696; x_wconf 88' lang='lat' dir='ltr'><strong>significatio</strong></span> <span class='ocrx_word' id='word_1_134' title='bbox 374 2614 406 2676; x_wconf 88' lang='lat' dir='ltr'><strong>et</strong></span> <span class='ocrx_word' id='word_1_135' title='bbox 427 2631 498 2677; x_wconf 90' lang='lat' dir='ltr'><strong>cum</strong></span> <span class='ocrx_word' id='word_1_136' title='bbox 518 2614 660 2697; x_wconf 85' lang='lat' dir='ltr'><strong>genetivo</strong></span> <span class='ocrx_word' id='word_1_137' title='bbox 681 2613 854 2679; x_wconf 90' lang='lat' dir='ltr'><strong>coniunctio</strong></span> <span class='ocrx_word' id='word_1_138' title='bbox 876 2613 980 2695; x_wconf 87' lang='lat' dir='ltr'><strong>habet,</strong></span> <span class='ocrx_word' id='word_1_139' title='bbox 1002 2610 1070 2675; x_wconf 82' lang='lat' dir='ltr'><strong>duae</strong></span> 
     </span>
     <span class='ocr_line' id='line_1_19' title="bbox 1 2718 1136 2802; baseline -0.006 -17"><span class='ocrx_word' id='word_1_140' title='bbox 1 2721 71 2785; x_wconf 81' lang='lat' dir='ltr'><strong>uliae</strong></span> <span class='ocrx_word' id='word_1_141' title='bbox 103 2719 253 2785; x_wconf 87' lang='lat' dir='ltr'><strong>accedunt</strong></span> <span class='ocrx_word' id='word_1_142' title='bbox 285 2737 304 2783; x_wconf 86' lang='lat' dir='ltr'><strong>a</strong></span> <span class='ocrx_word' id='word_1_143' title='bbox 336 2718 492 2784; x_wconf 84' lang='lat' dir='ltr'><strong>veteribus</strong></span> <span class='ocrx_word' id='word_1_144' title='bbox 525 2719 735 2802; x_wconf 80' lang='lat' dir='ltr'><strong>grammaticis</strong></span> <span class='ocrx_word' id='word_1_145' title='bbox 765 2739 826 2785; x_wconf 90' lang='lat' dir='ltr'><strong>non</strong></span> <span class='ocrx_word' id='word_1_146' title='bbox 848 2718 1071 2785; x_wconf 81' lang='lat' dir='ltr'><strong>animadversae</strong></span> <span class='ocrx_word' id='word_1_147' title='bbox 1131 2774 1136 2778; x_wconf 74' lang='grc'>,</span> 
     </span>
     <span class='ocr_line' id='line_1_20' title="bbox 1 2817 1072 2908; baseline -0.002 -16"><span class='ocrx_word' id='word_1_148' title='bbox 1 2828 57 2893; x_wconf 90' lang='lat' dir='ltr'><strong>aut</strong></span> <span class='ocrx_word' id='word_1_149' title='bbox 79 2826 189 2892; x_wconf 89' lang='lat' dir='ltr'><strong>saltem</strong></span> <span class='ocrx_word' id='word_1_150' title='bbox 212 2843 272 2889; x_wconf 92' lang='lat' dir='ltr'><strong>non</strong></span> <span class='ocrx_word' id='word_1_151' title='bbox 289 2828 543 2904; x_wconf 74' lang='lat' dir='ltr'><strong>commemorata,</strong></span> <span class='ocrx_word' id='word_1_152' title='bbox 564 2826 731 2908; x_wconf 91' lang='lat' dir='ltr'><strong>quodcum</strong></span> <span class='ocrx_word' id='word_1_153' title='bbox 747 2817 1072 2908; x_wconf 69' lang='lat' dir='ltr'><strong>substentirolcipipv</strong></span> 
     </span>
     <span class='ocr_line' id='line_1_21' title="bbox 1 2930 1069 3014; baseline -0.005 -15"><span class='ocrx_word' id='word_1_154' title='bbox 1 2933 172 2999; x_wconf 89' lang='lat' dir='ltr'><strong>necessario</strong></span> <span class='ocrx_word' id='word_1_155' title='bbox 210 2930 340 2997; x_wconf 81' lang='lat' dir='ltr'><strong>altermn</strong></span> <span class='ocrx_word' id='word_1_156' title='bbox 377 2931 607 2997; x_wconf 86' lang='lat' dir='ltr'><strong>substantivum</strong></span> <span class='ocrx_word' id='word_1_157' title='bbox 650 2931 855 3014; x_wconf 87' lang='lat' dir='ltr'><strong>copulandum</strong></span> <span class='ocrx_word' id='word_1_158' title='bbox 898 2933 973 3009; x_wconf 73' lang='lat' dir='ltr'><strong>erat</strong></span> <span class='ocrx_word' id='word_1_159' title='bbox 1009 2948 1069 2995; x_wconf 92' lang='lat' dir='ltr'><strong>non</strong></span> 
     </span>
     <span class='ocr_line' id='line_1_22' title="bbox 1 3035 1069 3123; baseline -0.004 -17"><span class='ocrx_word' id='word_1_160' title='bbox 1 3039 198 3115; x_wconf 80' lang='lat' dir='ltr'><strong>adiectirum</strong></span> <span class='ocrx_word' id='word_1_161' title='bbox 219 3042 250 3103; x_wconf 89' lang='lat' dir='ltr'><strong>et</strong></span> <span class='ocrx_word' id='word_1_162' title='bbox 272 3036 353 3121; x_wconf 91' lang='lat' dir='ltr'><strong>quod</strong></span> <span class='ocrx_word' id='word_1_163' title='bbox 375 3038 432 3103; x_wconf 92' lang='lat' dir='ltr'><strong>hoc</strong></span> <span class='ocrx_word' id='word_1_164' title='bbox 454 3040 554 3123; x_wconf 91' lang='lat' dir='ltr'><strong>ipsum</strong></span> <span class='ocrx_word' id='word_1_165' title='bbox 576 3038 803 3104; x_wconf 87' lang='lat' dir='ltr'><strong>substantivum</strong></span> <span class='ocrx_word' id='word_1_166' title='bbox 829 3035 979 3105; x_wconf 92' lang='lat' dir='ltr'><strong>eiusmodi</strong></span> <span class='ocrx_word' id='word_1_167' title='bbox 1002 3053 1069 3102; x_wconf 89' lang='lat' dir='ltr'><strong>csse</strong></span> 
     </span>
     <span class='ocr_line' id='line_1_23' title="bbox 1 3141 1071 3229; baseline -0.004 -17"><span class='ocrx_word' id='word_1_168' title='bbox 1 3147 106 3223; x_wconf 79' lang='lat' dir='ltr'><strong>debet,</strong></span> <span class='ocrx_word' id='word_1_169' title='bbox 142 3151 177 3211; x_wconf 91' lang='lat' dir='ltr'><strong>ut</strong></span> <span class='ocrx_word' id='word_1_170' title='bbox 205 3146 365 3229; x_wconf 85' lang='lat' dir='ltr'><strong>genetivus</strong></span> <span class='ocrx_word' id='word_1_171' title='bbox 386 3142 500 3210; x_wconf 77' lang='grc' dir='ltr'><strong><em>ἄλλων</em></strong></span> <span class='ocrx_word' id='word_1_172' title='bbox 521 3143 615 3210; x_wconf 88' lang='lat' dir='ltr'><strong>simul</strong></span> <span class='ocrx_word' id='word_1_173' title='bbox 645 3145 673 3209; x_wconf 92' lang='lat' dir='ltr'><strong>ei</strong></span> <span class='ocrx_word' id='word_1_174' title='bbox 701 3144 761 3226; x_wconf 91' lang='lat' dir='ltr'><strong>ipsi</strong></span> <span class='ocrx_word' id='word_1_175' title='bbox 782 3146 877 3227; x_wconf 89' lang='lat' dir='ltr'><strong>atque</strong></span> <span class='ocrx_word' id='word_1_176' title='bbox 898 3143 987 3210; x_wconf 89' lang='lat' dir='ltr'><strong>alteri</strong></span> <span class='ocrx_word' id='word_1_177' title='bbox 1009 3141 1071 3227; x_wconf 75' lang='grc' dir='ltr'><strong>τῆς</strong></span> 
     </span>
     <span class='ocr_line' id='line_1_24' title="bbox 1 3242 1071 3338; baseline -0.006 -17"><span class='ocrx_word' id='word_1_178' title='bbox 1 3248 119 3338; x_wconf 82' lang='grc' dir='ltr'><strong><em>λώβης</em></strong></span> <span class='ocrx_word' id='word_1_179' title='bbox 139 3251 255 3317; x_wconf 91' lang='lat' dir='ltr'><strong>nomini</strong></span> <span class='ocrx_word' id='word_1_180' title='bbox 276 3250 402 3335; x_wconf 90' lang='lat' dir='ltr'><strong>adiungi</strong></span> <span class='ocrx_word' id='word_1_181' title='bbox 423 3251 531 3335; x_wconf 89' lang='lat' dir='ltr'><strong>possit.</strong></span> <span class='ocrx_word' id='word_1_182' title='bbox 574 3250 685 3335; x_wconf 86' lang='lat' dir='ltr'><strong>Neque</strong></span> <span class='ocrx_word' id='word_1_183' title='bbox 707 3251 788 3316; x_wconf 91' lang='lat' dir='ltr'><strong>enim</strong></span> <span class='ocrx_word' id='word_1_184' title='bbox 815 3251 955 3317; x_wconf 84' lang='lat' dir='ltr'><strong>absolute</strong></span> <span class='ocrx_word' id='word_1_185' title='bbox 977 3242 1071 3336; x_wconf 89' lang='grc' dir='ltr'><strong><em>λώβη</em></strong></span> 
     </span>
     <span class='ocr_line' id='line_1_25' title="bbox 1 3351 1070 3444; baseline -0.005 -18"><span class='ocrx_word' id='word_1_186' title='bbox 1 3361 97 3426; x_wconf 86' lang='lat' dir='ltr'><strong>homo</strong></span> <span class='ocrx_word' id='word_1_187' title='bbox 130 3358 189 3424; x_wconf 91' lang='lat' dir='ltr'><strong>dici</strong></span> <span class='ocrx_word' id='word_1_188' title='bbox 222 3360 335 3441; x_wconf 88' lang='lat' dir='ltr'><strong>potest,</strong></span> <span class='ocrx_word' id='word_1_189' title='bbox 369 3358 424 3423; x_wconf 91' lang='lat' dir='ltr'><strong>sed</strong></span> <span class='ocrx_word' id='word_1_190' title='bbox 456 3351 551 3444; x_wconf 89' lang='grc' dir='ltr'><strong><em>λώβη</em></strong></span> <span class='ocrx_word' id='word_1_191' title='bbox 583 3352 707 3441; x_wconf 71' lang='grc' dir='ltr'><strong><em>ἄλλων,</em></strong></span> <span class='ocrx_word' id='word_1_192' title='bbox 741 3359 792 3441; x_wconf 93' lang='lat' dir='ltr'><strong>qni</strong></span> <span class='ocrx_word' id='word_1_193' title='bbox 820 3357 889 3423; x_wconf 88' lang='lat' dir='ltr'><strong>aliis</strong></span> <span class='ocrx_word' id='word_1_194' title='bbox 911 3357 1070 3441; x_wconf 90' lang='lat' dir='ltr'><strong>opprobrio</strong></span> 
     </span>
     <span class='ocr_line' id='line_1_26' title="bbox 1 3462 1071 3549; baseline -0.004 -17"><span class='ocrx_word' id='word_1_195' title='bbox 1 3469 97 3549; x_wconf 87' lang='lat' dir='ltr'><strong>atquc</strong></span> <span class='ocrx_word' id='word_1_196' title='bbox 130 3464 271 3532; x_wconf 88' lang='lat' dir='ltr'><strong>dedecori</strong></span> <span class='ocrx_word' id='word_1_197' title='bbox 300 3467 350 3532; x_wconf 85' lang='lat' dir='ltr'><strong>sit.</strong></span> <span class='ocrx_word' id='word_1_198' title='bbox 400 3465 645 3543; x_wconf 80' lang='lat' dir='ltr'><strong>Substantivum,</strong></span> <span class='ocrx_word' id='word_1_199' title='bbox 669 3465 746 3547; x_wconf 91' lang='lat' dir='ltr'><strong>quod</strong></span> <span class='ocrx_word' id='word_1_200' title='bbox 771 3465 889 3529; x_wconf 88' lang='lat' dir='ltr'><strong>certum</strong></span> <span class='ocrx_word' id='word_1_201' title='bbox 912 3465 961 3528; x_wconf 89' lang='lat' dir='ltr'><strong>est</strong></span> <span class='ocrx_word' id='word_1_202' title='bbox 981 3462 1032 3529; x_wconf 92' lang='lat' dir='ltr'><strong>hic</strong></span> <span class='ocrx_word' id='word_1_203' title='bbox 1052 3482 1071 3528; x_wconf 94' lang='lat' dir='ltr'><strong>a</strong></span> 
     </span>
     <span class='ocr_line' id='line_1_27' title="bbox 1 3568 1071 3657; baseline -0.003 -19"><span class='ocrx_word' id='word_1_204' title='bbox 1 3578 94 3657; x_wconf 77' lang='lat' dir='ltr'><strong>poeta</strong></span> <span class='ocrx_word' id='word_1_205' title='bbox 126 3571 261 3653; x_wconf 89' lang='lat' dir='ltr'><strong>pesitum</strong></span> <span class='ocrx_word' id='word_1_206' title='bbox 294 3571 398 3644; x_wconf 83' lang='lat' dir='ltr'><strong>fnisse,</strong></span> <span class='ocrx_word' id='word_1_207' title='bbox 434 3573 524 3655; x_wconf 92' lang='lat' dir='ltr'><strong>quale</strong></span> <span class='ocrx_word' id='word_1_208' title='bbox 556 3572 623 3654; x_wconf 91' lang='lat' dir='ltr'><strong>ipso</strong></span> <span class='ocrx_word' id='word_1_209' title='bbox 655 3589 727 3636; x_wconf 90' lang='lat' dir='ltr'><strong>seno</strong></span> <span class='ocrx_word' id='word_1_210' title='bbox 761 3568 934 3652; x_wconf 86' lang='lat' dir='ltr'><strong>litterisque</strong></span> <span class='ocrx_word' id='word_1_211' title='bbox 966 3569 1071 3647; x_wconf 80' lang='lat' dir='ltr'><strong>fuerit,</strong></span> 
     </span>
     <span class='ocr_line' id='line_1_28' title="bbox 1 3675 1070 3764; baseline -0.006 -18"><span class='ocrx_word' id='word_1_212' title='bbox 1 3678 131 3746; x_wconf 90' lang='lat' dir='ltr'><strong>definire</strong></span> <span class='ocrx_word' id='word_1_213' title='bbox 164 3698 221 3743; x_wconf 92' lang='lat' dir='ltr'><strong>non</strong></span> <span class='ocrx_word' id='word_1_214' title='bbox 254 3678 372 3755; x_wconf 89' lang='lat' dir='ltr'><strong>ausim;</strong></span> <span class='ocrx_word' id='word_1_215' title='bbox 406 3678 630 3764; x_wconf 85' lang='lat' dir='ltr'><strong>significatione</strong></span> <span class='ocrx_word' id='word_1_216' title='bbox 662 3676 747 3743; x_wconf 91' lang='lat' dir='ltr'><strong>idem</strong></span> <span class='ocrx_word' id='word_1_217' title='bbox 780 3676 847 3750; x_wconf 85' lang='lat' dir='ltr'><strong>init,</strong></span> <span class='ocrx_word' id='word_1_218' title='bbox 879 3676 961 3759; x_wconf 90' lang='lat' dir='ltr'><strong>quod</strong></span> <span class='ocrx_word' id='word_1_219' title='bbox 988 3675 1070 3760; x_wconf 91' lang='lat' dir='ltr'><strong>apud</strong></span> 
     </span>
     <span class='ocr_line' id='line_1_29' title="bbox 1 3778 1070 3868; baseline -0.006 -15"><span class='ocrx_word' id='word_1_220' title='bbox 1 3785 244 3868; x_wconf 80' lang='lat' dir='ltr'><strong>Aristophanem</strong></span> <span class='ocrx_word' id='word_1_221' title='bbox 266 3784 511 3868; x_wconf 87' lang='lat' dir='ltr'><strong>posterioresque</strong></span> <span class='ocrx_word' id='word_1_222' title='bbox 532 3778 735 3851; x_wconf 76' lang='grc' dir='ltr'><strong><em>ώπώηιον</em></strong></span> <span class='ocrx_word' id='word_1_223' title='bbox 755 3788 854 3858; x_wconf 89' lang='lat' dir='ltr'><strong>sonat,</strong></span> <span class='ocrx_word' id='word_1_224' title='bbox 869 3783 927 3848; x_wconf 91' lang='lat' dir='ltr'><strong>hoc</strong></span> <span class='ocrx_word' id='word_1_225' title='bbox 944 3785 1003 3858; x_wconf 78' lang='lat' dir='ltr'><strong>est,</strong></span> <span class='ocrx_word' id='word_1_226' title='bbox 1020 3801 1070 3847; x_wconf 90' lang='lat' dir='ltr'><strong>su·</strong></span> 
     </span>
     <span class='ocr_line' id='line_1_30' title="bbox 1 3890 1070 3978; baseline -0.003 -21"><span class='ocrx_word' id='word_1_227' title='bbox 1 3891 132 3978; x_wconf 78' lang='lat' dir='ltr'><strong>gillotio,</strong></span> <span class='ocrx_word' id='word_1_228' title='bbox 155 3911 223 3974; x_wconf 86' lang='lat' dir='ltr'><strong>quae</strong></span> <span class='ocrx_word' id='word_1_229' title='bbox 244 3911 298 3975; x_wconf 91' lang='lat' dir='ltr'><strong>pro</strong></span> <span class='ocrx_word' id='word_1_230' title='bbox 320 3891 504 3977; x_wconf 82' lang='lat' dir='ltr'><strong>grauissima</strong></span> <span class='ocrx_word' id='word_1_231' title='bbox 517 3892 703 3959; x_wconf 88' lang='lat' dir='ltr'><strong>contumelia</strong></span> <span class='ocrx_word' id='word_1_232' title='bbox 718 3891 841 3956; x_wconf 88' lang='lat' dir='ltr'><strong>dicitur.</strong></span> <span class='ocrx_word' id='word_1_233' title='bbox 886 3891 973 3954; x_wconf 86' lang='lat' dir='ltr'><strong>Paris</strong></span> <span class='ocrx_word' id='word_1_234' title='bbox 988 3890 1070 3954; x_wconf 87' lang='lat' dir='ltr'><strong>Hec-</strong></span> 
     </span>
     <span class='ocr_line' id='line_1_31' title="bbox 1 3997 1072 4082; baseline -0.005 -17"><span class='ocrx_word' id='word_1_235' title='bbox 1 3998 82 4065; x_wconf 84' lang='lat' dir='ltr'><strong>toris</strong></span> <span class='ocrx_word' id='word_1_236' title='bbox 103 3997 217 4063; x_wconf 88' lang='lat' dir='ltr'><strong>iudicio</strong></span> <span class='ocrx_word' id='word_1_237' title='bbox 238 3999 433 4080; x_wconf 90' lang='lat' dir='ltr'><strong>opprobrium</strong></span> <span class='ocrx_word' id='word_1_238' title='bbox 455 4000 549 4080; x_wconf 90' lang='lat' dir='ltr'><strong>atque</strong></span> <span class='ocrx_word' id='word_1_239' title='bbox 571 3998 728 4082; x_wconf 86' lang='lat' dir='ltr'><strong>sugillatio</strong></span> <span class='ocrx_word' id='word_1_240' title='bbox 743 4000 925 4072; x_wconf 78' lang='lat' dir='ltr'><strong>ceterorum,</strong></span> <span class='ocrx_word' id='word_1_241' title='bbox 939 3997 1072 4061; x_wconf 82' lang='lat' dir='ltr'><strong>maxime</strong></span> 
     </span>
     <span class='ocr_line' id='line_1_32' title="bbox 1 4105 373 4188; baseline -0.005 -16"><span class='ocrx_word' id='word_1_242' title='bbox 1 4106 102 4188; x_wconf 87' lang='lat' dir='ltr'><strong>ipsius</strong></span> <span class='ocrx_word' id='word_1_243' title='bbox 126 4105 276 4184; x_wconf 79' lang='lat' dir='ltr'><strong>Hectoris,</strong></span> <span class='ocrx_word' id='word_1_244' title='bbox 299 4110 373 4170; x_wconf 89' lang='lat' dir='ltr'><strong>erat.</strong></span> 
     </span>
    </p>

    <p class='ocr_par' dir='ltr' id='par_1_4' title="bbox 1 4209 1073 4613">
     <span class='ocr_line' id='line_1_33' title="bbox 107 4209 1072 4295; baseline -0.001 -20"><span class='ocrx_word' id='word_1_245' title='bbox 107 4211 142 4275; x_wconf 94' lang='lat' dir='ltr'><strong>lu</strong></span> <span class='ocrx_word' id='word_1_246' title='bbox 166 4209 273 4276; x_wconf 85' lang='lat' dir='ltr'><strong>iliadis</strong></span> <span class='ocrx_word' id='word_1_247' title='bbox 295 4211 373 4277; x_wconf 92' lang='lat' dir='ltr'><strong>libro</strong></span> <span class='ocrx_word' id='word_1_248' title='bbox 398 4211 452 4285; x_wconf 88' lang='lat' dir='ltr'><strong>Vl,</strong></span> <span class='ocrx_word' id='word_1_249' title='bbox 474 4210 535 4274; x_wconf 72' lang='lat'><strong>286</strong></span> <span class='ocrx_word' id='word_1_250' title='bbox 558 4231 625 4295; x_wconf 89' lang='lat' dir='ltr'><strong>sqq.</strong></span> <span class='ocrx_word' id='word_1_251' title='bbox 668 4211 796 4276; x_wconf 89' lang='lat' dir='ltr'><strong>Hecuba</strong></span> <span class='ocrx_word' id='word_1_252' title='bbox 810 4210 954 4276; x_wconf 87' lang='lat' dir='ltr'><strong>Hectoris</strong></span> <span class='ocrx_word' id='word_1_253' title='bbox 972 4209 1072 4275; x_wconf 89' lang='lat' dir='ltr'><strong>mater</strong></span> 
     </span>
     <span class='ocr_line' id='line_1_34' title="bbox 1 4315 1070 4401; baseline -0.005 -16"><span class='ocrx_word' id='word_1_254' title='bbox 1 4319 61 4385; x_wconf 89' lang='lat' dir='ltr'><strong>lilii</strong></span> <span class='ocrx_word' id='word_1_255' title='bbox 84 4317 243 4382; x_wconf 88' lang='lat' dir='ltr'><strong>admonitu</strong></span> <span class='ocrx_word' id='word_1_256' title='bbox 267 4319 381 4383; x_wconf 91' lang='lat' dir='ltr'><strong>donum</strong></span> <span class='ocrx_word' id='word_1_257' title='bbox 404 4317 583 4401; x_wconf 85' lang='lat' dir='ltr'><strong>praeclarum</strong></span> <span class='ocrx_word' id='word_1_258' title='bbox 598 4317 787 4400; x_wconf 89' lang='lat' dir='ltr'><strong>prompsisse</strong></span> <span class='ocrx_word' id='word_1_259' title='bbox 801 4320 952 4393; x_wconf 80' lang='lat' dir='ltr'><strong>narratur,</strong></span> <span class='ocrx_word' id='word_1_260' title='bbox 968 4315 1070 4382; x_wconf 85' lang='lat' dir='ltr'><strong>uelum</strong></span> 
     </span>
     <span class='ocr_line' id='line_1_35' title="bbox 1 4422 1072 4510; baseline -0.004 -18"><span class='ocrx_word' id='word_1_261' title='bbox 1 4425 169 4510; x_wconf 78' lang='grc' dir='ltr'><strong>(πέπλον)</strong></span> <span class='ocrx_word' id='word_1_262' title='bbox 192 4422 474 4507; x_wconf 85' lang='lat' dir='ltr'><strong>splendidissimum</strong></span> <span class='ocrx_word' id='word_1_263' title='bbox 496 4429 527 4488; x_wconf 91' lang='lat' dir='ltr'><strong>et</strong></span> <span class='ocrx_word' id='word_1_264' title='bbox 549 4422 631 4507; x_wconf 93' lang='lat' dir='ltr'><strong>quod</strong></span> <span class='ocrx_word' id='word_1_265' title='bbox 653 4423 734 4488; x_wconf 88' lang='lat' dir='ltr'><strong>inter</strong></span> <span class='ocrx_word' id='word_1_266' title='bbox 754 4423 817 4488; x_wconf 87' lang='lat' dir='ltr'><strong>alia</strong></span> <span class='ocrx_word' id='word_1_267' title='bbox 832 4423 965 4507; x_wconf 89' lang='lat' dir='ltr'><strong>pretiosa</strong></span> <span class='ocrx_word' id='word_1_268' title='bbox 979 4423 1072 4490; x_wconf 87' lang='lat' dir='ltr'><strong>caris·</strong></span> 
     </span>
     <span class='ocr_line' id='line_1_36' title="bbox 1 4528 1073 4613; baseline -0.007 -13"><span class='ocrx_word' id='word_1_269' title='bbox 1 4536 120 4600; x_wconf 90' lang='lat' dir='ltr'><strong>simum</strong></span> <span class='ocrx_word' id='word_1_270' title='bbox 144 4532 227 4596; x_wconf 88' lang='lat' dir='ltr'><strong>esset</strong></span> <span class='ocrx_word' id='word_1_271' title='bbox 247 4537 340 4612; x_wconf 88' lang='lat' dir='ltr'><strong>atque</strong></span> <span class='ocrx_word' id='word_1_272' title='bbox 362 4531 394 4595; x_wconf 91' lang='lat' dir='ltr'><strong>in</strong></span> <span class='ocrx_word' id='word_1_273' title='bbox 417 4550 487 4596; x_wconf 88' lang='lat' dir='ltr'><strong>area</strong></span> <span class='ocrx_word' id='word_1_274' title='bbox 508 4531 571 4595; x_wconf 86' lang='lat' dir='ltr'><strong>ima</strong></span> <span class='ocrx_word' id='word_1_275' title='bbox 598 4532 776 4613; x_wconf 89' lang='lat' dir='ltr'><strong>repositum,</strong></span> <span class='ocrx_word' id='word_1_276' title='bbox 805 4536 840 4597; x_wconf 91' lang='lat' dir='ltr'><strong>ut</strong></span> <span class='ocrx_word' id='word_1_277' title='bbox 867 4528 899 4596; x_wconf 90' lang='lat' dir='ltr'><strong>id</strong></span> <span class='ocrx_word' id='word_1_278' title='bbox 921 4529 1073 4596; x_wconf 87' lang='lat' dir='ltr'><strong>comitan-</strong></span> 
     </span>
    </p>
   </div>
   <div class='ocr_carea' id='block_1_4' title="bbox 0 0 1301 5054">
    <p class='ocr_par' dir='ltr' id='par_1_5' title="bbox 0 0 1301 5054">
     <span class='ocr_line' id='line_1_37' title="bbox 0 0 1301 5054; baseline 0 0"><span class='ocrx_word' id='word_1_279' title='bbox 0 0 1301 5054; x_wconf 95' lang='lat' dir='ltr'><strong> </strong></span> 
     </span>
    </p>
   </div>
  </div>
 </body>
</html>
