2678 5016
247 265 306 331 126
605 265 666 322 are.
684 266 732 323 vr.
760 264 826 336 cap.
844 265 895 321 rm

206 466 448 551 intelligeretur,
469 461 644 529 ostenderet
663 463 834 529 subiectum
858 463 971 541 oderim
1006 467 1037 530 et
1065 465 1165 530 estin
1187 465 1271 531 eodi-

205 572 291 638 eibua
313 572 423 648 (etiam
445 569 483 650 Ε)
506 568 570 631 ent.
628 568 665 632 In
695 569 795 650 priore
825 569 919 632 etiam
949 588 1056 635 versus
1082 575 1169 654 parte
1190 572 1217 636 ll
1238 575 1271 638 et

206 677 403 767 abierimus,
435 677 542 740 eontra
565 692 670 738 versus
691 675 803 759 legem,
837 671 891 739 sed
913 674 1058 739 mendum
1084 676 1270 755 indicentes,

205 771 285 867 qnod
306 782 351 848 sie
373 779 542 846 tollendum
564 783 627 845 est:

405 887 498 951 Pares
521 906 638 960 aemon
663 903 724 949 non
746 883 806 949 erit
828 886 906 951 votis
930 904 1020 969 opns;

407 990 507 1057 aderit
529 1009 668 1066 noverea,
690 993 748 1053 oet.

306 1095 370 1163 lbd.
403 1095 474 1169 384,
509 1095 562 1161 nbi
584 1094 776 1159 vernantium
809 1093 956 1159 sisarum
990 1095 1089 1161 forma
1117 1097 1270 1173 laudatur,

205 1203 261 1269 sed
297 1202 399 1268 hieme
434 1204 466 1266 et
497 1199 735 1282 tempestatibus
770 1200 869 1282 perire
903 1199 1035 1278 dieitur,
1076 1203 1271 1269 scribendum

204 1306 340 1373 videtur:
997 1360 1000 1363 .

339 1414 383 1480 Ut
406 1413 475 1476 ton
497 1420 562 1495 (pro
585 1409 659 1481 aba)
681 1412 773 1476 silvas
794 1411 894 1476 forma
914 1413 1078 1476 vernantes
1100 1411 1205 1477 habet.

305 1519 372 1593 lbd.
396 1519 472 1583 902:

307 1624 340 1690 Si
364 1629 395 1690 te
417 1626 485 1707 ipsa
506 1624 644 1699 damnas,
666 1622 783 1688 seelera
805 1623 835 1687 te
859 1622 972 1687 misere
996 1623 1109 1708 arguis.

205 1732 302 1801 Recto
323 1730 470 1795 Heinsius
492 1729 600 1806 sensit,
635 1728 711 1794 nihil
738 1747 804 1794 esse
825 1725 932 1791 scelere
963 1715 1112 1814 aliquem
1130 1749 1268 1813 urguere.

207 1837 267 1903 Sed
289 1855 351 1902 una
371 1834 512 1901 addenda
533 1834 657 1911 lineola,
679 1833 791 1898 nteit:

607 1939 721 2005 scelere
743 1943 775 2004 te
797 1939 940 2000 murram
961 1941 1076 2023 arguis,

205 2046 261 2112 hoo
284 2049 342 2125 ast,
363 2047 467 2130 arguis
489 2049 522 2111 te
544 2045 659 2111 seelera
683 2050 715 2111 et
736 2045 826 2127 oulpa
847 2044 993 2110 miseram
1016 2064 1094 2112 essa.
1175 2077 1177 2081 r

306 2152 472 2218 1bd‚943:

539 2256 671 2335 seelera,
694 2275 760 2339 quoa
782 2256 910 2340 quisque
933 2275 1026 2322 ansus
1040 2261 1098 2336 est,

338 2365 387 2430 hie
410 2363 507 2427 vineit
529 2381 619 2427 error.
796 2422 798 2428 .

205 2471 364 2538 Sententia
401 2471 432 2534 et
463 2467 615 2533 sermonis
647 2468 696 2532 lex
717 2466 867 2550 postulat:
901 2486 968 2550 qnae
1002 2467 1167 2552 quiequam
1199 2479 1269 2544 (un-

206 2584 309 2661 quam)
331 2595 359 2642 e.
381 2594 408 2641 e.

305 2681 370 2748 lbd.
395 2679 492 2743 1007:

339 2787 487 2866 Quanam
509 2784 570 2850 ista
591 2788 735 2866 torqnons
757 2801 856 2868 angue
878 2783 1001 2866 vipereo
1024 2803 1143 2850 oomam

289 2876 291 2882 ¹
337 2890 528 2975 temporibus
552 2893 635 2955 atras
657 2888 806 2974 squalidis
827 2888 938 2972 pinnas
962 2890 1081 2972 quatit?
1103 2918 1107 2925 ·

311 2995 506 3080 Tampore'bus
529 2996 643 3079 pirarios
670 3004 792 3079 qrsotere
812 2994 889 3060 satis
911 2994 985 3060 dure
1006 2994 1132 3073 dicitur;
1157 2995 1270 3061 sodli

205 3120 259 3183 pro
279 3111 364 3164 atrae
385 3102 479 3166 habet
500 3100 610 3165 besano.
653 3099 782 3165 Videtur
803 3096 928 3165 fuisses

347 3208 536 3290 temporibus
564 3217 653 3290 eptas
674 3192 823 3289 squalidis
845 3206 955 3291 pinnas
977 3207 1107 3291 quatit?

207 3312 287 3390 Quid
308 3314 340 3378 in
362 3335 462 3397 osque
482 3313 592 3389 subsit,
615 3331 677 3376 non
698 3313 824 3396 reperio.

305 3415 373 3483 lbd.
400 3420 495 3484 1179:

604 3524 770 3592 Heronlam
794 3529 930 3594 vestrum
952 3528 1053 3610 pleeet

234 3625 236 3627 ’
354 3686 358 3689 .
411 3634 508 3696 morte
530 3632 642 3698 ferire?
688 3633 791 3709 Dirus,
813 3652 842 3712 o,
864 3634 949 3698 nobis
971 3633 1079 3716 pudor,

405 3740 534 3819 oturpe
556 3739 671 3803 latum!
792 3794 793 3797 ,

306 3840 357 3905 Sia
378 3841 414 3918 E,
447 3861 501 3923 pro
531 3863 589 3927 qno
619 3841 702 3925 'quod
720 3863 831 3926 ,nuper
864 3842 1066 3911 substitutum
1102 3848 1151 3911 eat
1169 3844 1274 3930 perire

207 3947 340 4027 ineram,
362 3948 630 4030 transpositionem
652 3967 722 4013 eum
747 3949 860 4033 duplici
883 3951 1051 4018 mutatione
1066 3971 1176 4035 perum
1201 3970 1273 4036 pro-

206 4052 347 4119 babiliter
370 4053 565 4119 ooniunotam
587 4051 691 4123 habet.
736 4054 851 4138 Opinor
873 4058 1067 4123 scribendum
1090 4077 1174 4124 esse:
