2662 5062
248 287 310 352 390
607 282 669 340 lib.
678 281 873 353 1111115511.

205 487 283 554 libro
307 486 340 551 ΙΙ
361 484 399 551 55
420 500 463 548 or.
487 480 561 558 246,
582 481 654 558 259,
687 480 758 557 213,
791 482 824 546 st
843 480 958 558 Livius,
979 482 1062 557 551,
1095 481 1148 563 58,
1171 484 1205 560 7,
1225 483 1278 560 lv,

205 592 259 668 40,
282 591 312 669 6,
335 592 407 671 555,
439 589 472 653 55
492 586 609 652 Seneca
629 585 667 651 55
688 586 736 651 ira
758 586 800 661 ΙΙ,
822 585 880 664 32,
905 584 933 661 2,
956 587 1117 655 detonsi.
1140 586 1169 663 Ι,
1194 589 1225 666 8,
1248 591 1276 664 2,

205 699 244 776 ΙΙ,
277 697 336 774 25,
368 696 399 771 2,
433 693 471 759 55
505 693 626 776 555555.
653 710 701 757 an.
736 692 786 769 14,
818 691 848 768 1,
877 710 953 775 quos
989 693 1074 758 locos
1111 693 1277 779 Siosbpom

206 802 355 887 collegit.)

307 907 375 974 lbd.
398 906 449 982 25,
472 903 507 967 25
559 901 816 988 Mindyridom
839 902 947 967 aiunt
967 902 1093 970 151555
1120 952 1189 979 ...,
1213 907 1274 991 qui

206 1033 288 1080 cum
309 1007 921 1086 ’515155551551555555..,1555555
944 1027 983 1074 55
1004 1009 1094 1074 11551
1117 1015 1275 1094 quastus

205 1118 335 1185 votuit
377 1117 490 1181 illum
538 1131 630 1197 opus
674 1113 712 1177 in
761 1116 974 1195 conspootn
1015 1133 1084 1181 suo
1126 1117 1275 1184 155555.

205 1224 329 1290 Bilcm
364 1222 506 1287 habers
536 1219 678 1302 saepius
709 1219 875 1302 quastus
909 1219 983 1292 555,
1026 1222 1130 1303 quod
1164 1225 1275 1292 foliis

205 1348 303 1396 rosa
338 1324 554 1408 duplicatis
585 1323 841 1393 incubuisset.
883 1324 1017 1390 Prasum
1050 1344 1119 1393 5555
1152 1329 1276 1397 511555

205 1434 361 1508 habero,
383 1430 476 1496 multi
496 1431 668 1508 senscrunt,
700 1427 893 1494 vinciendum
910 1430 1081 1496 orationem
1102 1432 1201 1498 fuisso
1222 1454 1277 1500 uo-

206 1539 315 1606 cabulo
338 1536 454 1613 15555,
487 1554 566 1601 5555
599 1538 632 1601 55
665 1525 754 1601 51555.
805 1533 924 1611 Cetera
957 1553 1025 1617 qus
1057 1554 1074 1601 5
1106 1537 1277 1625 longinquo

205 1646 352 1730 petuntur
373 1659 430 1708 555
450 1641 666 1719 inveniuntur,
698 1640 789 1706 155115
811 1642 959 1705 eruuntur
979 1660 995 1706 5
1017 1641 1110 1706 sorbo
1130 1646 1276 1727 saepius

205 1751 285 1834 quod
306 1751 407 1833 ipsum
429 1747 575 1812 olicndit:
618 1745 721 1810 Idem
752 1746 896 1812 habers
917 1766 953 1809 55
967 1750 1084 1829 peior
1106 1753 1275 1832 questus

206 1857 275 1931 555,
297 1852 469 1937 quodcot

305 1957 374 2024 Ibd.
396 1957 448 2034 28,
468 1958 507 2022 42
549 1959 602 2023 At
633 1957 762 2022 morbi
784 1956 1022 2041 doloresque
1042 1959 1275 2029 incurrunt

205 2065 352 2149 Utique
386 2062 431 2127 55
466 2063 632 2146 aliquod
665 2062 898 2146 fugiendum
922 2063 985 2127 555
1017 2062 1276 2134 domicilium

204 2172 321 2253 putrc
361 2168 534 2234 sortitis.
587 2168 806 2234 Scribonium:
850 2168 1000 2252 Utique
1037 2168 1171 2255 aliquo
1208 2173 1277 2236 de·

200 2275 447 2363 suspendam
480 2279 539 2340 555
560 2273 804 2339 domicilium
834 2276 948 2357 putre
972 2275 1145 2343 sortitis.
1190 2277 1275 2357 (Non

205 2383 274 2448 fiori
308 2382 428 2466 potest,
459 2382 496 2445 55
526 2397 587 2444 555
618 2397 714 2444 unum
748 2382 780 2445 55
810 2379 943 2446 altorum
973 2382 1202 2448 incommodum
1233 2385 1275 2450 55

205 2485 439 2572 dopondondum
462 2501 517 2567 pro
538 2483 628 2550 nobis
649 2485 840 2564 subeamus.)
898 2485 978 2566 Quid
999 2486 1042 2553 sit
1063 2487 1194 2572 defungor·
1213 2488 1276 2552 ali-

205 2614 276 2680 quo,
297 2591 360 2656 dixi
381 2607 475 2672 supra
506 2609 537 2672 p.
569 2588 608 2653 18
635 2589 674 2654 55
696 2589 833 2655 15555511
854 2590 978 2657 Pborrn.
1008 2591 1100 2658 1021.
1154 2593 1274 2661 Eodem

205 2697 382 2783 significatu
403 2693 524 2759 Sonoca
555 2692 589 2758 id
617 2696 744 2762 corbum
776 2697 879 2779 posuit
912 2696 971 2762 boc
997 2697 1075 2763 libro
1106 2699 1160 2775 14,
1197 2699 1273 2766 355

204 2804 312 2886 quast.
344 2801 410 2866 nat.
442 2799 503 2878 VI,
537 2801 572 2875 1,
606 2798 641 2864 2:
686 2800 911 2866 defunctam
954 2804 1063 2867 motu
1096 2806 1169 2882 (mit
1200 2805 1271 2872 dom

204 2905 380 2973 Schroclon
402 2905 501 2972 daron
523 2904 731 2990 gekommon).

303 3012 371 3077 lbd.
407 3008 458 3086 33,
491 3011 511 3075 6
551 3011 602 3087 (55
632 3011 761 3077 Pastore
797 3011 948 3077 saevitiam
981 3015 1015 3078 55
1046 3016 1268 3082 coutumeliam

203 3116 1269 3202 O.Caesarisforonto):ContempsissotRomannmpatrem,

202 3225 234 3289 si
256 3224 332 3290 sibi
354 3224 579 3300 timuissot;
614 3242 715 3306 nuuc
745 3223 840 3289 iram
862 3224 1104 3308 compescuit
1125 3225 1266 3307 pictas.

200 3329 286 3397 Vitia
307 3349 370 3397 non
390 3331 498 3395 multis
531 3348 695 3414 oxponam;
727 3348 800 3395 nam
823 3330 962 3396 conivors
984 3331 1024 3397 ud
1046 3349 1082 3396 55
1103 3332 1162 3398 5511
1182 3332 1268 3398 Ruh-

121 3507 123 3511 ,
200 3435 322 3518 koptius
353 3437 385 3501 st
406 3434 564 3501 Fickertus
592 3437 776 3518 potuorunt;
810 3435 896 3501 dclco
929 3436 960 3501 b.
988 3436 1009 3501 1.
1031 3436 1208 3504 addendum
1228 3439 1265 3504 iis

198 3540 362 3609 Hmsium.
405 3541 481 3622 Quis
512 3543 602 3624 patos
635 3543 831 3624 contemptus
864 3545 969 3608 osset?
1012 3542 1072 3621 Qui
1105 3543 1264 3610 1155555555

199 3665 254 3729 pro
276 3646 417 3732 Caligula
438 3646 576 3713 dicitur?
607 3647 811 3716 Scribondum
834 3647 1050 3715 emendations
1073 3649 1263 3717 certissima:

199 3751 511 3835 contempsisset
561 3763 766 3837 tyrannam
808 3762 941 3837 pater,
996 3754 1029 3819 si
1081 3755 1164 3821 sibi
1214 3756 1264 3820 ti-

198 3859 383 3931 muissst;
405 3874 510 3921 5555
535 3859 594 3922 555.

299 3961 365 4025 Ibd.
393 3959 451 4037 34,
484 3961 504 4025 3
537 3961 775 4030 dubitationibus
806 3965 1000 4031 satisfactum
1032 3967 1092 4031 erit
1128 3967 1263 4033 orations

198 4064 244 4128 sic
265 4064 476 4147 interpuncta:
506 4067 538 4132 N
545 4085 561 4132 5
583 4068 640 4141 (sic
660 4071 740 4136 enim
758 4070 846 4136 5555.
868 4068 901 4133 55
921 4069 990 4136 555.
1013 4074 1086 4137 anto
1097 4074 1261 4149 Haasium)
