2656 5056
464 751 705 808 remanseris.
1009 753 1073 835 559,

49 951 205 1036 iungatur.
261 949 377 1015 Deinde
409 968 462 1032 pro
494 949 755 1033 increpatium
783 950 854 1015 inde
877 970 895 1015 a
916 952 1022 1035 primis
1044 953 1112 1019 edi-

52 1058 189 1123 tionibus
223 1057 366 1122 scribitur
410 1057 697 1140 increpantem,
740 1056 863 1130 turbata
903 1060 1111 1125 membrorum

51 1165 275 1240 concinnitate,
308 1183 373 1246 quae
402 1163 592 1242 restituenda
613 1163 657 1228 sic
686 1164 750 1227 est:
783 1163 951 1229 facilius
983 1165 1112 1248 perla-

48 1275 162 1335 turos
204 1270 361 1353 singula
405 1270 652 1353 increpantis
694 1290 816 1333 vocem
857 1290 966 1354 quam
1010 1292 1112 1339 nuno

52 1375 257 1440 silentium
282 1374 500 1458 perferrent
521 1376 648 1441 omnia
671 1374 909 1442 damnantis.
975 1436 977 1439 .

150 1540 363 1608 Historiarum
396 1542 462 1607 Lib.
496 1542 511 1606 l
544 1561 568 1606 c.
602 1542 621 1605 2
663 1543 695 1605 in
728 1542 829 1607 codice
867 1544 1007 1610 Medicec
1046 1549 1108 1610 est:

49 1647 150 1732 Opus
190 1646 397 1732 aggredior
432 1648 565 1730 opibus
593 1647 765 1724 casibus,
801 1652 913 1715 atros
941 1649 1109 1730 pr'oeliis,

49 1753 202 1819 discors
238 1752 516 1829 seditionibus,
560 1754 643 1836 ipsa
675 1755 790 1819 etiam
816 1775 914 1845 pace
956 1777 1108 1822 saevum.

48 1862 157 1926 Editur
190 1880 206 1924 e
238 1859 394 1926 codicibus
426 1859 627 1944 interpolatis
655 1861 819 1944 opimum
852 1863 1022 1938 casibus;
1056 1863 1134 1929 sed,

48 1986 146 2051 neque
178 1970 298 2049 opimae
329 1967 374 2032 sic
395 1966 577 2051 simpliciter
598 1966 635 2030 de
657 1967 743 2050 copia
763 1967 884 2040 dicitur,
915 1987 1012 2052 neque
1034 1970 1063 2034 b.
1085 1971 1106 2035 1.
1191 2003 1203 2016 2

48 2092 209 2139 commune
231 2073 431 2146 adieetivum,
468 2074 507 2136 ad
542 2090 577 2137 ea
599 2073 703 2147 etiam,
735 2092 801 2156 quse
824 2078 1002 2157 sequuntur,
1035 2077 1109 2140 sub·

47 2181 182 2245 stantius
204 2184 321 2261 aptum,
353 2178 425 2261 poni
450 2180 558 2261 potuit,
594 2178 648 2243 sed
681 2179 762 2263 qnod
794 2183 1015 2264 proprietatem
1038 2200 1107 2245 cum

45 2287 169 2352 casibus
201 2286 394 2350 coniunctam
424 2285 628 2368 significaret,
667 2291 701 2350 ut
728 2296 819 2349 ocrea
849 2289 880 2350 et
907 2288 1030 2354 dtscom.
1072 2288 1107 2351 ld

44 2394 121 2458 erit:
167 2390 270 2475 Opus
312 2390 523 2474 aggredior
562 2391 743 2474 rapidum
779 2392 937 2458 casibus
971 2394 1022 2469 (de
1058 2413 1108 2459 ce-

43 2499 103 2566 leri
128 2505 161 2564 et
204 2499 409 2578 inexspectato
452 2503 562 2574 cursu).
615 2495 728 2561 Noouit
759 2520 777 2557 r
809 2499 914 2587 *semel
958 2501 1106 2581 scriptum

41 2606 240 2690 (cpidum).
295 2603 466 2687 [Ernestins
489 2602 709 2677 borridum,
731 2605 873 2668 similiter
896 2605 1106 2689 ratiocinans]

148 2710 214 2776 Ibd.
247 2710 331 2786 3(in
358 2710 583 2776 enumeratione
613 2712 759 2774 bonorum
783 2712 1006 2794 exemplorum,
1039 2730 1105 2792 quae
1185 2790 1186 2793 Ἴ

36 2817 102 2883 hoc
125 2836 245 2900 quoque
274 2816 409 2882 seculum
440 2815 627 2899 protulerit):
671 2816 875 2900 propinqui
901 2815 1105 2893 audentes,

35 2926 273 2989 constantes
319 2922 465 3007 generi,
509 2925 710 2986 contumax
754 2923 875 2987 etiam
920 2922 1105 2986 adversus

35 3031 243 3096 tormenta
285 3046 481 3092 servorum
522 3027 638 3102 fides,
682 3046 866 3110 supremae
910 3029 1105 3094 clarorum

35 3137 221 3201 virorum
255 3134 531 3208 necessitates,
568 3133 653 3216 ipsa
687 3135 910 3199 necessitas
946 3134 1132 3199 fortiter>

34 3245 223 3310 tolerata
255 3244 291 3304 et
313 3239 480 3304 laudatis
505 3242 752 3324 antiquorum
784 3241 973 3305 mortibus
995 3258 1106 3322 pares
1209 3327 1212 3333 Ι

34 3350 187 3417 exitus.
235 3346 329 3411 Nulla
350 3350 415 3411 arte
437 3346 517 3410 effici
539 3347 648 3427 potest,
669 3351 705 3411 ut
725 3366 785 3412 non
801 3346 983 3430 pravissime
998 3363 1106 3409 neces·

34 3453 191 3521 sitatibus
227 3456 373 3536 tanquam
410 3452 530 3517 diversa
563 3453 637 3536 ipsa
669 3455 836 3518 necessitas
872 3454 1115 3543 superponatur,

35 3565 197 3644 supremae
218 3562 321 3622 autem
343 3559 491 3623 clarorum
521 3560 651 3624 virorum
675 3561 875 3626 necessitates
898 3554 951 3643 per
972 3576 1005 3623 se
1027 3564 1106 3640 (quae

33 3665 120 3732 nihii
165 3668 340 3729 monstrant
374 3665 434 3729 uisi
472 3665 593 3730 tristem
633 3665 859 3744 crudelitatem)
903 3666 984 3728 inter
1026 3665 1106 3729 bona

36 3771 188 3855 exempla
212 3773 372 3855 ponantur,
400 3771 545 3836 seiunetae
569 3791 588 3836 a
608 3771 786 3837 fortitudine
808 3771 969 3845 tolerandi,
992 3773 1023 3835 in
1047 3789 1106 3854 qua

33 3896 104 3944 uua
130 3877 305 3959 exemplum
333 3881 388 3942 est
434 3866 651 3944 Scribendum:
689 3895 879 3961 suprema
913 3877 1105 3942 clarorum

34 3988 215 4052 virorum
258 3985 522 4049 necessitates
558 3985 645 4065 ipsa
680 3985 908 4047 necessitate
949 3985 1106 4048 fortiter
1160 3972 1162 3976 ’

37 4091 238 4167 tolerate,
271 4089 444 4155 laudatis
466 4091 525 4154 cet.
574 4091 711 4154 Acumen
732 4090 877 4182 quaeritur
909 4108 944 4154 er
965 4089 1105 4155 uecessi-

35 4197 119 4263 tatis
142 4196 228 4260 varia
249 4195 478 4281 significatione.
522 4194 586 4279 [Sic
606 4195 827 4280 Rupertius.]¹)

74 4483 97 4552 ¹)
116 4481 182 4552 Cap.
203 4488 237 4542 10
253 4483 302 4550 ‚tin
321 4481 379 4536 loco
397 4480 429 4535 de
443 4470 545 4535 ¹Licinii
562 4481 680 4535 Muciani
703 4480 813 4550 iugenio
838 4486 866 4535 et
889 4481 1016 4550 moribus)
1036 4480 1106 4551 quod
1138 4523 1141 4529 .

116 4580 180 4631 ante
204 4573 384 4646 quadraginta
407 4588 489 4629 annos
507 4575 707 4630 emendaveram
730 4577 759 4628 et
776 4577 818 4628 ter
835 4574 864 4628 iu
883 4574 983 4630 scholis
1001 4577 1107 4628 secutus
