2626 5070
242 112 304 176 m
598 83 868 182 mmmm

200 313 371 378 necessario
388 311 496 387 (etiem
510 310 548 374 ob
560 311 710 395 positum)
720 311 849 377 subiecti
862 311 925 376 loco
935 312 992 389 est,
1002 310 1112 393 opinor
1121 316 1275 398 scriptum

199 418 294 483 fuisse
316 436 357 482 se
378 416 567 478 virtutem
590 418 729 483 uostris
752 417 950 500 sdaequsre
971 436 1043 483 non
1065 422 1225 502 posse.¹)

299 523 366 588 lbd.
399 522 439 584 29
462 521 502 586 sd
536 521 605 604 ipso
637 523 795 606 scripturo
825 521 947 600 menda,
980 522 1090 605 quibus
1120 527 1273 606 posterior

202 628 313 710 cepitis
336 648 407 712 pers
439 628 472 691 in
494 629 669 694 nostrornm
696 627 836 694 codicum
865 626 1030 711 archetypo
1052 629 1219 695 obscurata
1240 633 1271 696 et

200 734 380 815 perturbate
402 735 477 810 eret,
503 735 587 811 corto
608 733 745 800 tollendo
776 750 872 817 prope
902 732 979 797 nihil
999 733 1109 798 efferre
1129 755 1269 820 possum,

199 840 231 904 in
265 838 448 922 quibusdam
470 838 602 904 fortesse
622 839 752 904 formem
783 837 944 903 sententie
966 839 999 903 et
1018 841 1157 920 partium
1180 861 1270 925 seps·

201 943 355 1009 rationem
379 945 490 1009 melius
522 944 715 1020 adumbrare,
748 943 831 1027 quod
850 934 963 1009 isoiism
996 944 1062 1009 sine
1087 945 1154 1013 ulle
1176 937 1281 1033 argu?

200 1051 403 1116 menistione:
450 1047 576 1134 [Erat]
601 1049 716 1115 civile
738 1048 898 1124 bellnm;
922 1050 1041 1133 genus
1062 1050 1268 1131 bominum,

202 1156 279 1234 coi,
305 1156 407 1240 quod
435 1154 586 1231 liberet,
623 1153 754 1216 liceret
787 1154 915 1219 facore
945 1156 982 1220 et
1008 1157 1135 1240 sequi,
1170 1159 1268 1242 quod

199 1261 339 1337 rellot;
362 1261 535 1345 legiones
559 1280 624 1339 ece,
660 1278 738 1343 qus
761 1260 878 1341 paulo
900 1262 988 1325 snte
1009 1263 1108 1343 spucl
1131 1263 1267 1330 sdver-

200 1368 327 1434 ssrios
363 1367 532 1442 inerant3
577 1370 674 1450 (nem
717 1366 832 1431 etiem
868 1365 1034 1432 Gaessris
1078 1367 1266 1452 beneficia

199 1473 446 1536 imminuerat
466 1472 728 1551 consuetudo,
753 1491 826 1555 qna
848 1472 1118 1553 offerrentur3)
1141 1475 1267 1541 mnni-

200 1578 301 1660 oipie
333 1579 450 1645 etism
483 1578 655 1644 diversio
687 1578 862 1662 pertibus
905 1579 1113 1644 coniuncto
1154 1586 1265 1665 (eque

199 1684 302 1748 euim
336 1703 377 1748 ex
404 1685 545 1749 Marsis
577 1682 831 1768 Pelignisqne
864 1684 1095 1765 veniebant);
1133 1695 1166 1747 et
1204 1687 1263 1770 qui

199 1788 403 1871 superiore
426 1789 538 1852 noete
560 1788 598 1852 in
621 1788 887 1854 contuberniis
909 1789 1264 1876 icommilitesq‘ue

200 1890 487 1979 [circuitoquei]
523 1894 649 1956 auditi
678 1895 838 1979 fuerant
870 1913 1060 1961 sermones
1097 1897 1263 1963 militum

198 1997 321 2076 dubii,
356 1998 485 2065 durius
524 2000 831 2084 accipiebantur,
869 1999 1044 2065 nonnulli
1072 2003 1194 2068 etism
1222 2004 1263 2068 ab

197 2105 260 2181 iis,
284 2106 345 2189 qui
368 2104 645 2190 diligentiores
676 2106 801 2170 videri
832 2105 1029 2184 volebant,
1060 2106 1263 2193 fingeban-

197 2214 267 2276 tur.
311 2212 347 2276 ln
369 2212 417 2279 bis
439 2213 583 2278 extremis
618 2211 685 2277 fieri
707 2215 823 2296 potest,
848 2213 884 2276 ut
906 2212 1018 2277 lscune
1041 2212 1083 2277 sit
1104 2214 1137 2277 et
1157 2214 1264 2281 buius·

197 2315 282 2380 modi
303 2316 395 2381 fuerit
416 2316 527 2381 forms:
550 2319 588 2382 et
618 2319 681 2401 qui
703 2317 902 2401 superiore
934 2320 1043 2383 nocte
1070 2319 1107 2382 in
1131 2322 1263 2386 contu·

197 2420 345 2486 berniis
368 2422 714 2507 †commilitesque
728 2423 900 2508 fuerant,
922 2422 1100 2508 graviore
1121 2424 1264 2511 assere-

199 2525 302 2604 tanc
339 2545 533 2594 sermones
575 2529 634 2595 cet.
692 2528 774 2594 Illud
811 2531 930 2594 certum
969 2528 1028 2593 est'
1053 2531 1265 2598 veniebant

198 2631 340 2697 universe
373 2632 411 2698 de
449 2633 599 2700 militibus
634 2636 792 2719 utriusque
820 2635 916 2718 pertis
938 2634 1008 2700 dici.
1053 2634 1181 2720 (litque
1212 2655 1265 2722 pro

197 2754 323 2820 neque
345 2737 529 2823 Nipperdeio
551 2740 688 2820 debetur,
708 2741 955 2807 imminueret
976 2741 1152 2823 lurinio).²J

196 2943 396 2955 *ι-

217 3077 237 3147 ¹)
270 3073 559 3143 O.21Elberlingius
584 3075 655 3128 reete
683 3072 764 3128 scribi
791 3074 890 3130 voluit:
926 3073 1087 3129 Tribnt‘is
1112 3076 1263 3145 quibus·

267 3168 340 3222 dam
369 3166 740 3236 populisprirstisqne
759 3156 927 3234 premiis,
956 3169 987 3221 ut
1015 3171 1055 3221 est
1074 3168 1102 3221 in
1122 3168 1213 3224 tribus
1233 3187 1264 3225 ex

268 3260 466 3329 antiquioribus
495 3257 640 3314 codicibus.
676 3256 736 3312 Non
763 3257 932 3328 premiorum
957 3274 1042 3327 genus
1071 3259 1265 3331 distinguitur.

270 3350 318 3405 sed
337 3367 436 3417 eorum,
454 3351 501 3421 qui
517 3351 677 3418 acceperint.

215 3458 238 3528 ²)
269 3461 332 3530 Cep.
351 3464 386 3518 30
404 3461 529 3517 Glnrlins
556 3459 590 3514 sil
616 3459 757 3514 veritatem
782 3460 932 3529 suspicione
959 3477 1041 3531 prope
1064 3461 1192 3521 occessit:
1226 3462 1266 3516 sic

267 3554 340 3626 enim
359 3552 528 3609 scribendum
547 3555 601 3608 est:
620 3569 691 3622 qus
710 3593 717 3607 .
737 3594 744 3606 .
763 3594 769 3609 .
792 3557 908 3608 cestra
929 3553 1010 3609 Veri
1028 3553 1268 3622 oppugnanda

225 3715 227 3718 Α
265 3650 469 3706 conserent.
504 3646 652 3718 quodid
680 3646 741 3713 (boe
767 3644 849 3715 vulgo
871 3646 957 3717 abest)
984 3645 1184 3714 huiusmodi
1213 3648 1267 3714 (se-

265 3740 553 3804 ditiosislmilitnm
576 3738 741 3794 consiliis
773 3738 914 3793 maxime
941 3738 1154 3793 contrarium
1187 3754 1268 3793 esse

265 3832 535 3898 arbitrarentur,
554 3831 661 3886 sublato
679 3832 796 3887 otium.
816 3831 885 3885 Nem
904 3830 982 3901 quod,
1006 3831 1100 3885 addito
1119 3831 1164 3896 in,
1185 3847 1269 3886 con-

265 3925 413 3980 trsrinm
432 3940 508 3978 esse
526 3928 651 3980 enarrant
668 3940 801 3989 nocere,
821 3940 928 3994 prorsus
946 3923 1004 3978 lieri
1024 3924 1128 3993 nequit.
