2678 5018
225 281 264 342 m
579 279 839 351 mmmm
939 227 1073 314 t'

181 480 369 546 Lachmanni
390 495 488 560 neque
509 478 662 543 structura
682 497 781 562 neque
802 479 955 545 sententia
975 480 1144 547 tolerabilis
1166 484 1236 561 est.)

182 585 345 668 Scripsisse
366 585 542 649 Lucretium
564 587 651 664 putu:

802 691 900 752 mrsa'
922 692 1086 758 iacessunt.

281 798 328 862 Ne
350 795 517 873 Catullum,
539 793 756 860 suavissimum
779 797 911 878 poetam,
936 816 1059 878 prorsus
1082 800 1238 874 omittam,

181 904 299 969 faciunt
319 904 451 986 primum
473 902 539 966 duae
561 899 831 966 emendatiuuculae
857 904 967 985 prater
986 904 1082 984 illam,
1105 925 1197 988 quam
1220 924 1239 971 e

182 1011 297 1076 scholio
319 1008 492 1093 Vergiliano
526 1007 680 1087 sumptam
713 1006 773 1072 vol.
798 1009 811 1071 l
832 1029 862 1091 p.
887 1010 977 1074 7911.
1014 1013 1240 1088 commendavi,

183 1135 209 1182 a.
235 1115 314 1180 1843
348 1117 392 1192 (in
425 1113 536 1196 eclogia
564 1115 722 1194 poetarum
756 1113 945 1196 Latinorum)
979 1117 1109 1182 carmini
1136 1118 1236 1184 LXIV

77 1255 79 1259 ·
181 1222 332 1297 adhibitae,
353 1222 451 1287 altera
472 1239 500 1285 v.
521 1216 562 1279 43
584 1220 616 1281 et
636 1218 687 1295 44,
709 1219 761 1302 qui
782 1219 872 1303 vulgo
894 1221 939 1284 sic
959 1222 1147 1288 scribuntur:

280 1328 380 1411 Ipsius
402 1328 435 1392 at
455 1324 552 1401 sedes,
574 1312 751 1409 quacunque
772 1325 918 1408 opulenta
938 1330 1066 1394 recessit

279 1433 371 1515 regia,
393 1432 521 1514 fulgenti
543 1427 706 1512 splendent
728 1448 800 1493 auro
821 1432 912 1512 atque
934 1439 1071 1518 argente.

280 1538 382 1621 Ipsius
403 1556 461 1602 non
484 1537 585 1613 habet,
608 1554 666 1619 quc
689 1536 846 1610 referatur,
880 1539 1021 1620 quoniam
1044 1541 1143 1606 multa
1169 1545 1238 1624 pcst

181 1643 349 1725 proximam
384 1643 467 1708 Pelei
501 1642 683 1706 mentionem
716 1641 878 1708 interiecta
904 1648 989 1720 suut;
1022 1665 1146 1728 prorsus
1168 1667 1237 1731 per·

180 1767 265 1813 verse
296 1747 379 1809 sedes
413 1752 593 1830 separantur
617 1766 635 1812 a
656 1748 751 1831 regie,
783 1767 849 1830 quae
881 1750 987 1816 eadem
1021 1756 1078 1817 est.
1117 1753 1237 1837 Scripsi

181 1855 289 1938 igitur:

280 1960 379 2042 Ipsius
401 1965 433 2024 at
454 1959 553 2032 sedes,
575 1977 753 2042 quacunque
774 1962 917 2044 opulenta
938 1965 1074 2042 recessit,

279 2066 358 2148 reple
379 2064 508 2147 fulgenti
529 2062 663 2147 splendet
683 2083 756 2129 aure
778 2068 869 2150 atque
891 2073 1025 2152 argeutc.

280 2170 419 2236 Offensus
461 2171 571 2252 aliquis
603 2170 798 2253 productione
830 2175 1004 2255 pestericris
1035 2177 1067 2239 in
1099 2175 1238 2259 splendet

179 2279 322 2363 syllaba,
343 2297 409 2361 quae
429 2276 569 2360 legitime
602 2277 639 2341 lit
669 2277 794 2355 marsi,
828 2278 981 2362 eptesdenr
1013 2281 1137 2363 scripsit
1160 2284 1236 2348 effe·

179 2385 289 2467 citque,
312 2387 348 2450 ut
368 2384 406 2448 ad
428 2385 547 2446 recessit
567 2384 732 2466 fingeretur
753 2384 847 2466 repta.

278 2491 315 2554 V.
346 2490 408 2551 109
442 2490 474 2554 in
496 2488 721 2572 comparatione
752 2489 833 2553 tauri
861 2492 1006 2572 prostrati
1028 2510 1099 2557 cum
1122 2512 1236 2579 magna

178 2597 285 2661 amore
306 2599 398 2661 vente
420 2614 525 2660 eversa
547 2596 592 2659 sic
613 2595 761 2677 scriptum
783 2594 901 2660 cedices
923 2596 1054 2662 habent:

524 2702 579 2767 illa
600 2700 703 2784 procul
724 2700 878 2766 radicibus
900 2703 1060 2768 exturbata

243 2826 337 2888 prcna
358 2807 441 2872 cadit
461 2807 582 2889 lateque
604 2807 746 2872 tumieius
772 2815 854 2886 (cum
878 2808 956 2883 eius)
975 2809 1065 2874 obvia
1080 2809 1237 2892 frangens.

277 2914 451 2977 Proximum
494 2912 533 2976 ad
575 2912 710 2991 litteras,
759 2913 798 2978 ad
844 2915 1028 2980 senmntiam
1072 2918 1237 2999 peraptum

178 3018 277 3084 visum
300 3022 365 3083 est:

255 3164 257 3168 v
374 3124 494 3208 lateque
508 3122 592 3207 feeit
613 3124 656 3185 vis
677 3125 766 3189 obvia
787 3124 938 3208 frangens.

277 3230 394 3295 Deinde
426 3249 520 3313 nuper
552 3229 686 3294 eiusdem
720 3230 864 3295 carminis
886 3232 985 3296 versui
1012 3230 1082 3308 287,
1104 3233 1156 3315 qui
1181 3252 1236 3317 pre

179 3336 335 3419 desperato
369 3337 548 3420 relinquitur
581 3336 686 3413 (etiam
716 3337 800 3402 aL.
824 3337 998 3416 Muellem),
1030 3338 1134 3404 videor
1155 3339 1234 3405 mihi

177 3442 362 3526 probabilem
384 3441 568 3506 medicinam
602 3441 780 3522 repperisse.
836 3441 917 3507 Nam
939 3444 1019 3526 qued
1041 3444 1161 3509 Peneus
1184 3446 1233 3509 di-

178 3550 257 3614 citur
279 3549 384 3613 adesse
405 3546 444 3611 ad
466 3547 587 3629 nuptias

276 3655 401 3735 Tempe,
424 3671 489 3734 qnae
512 3653 595 3716 silvae
618 3652 743 3737 cingunt
763 3674 855 3736 super
874 3656 1098 3739 impendentes,

276 3759 406 3824 Mincsin
433 3757 572 3840 linquens
594 3757 677 3823 deris
699 3758 875 3827 celebranda
897 3763 1026 3836 choreis,

177 3866 262 3931 initio
294 3883 398 3930 versus
429 3864 461 3926 in
494 3865 615 3928 nomine
649 3858 788 3946 cciruptc
823 3869 947 3934 subesse
984 3869 1104 3934 uidetur
1135 3871 1232 3954 signi-

176 3973 278 4037 ficatio
300 3968 501 4055 nympharum
523 3969 562 4032 ad
585 3970 650 4036 loca
679 3971 732 4035 illa
754 3972 906 4038 silvestria
936 3979 967 4041 et
990 3976 1056 4041 sela
1077 3978 1229 4059 aptarum,
