<?xml version="1.0" encoding="UTF-8"?>
<!DOCTYPE html PUBLIC "-//W3C//DTD XHTML 1.0 Transitional//EN"
    "http://www.w3.org/TR/xhtml1/DTD/xhtml1-transitional.dtd">
<html xmlns="http://www.w3.org/1999/xhtml" xml:lang="en" lang="en">
 <head>
  <title>
</title>
<meta http-equiv="Content-Type" content="text/html;charset=utf-8" />
  <meta name='ocr-system' content='tesseract 3.04.00' />
  <meta name='ocr-capabilities' content='ocr_page ocr_carea ocr_par ocr_line ocrx_word'/>
</head>
<body>
  <div class='ocr_page' id='page_1' title='image "./ioniemadvigiiad00madvgoog_0947.png"; bbox 0 0 2654 5010; ppageno 0'>
   <div class='ocr_carea' id='block_1_1' title="bbox 312 665 1038 736">
    <p class='ocr_par' dir='ltr' id='par_1_1' title="bbox 312 665 1038 736">
     <span class='ocr_line' id='line_1_1' title="bbox 312 665 1038 736; baseline 0.014 -17"><span class='ocrx_word' id='word_1_1' title='bbox 312 666 372 720; x_wconf 88' lang='lat' dir='ltr'>Lib.</span> <span class='ocrx_word' id='word_1_2' title='bbox 392 665 424 719; x_wconf 90' lang='lat'>11.</span> <span class='ocrx_word' id='word_1_3' title='bbox 444 666 509 736; x_wconf 87' lang='lat' dir='ltr'>Cap.</span> <span class='ocrx_word' id='word_1_4' title='bbox 530 666 574 721; x_wconf 83' lang='lat' dir='ltr'>VI.</span> <span class='ocrx_word' id='word_1_5' title='bbox 612 667 778 721; x_wconf 76' lang='lat' dir='ltr'><strong>Macrobius,</strong></span> <span class='ocrx_word' id='word_1_6' title='bbox 979 667 1038 730; x_wconf 67' lang='grc'>251</span> 
     </span>
    </p>
   </div>
   <div class='ocr_carea' id='block_1_2' title="bbox 39 862 1081 1140">
    <p class='ocr_par' dir='ltr' id='par_1_2' title="bbox 39 862 1081 1140">
     <span class='ocr_line' id='line_1_2' title="bbox 39 862 1081 948; baseline 0.003 -24"><span class='ocrx_word' id='word_1_7' title='bbox 39 880 99 927; x_wconf 74' lang='lat' dir='ltr'>»cus</span> <span class='ocrx_word' id='word_1_8' title='bbox 122 862 181 938; x_wconf 83' lang='lat' dir='ltr'>est,</span> <span class='ocrx_word' id='word_1_9' title='bbox 203 862 258 927; x_wconf 90' lang='lat' dir='ltr'>sed</span> <span class='ocrx_word' id='word_1_10' title='bbox 279 862 472 934; x_wconf 83' lang='lat' dir='ltr'>substantivo</span> <span class='ocrx_word' id='word_1_11' title='bbox 493 863 673 946; x_wconf 82' lang='lat' dir='ltr'>genetivum</span> <span class='ocrx_word' id='word_1_12' title='bbox 687 901 688 904; x_wconf 60' lang='lat'><em>=</em></span> <span class='ocrx_word' id='word_1_13' title='bbox 701 867 836 948; x_wconf 84' lang='lat' dir='ltr'>regenti;</span> <span class='ocrx_word' id='word_1_14' title='bbox 867 863 1081 930; x_wconf 82' lang='lat' dir='ltr'>scribendum:</span> 
     </span>
     <span class='ocr_line' id='line_1_3' title="bbox 39 967 1080 1055; baseline -0.003 -19"><span class='ocrx_word' id='word_1_15' title='bbox 39 986 121 1036; x_wconf 84' lang='lat' dir='ltr'>sures</span> <span class='ocrx_word' id='word_1_16' title='bbox 153 967 299 1033; x_wconf 88' lang='lat' dir='ltr'>deinde</span> <span class='ocrx_word' id='word_1_17' title='bbox 332 969 613 1052; x_wconf 82' lang='lat' dir='ltr'>navigationis</span> <span class='ocrx_word' id='word_1_18' title='bbox 651 971 865 1055; x_wconf 85' lang='lat' dir='ltr'>naufragio</span> <span class='ocrx_word' id='word_1_19' title='bbox 904 986 980 1034; x_wconf 85' lang='lat' dir='ltr'>una</span> <span class='ocrx_word' id='word_1_20' title='bbox 1016 987 1080 1034; x_wconf 88' lang='lat' dir='ltr'>er-</span> 
     </span>
     <span class='ocr_line' id='line_1_4' title="bbox 39 1076 251 1140; baseline -0.019 1"><span class='ocrx_word' id='word_1_21' title='bbox 39 1076 172 1140; x_wconf 85' lang='lat' dir='ltr'>ulsum</span> <span class='ocrx_word' id='word_1_22' title='bbox 194 1080 251 1139; x_wconf 81' lang='lat' dir='ltr'>cet.</span> 
     </span>
    </p>
   </div>
   <div class='ocr_carea' id='block_1_3' title="bbox 39 1215 1092 2151">
    <p class='ocr_par' dir='ltr' id='par_1_3' title="bbox 39 1215 1092 2151">
     <span class='ocr_line' id='line_1_5' title="bbox 113 1215 1081 1301; baseline 0 -19"><span class='ocrx_word' id='word_1_23' title='bbox 113 1216 192 1282; x_wconf 90' lang='lat' dir='ltr'>Ibid.</span> <span class='ocrx_word' id='word_1_24' title='bbox 216 1217 266 1294; x_wconf 83' lang='lat'>16,</span> <span class='ocrx_word' id='word_1_25' title='bbox 296 1216 353 1280; x_wconf 79' lang='lat'>20:</span> <span class='ocrx_word' id='word_1_26' title='bbox 388 1215 602 1282; x_wconf 78' lang='lat' dir='ltr'>Sciendum</span> <span class='ocrx_word' id='word_1_27' title='bbox 635 1220 696 1282; x_wconf 89' lang='lat' dir='ltr'>est</span> <span class='ocrx_word' id='word_1_28' title='bbox 728 1223 860 1283; x_wconf 89' lang='lat' dir='ltr'>tamen</span> <span class='ocrx_word' id='word_1_29' title='bbox 896 1217 1081 1301; x_wconf 88' lang='lat' dir='ltr'>eligendi</span> 
     </span>
     <span class='ocr_line' id='line_1_6' title="bbox 39 1321 1081 1408; baseline 0 -20"><span class='ocrx_word' id='word_1_30' title='bbox 39 1322 60 1388; x_wconf 95' lang='lat' dir='ltr'>d</span> <span class='ocrx_word' id='word_1_31' title='bbox 83 1322 337 1408; x_wconf 85' lang='lat' dir='ltr'>pugnandum</span> <span class='ocrx_word' id='word_1_32' title='bbox 359 1321 459 1387; x_wconf 92' lang='lat' dir='ltr'>diem</span> <span class='ocrx_word' id='word_1_33' title='bbox 478 1321 666 1388; x_wconf 85' lang='lat' dir='ltr'>Romanis</span> <span class='ocrx_word' id='word_1_34' title='bbox 689 1325 784 1390; x_wconf 89' lang='lat' dir='ltr'>tunc</span> <span class='ocrx_word' id='word_1_35' title='bbox 806 1325 934 1390; x_wconf 83' lang='lat' dir='ltr'>fuisse</span> <span class='ocrx_word' id='word_1_36' title='bbox 956 1324 1081 1389; x_wconf 88' lang='lat' dir='ltr'>lieen-</span> 
     </span>
     <span class='ocr_line' id='line_1_7' title="bbox 39 1428 1083 1511; baseline 0 -17"><span class='ocrx_word' id='word_1_37' title='bbox 39 1430 129 1507; x_wconf 75' lang='lat' dir='ltr'>tum,</span> <span class='ocrx_word' id='word_1_38' title='bbox 163 1428 198 1492; x_wconf 90' lang='lat' dir='ltr'>si</span> <span class='ocrx_word' id='word_1_39' title='bbox 228 1428 310 1511; x_wconf 94' lang='lat' dir='ltr'>ipsi</span> <span class='ocrx_word' id='word_1_40' title='bbox 341 1429 545 1494; x_wconf 79' lang='lat' dir='ltr'><strong>inferrent</strong></span> <span class='ocrx_word' id='word_1_41' title='bbox 577 1429 743 1508; x_wconf 85' lang='lat' dir='ltr'>bellum;</span> <span class='ocrx_word' id='word_1_42' title='bbox 784 1432 825 1496; x_wconf 86' lang='lat' dir='ltr'>at</span> <span class='ocrx_word' id='word_1_43' title='bbox 856 1450 940 1497; x_wconf 90' lang='lat' dir='ltr'>cum</span> <span class='ocrx_word' id='word_1_44' title='bbox 974 1431 1083 1495; x_wconf 86' lang='lat' dir='ltr'>exci-</span> 
     </span>
     <span class='ocr_line' id='line_1_8' title="bbox 42 1534 1084 1623; baseline 0 -22"><span class='ocrx_word' id='word_1_45' title='bbox 42 1537 174 1613; x_wconf 84' lang='lat' dir='ltr'>erent‚</span> <span class='ocrx_word' id='word_1_46' title='bbox 207 1534 363 1599; x_wconf 91' lang='lat' dir='ltr'>nullum</span> <span class='ocrx_word' id='word_1_47' title='bbox 395 1534 616 1601; x_wconf 88' lang='lat' dir='ltr'>obstitisse</span> <span class='ocrx_word' id='word_1_48' title='bbox 650 1536 833 1602; x_wconf 77' lang='lat' dir='ltr'>diemout.</span> <span class='ocrx_word' id='word_1_49' title='bbox 889 1537 958 1603; x_wconf 87' lang='lat' dir='ltr'>Non</span> <span class='ocrx_word' id='word_1_50' title='bbox 981 1537 1084 1623; x_wconf 90' lang='lat' dir='ltr'>agitur</span> 
     </span>
     <span class='ocr_line' id='line_1_9' title="bbox 39 1639 1083 1726; baseline 0 -19"><span class='ocrx_word' id='word_1_51' title='bbox 39 1639 204 1707; x_wconf 87' lang='lat' dir='ltr'>alicentia</span> <span class='ocrx_word' id='word_1_52' title='bbox 226 1648 307 1724; x_wconf 85' lang='lat' dir='ltr'>(quae</span> <span class='ocrx_word' id='word_1_53' title='bbox 329 1645 411 1707; x_wconf 87' lang='lat' dir='ltr'>recle</span> <span class='ocrx_word' id='word_1_54' title='bbox 433 1644 569 1726; x_wconf 88' lang='lat' dir='ltr'>potestas</span> <span class='ocrx_word' id='word_1_55' title='bbox 592 1643 769 1721; x_wconf 78' lang='lat' dir='ltr'>diceretur).</span> <span class='ocrx_word' id='word_1_56' title='bbox 800 1643 852 1708; x_wconf 91' lang='lat' dir='ltr'>sed</span> <span class='ocrx_word' id='word_1_57' title='bbox 876 1643 913 1709; x_wconf 91' lang='lat' dir='ltr'>de</span> <span class='ocrx_word' id='word_1_58' title='bbox 936 1643 1083 1726; x_wconf 80' lang='lat' dir='ltr'>religione</span> 
     </span>
     <span class='ocr_line' id='line_1_10' title="bbox 39 1746 1092 1836; baseline 0.001 -22"><span class='ocrx_word' id='word_1_59' title='bbox 39 1751 49 1814; x_wconf 90' lang='lat' dir='ltr'>t</span> <span class='ocrx_word' id='word_1_60' title='bbox 78 1750 298 1814; x_wconf 83' lang='lat' dir='ltr'>observatione.</span> <span class='ocrx_word' id='word_1_61' title='bbox 343 1746 560 1813; x_wconf 86' lang='lat' dir='ltr'>Scribendum:</span> <span class='ocrx_word' id='word_1_62' title='bbox 589 1752 684 1814; x_wconf 94' lang='lat' dir='ltr'>tunc</span> <span class='ocrx_word' id='word_1_63' title='bbox 713 1749 843 1815; x_wconf 85' lang='lat' dir='ltr'>luisse</span> <span class='ocrx_word' id='word_1_64' title='bbox 872 1748 1092 1836; x_wconf 77' lang='lat' dir='ltr'>diligentiam¹</span> 
     </span>
     <span class='ocr_line' id='line_1_11' title="bbox 39 1853 1084 1938; baseline 0.002 -19"><span class='ocrx_word' id='word_1_65' title='bbox 39 1855 136 1938; x_wconf 83' lang='lat' dir='ltr'>aepius</span> <span class='ocrx_word' id='word_1_66' title='bbox 170 1853 235 1918; x_wconf 86' lang='lat' dir='ltr'>haeu</span> <span class='ocrx_word' id='word_1_67' title='bbox 263 1854 355 1917; x_wconf 85' lang='lat' dir='ltr'>verbu</span> <span class='ocrx_word' id='word_1_68' title='bbox 388 1855 572 1921; x_wconf 86' lang='lat' dir='ltr'>commutari</span> <span class='ocrx_word' id='word_1_69' title='bbox 603 1856 634 1920; x_wconf 94' lang='lat' dir='ltr'>in</span> <span class='ocrx_word' id='word_1_70' title='bbox 668 1855 824 1920; x_wconf 81' lang='lat' dir='ltr'>codicibus</span> <span class='ocrx_word' id='word_1_71' title='bbox 851 1855 996 1934; x_wconf 84' lang='lat' dir='ltr'>annotavi</span> <span class='ocrx_word' id='word_1_72' title='bbox 1021 1854 1084 1920; x_wconf 89' lang='lat' dir='ltr'>iam</span> 
     </span>
     <span class='ocr_line' id='line_1_12' title="bbox 39 1954 1086 2045; baseline -0.003 -18"><span class='ocrx_word' id='word_1_73' title='bbox 39 1964 90 2027; x_wconf 86' lang='lat' dir='ltr'>ute</span> <span class='ocrx_word' id='word_1_74' title='bbox 112 1960 181 2044; x_wconf 92' lang='lat' dir='ltr'>plus</span> <span class='ocrx_word' id='word_1_75' title='bbox 203 1961 427 2045; x_wconf 87' lang='lat' dir='ltr'>quinquaginta</span> <span class='ocrx_word' id='word_1_76' title='bbox 449 1980 544 2027; x_wconf 90' lang='lat' dir='ltr'>annos</span> <span class='ocrx_word' id='word_1_77' title='bbox 565 1960 597 2027; x_wconf 94' lang='lat' dir='ltr'>in</span> <span class='ocrx_word' id='word_1_78' title='bbox 623 1960 790 2043; x_wconf 85' lang='lat' dir='ltr'>appendice</span> <span class='ocrx_word' id='word_1_79' title='bbox 808 1954 914 2026; x_wconf 85' lang='lat' dir='ltr'>critica</span> <span class='ocrx_word' id='word_1_80' title='bbox 929 1978 1086 2026; x_wconf 89' lang='lat' dir='ltr'>commen·</span> 
     </span>
     <span class='ocr_line' id='line_1_13' title="bbox 39 2058 472 2151; baseline -0.007 -18"><span class='ocrx_word' id='word_1_81' title='bbox 39 2058 146 2133; x_wconf 83' lang='lat' dir='ltr'>silonis</span> <span class='ocrx_word' id='word_1_82' title='bbox 169 2069 348 2133; x_wconf 85' lang='lat' dir='ltr'>Ascouianae</span> <span class='ocrx_word' id='word_1_83' title='bbox 370 2088 399 2151; x_wconf 93' lang='lat' dir='ltr'>p.</span> <span class='ocrx_word' id='word_1_84' title='bbox 423 2067 472 2131; x_wconf 77' lang='lat'>29.</span> 
     </span>
    </p>
   </div>
   <div class='ocr_carea' id='block_1_4' title="bbox 39 2190 1090 3146">
    <p class='ocr_par' dir='ltr' id='par_1_4' title="bbox 39 2190 1090 3146">
     <span class='ocr_line' id='line_1_14' title="bbox 119 2190 1087 2290; baseline 0.001 -18"><span class='ocrx_word' id='word_1_85' title='bbox 119 2204 249 2286; x_wconf 79' lang='lat' dir='ltr'>Ibidll,</span> <span class='ocrx_word' id='word_1_86' title='bbox 266 2207 295 2287; x_wconf 76' lang='grc'>2,</span> <span class='ocrx_word' id='word_1_87' title='bbox 313 2208 347 2272; x_wconf 76' lang='lat'>2:</span> <span class='ocrx_word' id='word_1_88' title='bbox 372 2206 626 2274; x_wconf 86' lang='lat' dir='ltr'>Ostendebat</span> <span class='ocrx_word' id='word_1_89' title='bbox 648 2207 873 2274; x_wconf 73' lang='lat' dir='ltr'>Antiochus</span> <span class='ocrx_word' id='word_1_90' title='bbox 895 2190 934 2272; x_wconf 86' lang='lat' dir='ltr'>in</span> <span class='ocrx_word' id='word_1_91' title='bbox 957 2226 1087 2290; x_wconf 84' lang='lat' dir='ltr'>cumpo</span> 
     </span>
     <span class='ocr_line' id='line_1_15' title="bbox 42 2311 1087 2399; baseline -0.002 -19"><span class='ocrx_word' id='word_1_92' title='bbox 42 2315 155 2398; x_wconf 84' lang='lat' dir='ltr'>opius</span> <span class='ocrx_word' id='word_1_93' title='bbox 189 2311 392 2398; x_wconf 78' lang='lat' dir='ltr'>ingentes,</span> <span class='ocrx_word' id='word_1_94' title='bbox 422 2333 519 2398; x_wconf 88' lang='lat' dir='ltr'>quas</span> <span class='ocrx_word' id='word_1_95' title='bbox 551 2314 702 2380; x_wconf 90' lang='lat' dir='ltr'>bell-um</span> <span class='ocrx_word' id='word_1_96' title='bbox 736 2314 881 2399; x_wconf 88' lang='lat' dir='ltr'>populo</span> <span class='ocrx_word' id='word_1_97' title='bbox 914 2313 1087 2380; x_wconf 88' lang='lat' dir='ltr'>Romano</span> 
     </span>
     <span class='ocr_line' id='line_1_16' title="bbox 39 2421 1089 2506; baseline 0 -20"><span class='ocrx_word' id='word_1_98' title='bbox 39 2424 204 2486; x_wconf 85' lang='lat' dir='ltr'>acturus</span> <span class='ocrx_word' id='word_1_99' title='bbox 237 2424 559 2503; x_wconf 71' lang='lat' dir='ltr'>comparaverat,</span> <span class='ocrx_word' id='word_1_100' title='bbox 593 2421 942 2506; x_wconf 85' lang='lat' dir='ltr'>convertebatque</span> <span class='ocrx_word' id='word_1_101' title='bbox 976 2439 1089 2486; x_wconf 86' lang='lat' dir='ltr'>erer-</span> 
     </span>
     <span class='ocr_line' id='line_1_17' title="bbox 44 2527 1088 2611; baseline 0 -19"><span class='ocrx_word' id='word_1_102' title='bbox 44 2528 145 2593; x_wconf 91' lang='lat' dir='ltr'>itnm</span> <span class='ocrx_word' id='word_1_103' title='bbox 167 2527 400 2611; x_wconf 82' lang='lat' dir='ltr'>insignibus</span> <span class='ocrx_word' id='word_1_104' title='bbox 422 2527 631 2611; x_wconf 82' lang='lat' dir='ltr'>argenteis</span> <span class='ocrx_word' id='word_1_105' title='bbox 653 2533 691 2594; x_wconf 90' lang='lat' dir='ltr'>et</span> <span class='ocrx_word' id='word_1_106' title='bbox 712 2527 847 2593; x_wconf 85' lang='lat' dir='ltr'>aureis</span> <span class='ocrx_word' id='word_1_107' title='bbox 870 2527 1088 2592; x_wconf 84' lang='lat' dir='ltr'>florentem</span> 
     </span>
     <span class='ocr_line' id='line_1_18' title="bbox 39 2620 1090 2717; baseline 0.001 -20"><span class='ocrx_word' id='word_1_108' title='bbox 39 2631 127 2717; x_wconf 87' lang='lat' dir='ltr'>leque</span> <span class='ocrx_word' id='word_1_109' title='bbox 160 2636 397 2700; x_wconf 83' lang='lat' dir='ltr'>convertere</span> <span class='ocrx_word' id='word_1_110' title='bbox 427 2637 474 2700; x_wconf 88' lang='lat' dir='ltr'>est</span> <span class='ocrx_word' id='word_1_111' title='bbox 504 2634 661 2699; x_wconf 87' lang='lat' dir='ltr'>decurrere</span> <span class='ocrx_word' id='word_1_112' title='bbox 691 2620 804 2712; x_wconf 81' lang='lat' dir='ltr'>iubere,</span> <span class='ocrx_word' id='word_1_113' title='bbox 827 2633 990 2716; x_wconf 84' lang='lat' dir='ltr'>nequead</span> <span class='ocrx_word' id='word_1_114' title='bbox 1012 2633 1090 2699; x_wconf 87' lang='lat' dir='ltr'>hauc</span> 
     </span>
     <span class='ocr_line' id='line_1_19' title="bbox 39 2736 1087 2826; baseline 0 -21"><span class='ocrx_word' id='word_1_115' title='bbox 39 2746 88 2805; x_wconf 88' lang='lat' dir='ltr'>em</span> <span class='ocrx_word' id='word_1_116' title='bbox 109 2741 244 2822; x_wconf 87' lang='lat' dir='ltr'>pertinet</span> <span class='ocrx_word' id='word_1_117' title='bbox 266 2741 331 2806; x_wconf 89' lang='lat' dir='ltr'>auri</span> <span class='ocrx_word' id='word_1_118' title='bbox 353 2740 534 2826; x_wconf 85' lang='lat' dir='ltr'>argentique</span> <span class='ocrx_word' id='word_1_119' title='bbox 563 2739 673 2823; x_wconf 84' lang='lat' dir='ltr'>fulgor.</span> <span class='ocrx_word' id='word_1_120' title='bbox 722 2736 923 2804; x_wconf 77' lang='lat' dir='ltr'>scribendum</span> <span class='ocrx_word' id='word_1_121' title='bbox 954 2741 1087 2805; x_wconf 86' lang='lat' dir='ltr'>contuo-</span> 
     </span>
     <span class='ocr_line' id='line_1_20' title="bbox 39 2844 1089 2931; baseline -0.006 -18"><span class='ocrx_word' id='word_1_122' title='bbox 39 2848 204 2929; x_wconf 77' lang='lat' dir='ltr'>uturque.</span> <span class='ocrx_word' id='word_1_123' title='bbox 241 2847 386 2931; x_wconf 82' lang='lat' dir='ltr'>Sequitur</span> <span class='ocrx_word' id='word_1_124' title='bbox 402 2847 492 2930; x_wconf 84' lang='lat' dir='ltr'>paulo</span> <span class='ocrx_word' id='word_1_125' title='bbox 508 2849 594 2928; x_wconf 85' lang='lat' dir='ltr'>post:</span> <span class='ocrx_word' id='word_1_126' title='bbox 616 2844 965 2926; x_wconf 83' lang='lat' dir='ltr'>contemplatione</span> <span class='ocrx_word' id='word_1_127' title='bbox 986 2844 1089 2908; x_wconf 87' lang='lat' dir='ltr'>tanti</span> 
     </span>
     <span class='ocr_line' id='line_1_21' title="bbox 44 2947 1090 3020; baseline -0.004 -2"><span class='ocrx_word' id='word_1_128' title='bbox 44 2955 61 3018; x_wconf 81' lang='lat' dir='ltr'>t</span> <span class='ocrx_word' id='word_1_129' title='bbox 92 2958 172 3019; x_wconf 89' lang='lat' dir='ltr'>tam</span> <span class='ocrx_word' id='word_1_130' title='bbox 204 2952 338 3020; x_wconf 84' lang='lat' dir='ltr'>ornati</span> <span class='ocrx_word' id='word_1_131' title='bbox 370 2952 585 3019; x_wconf 87' lang='lat' dir='ltr'>exereitus.</span> <span class='ocrx_word' id='word_1_132' title='bbox 634 2951 749 3016; x_wconf 82' lang='lat' dir='ltr'>Eadem</span> <span class='ocrx_word' id='word_1_133' title='bbox 779 2947 927 3016; x_wconf 88' lang='lat' dir='ltr'>eorrectio</span> <span class='ocrx_word' id='word_1_134' title='bbox 948 2947 1090 3014; x_wconf 82' lang='lat' dir='ltr'>iacienda</span> 
     </span>
     <span class='ocr_line' id='line_1_22' title="bbox 39 3053 969 3146; baseline -0.006 -21"><span class='ocrx_word' id='word_1_135' title='bbox 39 3060 110 3146; x_wconf 90' lang='lat' dir='ltr'>pud</span> <span class='ocrx_word' id='word_1_136' title='bbox 129 3060 265 3128; x_wconf 83' lang='lat' dir='ltr'>Gellium</span> <span class='ocrx_word' id='word_1_137' title='bbox 287 3061 323 3138; x_wconf 85' lang='lat' dir='ltr'>V,</span> <span class='ocrx_word' id='word_1_138' title='bbox 347 3061 376 3139; x_wconf 81' lang='lat'>5,</span> <span class='ocrx_word' id='word_1_139' title='bbox 399 3060 481 3127; x_wconf 89' lang='lat' dir='ltr'>unde</span> <span class='ocrx_word' id='word_1_140' title='bbox 504 3058 680 3124; x_wconf 83' lang='lat' dir='ltr'>Macrobius</span> <span class='ocrx_word' id='word_1_141' title='bbox 700 3054 767 3120; x_wconf 85' lang='lat' dir='ltr'>baec</span> <span class='ocrx_word' id='word_1_142' title='bbox 789 3053 969 3137; x_wconf 80' lang='lat' dir='ltr'>sumpsit.*)</span> 
     </span>
    </p>
   </div>
   <div class='ocr_carea' id='block_1_5' title="bbox 317 3305 807 3385">
    <p class='ocr_par' dir='ltr' id='par_1_5' title="bbox 317 3305 807 3385">
     <span class='ocr_line' id='line_1_23' title="bbox 317 3305 807 3385; baseline -0.002 -9"><span class='ocrx_word' id='word_1_143' title='bbox 317 3309 502 3377; x_wconf 79' lang='lat' dir='ltr'>Ammianus</span> <span class='ocrx_word' id='word_1_144' title='bbox 524 3305 807 3385; x_wconf 81' lang='lat' dir='ltr'>liurcellinus.**)</span> 
     </span>
    </p>
   </div>
   <div class='ocr_carea' id='block_1_6' title="bbox 45 3471 1092 3666">
    <p class='ocr_par' dir='ltr' id='par_1_6' title="bbox 45 3471 1092 3666">
     <span class='ocr_line' id='line_1_24' title="bbox 126 3471 1092 3557; baseline -0.007 -15"><span class='ocrx_word' id='word_1_145' title='bbox 126 3478 191 3542; x_wconf 85' lang='lat' dir='ltr'>bib.</span> <span class='ocrx_word' id='word_1_146' title='bbox 213 3477 412 3555; x_wconf 75' lang='lat' dir='ltr'><strong>X1v‚6‚17:</strong></span> <span class='ocrx_word' id='word_1_147' title='bbox 445 3475 577 3557; x_wconf 87' lang='lat' dir='ltr'>thue</span> <span class='ocrx_word' id='word_1_148' title='bbox 598 3473 831 3556; x_wconf 88' lang='lat' dir='ltr'>proeliorum</span> <span class='ocrx_word' id='word_1_149' title='bbox 855 3471 982 3556; x_wconf 91' lang='lat' dir='ltr'>periti</span> <span class='ocrx_word' id='word_1_150' title='bbox 1006 3489 1092 3536; x_wconf 86' lang='lat' dir='ltr'>rec·</span> 
     </span>
     <span class='ocr_line' id='line_1_25' title="bbox 45 3579 1092 3666; baseline -0.006 -17"><span class='ocrx_word' id='word_1_151' title='bbox 45 3585 275 3666; x_wconf 87' lang='lat' dir='ltr'>uresprimo</span> <span class='ocrx_word' id='word_1_152' title='bbox 292 3581 639 3665; x_wconf 79' lang='lat' dir='ltr'>cateruasdeusas</span> <span class='ocrx_word' id='word_1_153' title='bbox 661 3582 867 3664; x_wconf 88' lang='lat' dir='ltr'>opponunt</span> <span class='ocrx_word' id='word_1_154' title='bbox 888 3581 927 3645; x_wconf 89' lang='lat' dir='ltr'>et</span> <span class='ocrx_word' id='word_1_155' title='bbox 947 3579 1092 3655; x_wconf 83' lang='lat' dir='ltr'>fortes,</span> 
     </span>
    </p>
   </div>
   <div class='ocr_carea' id='block_1_7' title="bbox 64 3929 1097 4571">
    <p class='ocr_par' dir='ltr' id='par_1_7' title="bbox 77 3929 1095 4278">
     <span class='ocr_line' id='line_1_26' title="bbox 77 3929 1094 4014; baseline -0.016 -14"><span class='ocrx_word' id='word_1_156' title='bbox 77 3945 106 4014; x_wconf 83' lang='grc'>*)</span> <span class='ocrx_word' id='word_1_157' title='bbox 123 3943 182 3999; x_wconf 81' lang='lat' dir='ltr'>Lib.</span> <span class='ocrx_word' id='word_1_158' title='bbox 200 3941 248 4008; x_wconf 75' lang='lat' dir='ltr'>Vl,</span> <span class='ocrx_word' id='word_1_159' title='bbox 265 3938 292 4007; x_wconf 76' lang='lat'>4,</span> <span class='ocrx_word' id='word_1_160' title='bbox 310 3937 328 3992; x_wconf 73' lang='lat'><strong>2</strong></span> <span class='ocrx_word' id='word_1_161' title='bbox 345 3938 375 3994; x_wconf 87' lang='lat' dir='ltr'>iu</span> <span class='ocrx_word' id='word_1_162' title='bbox 394 3935 491 3992; x_wconf 79' lang='lat' dir='ltr'>Lucilii</span> <span class='ocrx_word' id='word_1_163' title='bbox 511 3935 635 3991; x_wconf 78' lang='lat' dir='ltr'>versibus</span> <span class='ocrx_word' id='word_1_164' title='bbox 646 3931 880 4004; x_wconf 73' lang='lat' dir='ltr'>Eyneubsrdtius</span> <span class='ocrx_word' id='word_1_165' title='bbox 892 3945 927 3985; x_wconf 85' lang='lat' dir='ltr'>ex</span> <span class='ocrx_word' id='word_1_166' title='bbox 939 3929 961 3984; x_wconf 81' lang='grc' dir='ltr'><strong>Ρ</strong></span> <span class='ocrx_word' id='word_1_167' title='bbox 973 3930 1094 3985; x_wconf 84' lang='lat' dir='ltr'>scribere</span> 
     </span>
     <span class='ocr_line' id='line_1_27' title="bbox 127 4021 1094 4103; baseline -0.018 -10"><span class='ocrx_word' id='word_1_168' title='bbox 127 4035 255 4103; x_wconf 70' lang='lat' dir='ltr'>debebat,</span> <span class='ocrx_word' id='word_1_169' title='bbox 273 4032 348 4103; x_wconf 87' lang='lat' dir='ltr'>quod</span> <span class='ocrx_word' id='word_1_170' title='bbox 366 4029 527 4087; x_wconf 81' lang='lat' dir='ltr'>coniectura</span> <span class='ocrx_word' id='word_1_171' title='bbox 544 4033 753 4083; x_wconf 68' lang='lat' dir='ltr'>annumerem:</span> <span class='ocrx_word' id='word_1_172' title='bbox 771 4040 835 4080; x_wconf 89' lang='lat' dir='ltr'>nou</span> <span class='ocrx_word' id='word_1_173' title='bbox 853 4023 940 4079; x_wconf 76' lang='lat' dir='ltr'>male</span> <span class='ocrx_word' id='word_1_174' title='bbox 957 4021 1008 4090; x_wconf 81' lang='lat' dir='ltr'>slt3</span> <span class='ocrx_word' id='word_1_175' title='bbox 1027 4022 1094 4091; x_wconf 78' lang='lat' dir='ltr'>ille,</span> 
     </span>
     <span class='ocr_line' id='line_1_28' title="bbox 127 4121 1095 4195; baseline -0.017 -9"><span class='ocrx_word' id='word_1_176' title='bbox 127 4136 164 4185; x_wconf 87' lang='lat' dir='ltr'>ut</span> <span class='ocrx_word' id='word_1_177' title='bbox 190 4129 280 4195; x_wconf 79' lang='lat' dir='ltr'>dieo,</span> <span class='ocrx_word' id='word_1_178' title='bbox 311 4142 359 4182; x_wconf 76' lang='lat' dir='ltr'>ne</span> <span class='ocrx_word' id='word_1_179' title='bbox 387 4128 565 4182; x_wconf 78' lang='lat' dir='ltr'>exenterat</span> <span class='ocrx_word' id='word_1_180' title='bbox 592 4135 687 4189; x_wconf 80' lang='lat' dir='ltr'>uuue3</span> <span class='ocrx_word' id='word_1_181' title='bbox 720 4133 782 4174; x_wconf 79' lang='lat' dir='ltr'>nan</span> <span class='ocrx_word' id='word_1_182' title='bbox 810 4123 991 4172; x_wconf 82' lang='lat' dir='ltr'>exenterat</span> <span class='ocrx_word' id='word_1_183' title='bbox 1021 4121 1095 4170; x_wconf 87' lang='lat' dir='ltr'>recte</span> 
     </span>
     <span class='ocr_line' id='line_1_29' title="bbox 128 4221 292 4278; baseline -0.006 0"><span class='ocrx_word' id='word_1_184' title='bbox 128 4221 292 4278; x_wconf 74' lang='lat' dir='ltr'>enendsrit</span> 
     </span>
    </p>

    <p class='ocr_par' dir='ltr' id='par_1_8' title="bbox 64 4300 1097 4571">
     <span class='ocr_line' id='line_1_30' title="bbox 64 4300 1095 4385; baseline -0.016 -13"><span class='ocrx_word' id='word_1_185' title='bbox 64 4316 111 4385; x_wconf 81' lang='lat'>**)</span> <span class='ocrx_word' id='word_1_186' title='bbox 129 4314 173 4370; x_wconf 78' lang='lat' dir='ltr'>Ad</span> <span class='ocrx_word' id='word_1_187' title='bbox 190 4314 324 4370; x_wconf 76' lang='lat' dir='ltr'>Arnruiuui</span> <span class='ocrx_word' id='word_1_188' title='bbox 340 4310 493 4367; x_wconf 76' lang='lat' dir='ltr'>Marcellini</span> <span class='ocrx_word' id='word_1_189' title='bbox 509 4307 604 4375; x_wconf 85' lang='lat' dir='ltr'>libros,</span> <span class='ocrx_word' id='word_1_190' title='bbox 627 4307 656 4361; x_wconf 89' lang='lat' dir='ltr'>iu</span> <span class='ocrx_word' id='word_1_191' title='bbox 681 4306 782 4377; x_wconf 88' lang='lat' dir='ltr'>quibus</span> <span class='ocrx_word' id='word_1_192' title='bbox 803 4301 978 4360; x_wconf 74' lang='lat' dir='ltr'>mendenen</span> <span class='ocrx_word' id='word_1_193' title='bbox 1002 4300 1095 4356; x_wconf 82' lang='lat' dir='ltr'>lauda-</span> 
     </span>
     <span class='ocr_line' id='line_1_31' title="bbox 129 4394 1096 4478; baseline -0.018 -13"><span class='ocrx_word' id='word_1_194' title='bbox 129 4410 189 4465; x_wconf 83' lang='lat' dir='ltr'>bilis</span> <span class='ocrx_word' id='word_1_195' title='bbox 207 4413 309 4478; x_wconf 65' lang='lat' dir='ltr'>prater</span> <span class='ocrx_word' id='word_1_196' title='bbox 327 4412 438 4462; x_wconf 84' lang='lat' dir='ltr'>ceteros</span> <span class='ocrx_word' id='word_1_197' title='bbox 458 4401 551 4457; x_wconf 77' lang='lat' dir='ltr'>fueret</span> <span class='ocrx_word' id='word_1_198' title='bbox 576 4400 708 4467; x_wconf 71' lang='lat' dir='ltr'>documii,</span> <span class='ocrx_word' id='word_1_199' title='bbox 734 4397 847 4463; x_wconf 78' lang='lat' dir='ltr'>Gelonii,</span> <span class='ocrx_word' id='word_1_200' title='bbox 875 4394 975 4452; x_wconf 81' lang='lat' dir='ltr'>valesii</span> <span class='ocrx_word' id='word_1_201' title='bbox 1003 4409 1096 4465; x_wconf 82' lang='lat' dir='ltr'>opera,</span> 
     </span>
     <span class='ocr_line' id='line_1_32' title="bbox 131 4487 1097 4571; baseline -0.019 -12"><span class='ocrx_word' id='word_1_202' title='bbox 131 4504 181 4559; x_wconf 83' lang='lat' dir='ltr'>etei</span> <span class='ocrx_word' id='word_1_203' title='bbox 200 4502 307 4571; x_wconf 88' lang='lat' dir='ltr'>priores</span> <span class='ocrx_word' id='word_1_204' title='bbox 326 4498 362 4554; x_wconf 92' lang='lat' dir='ltr'>illi</span> <span class='ocrx_word' id='word_1_205' title='bbox 381 4496 435 4552; x_wconf 91' lang='lat' dir='ltr'>dno</span> <span class='ocrx_word' id='word_1_206' title='bbox 456 4493 600 4560; x_wconf 87' lang='lat' dir='ltr'>interdum,</span> <span class='ocrx_word' id='word_1_207' title='bbox 624 4498 655 4548; x_wconf 84' lang='lat' dir='ltr'>nt</span> <span class='ocrx_word' id='word_1_208' title='bbox 680 4490 824 4545; x_wconf 86' lang='lat' dir='ltr'>lectionem</span> <span class='ocrx_word' id='word_1_209' title='bbox 841 4487 1012 4555; x_wconf 74' lang='lat' dir='ltr'>adiuvarent,</span> <span class='ocrx_word' id='word_1_210' title='bbox 1031 4503 1097 4542; x_wconf 92' lang='lat' dir='ltr'>nou-</span> 
     </span>
    </p>
   </div>
   <div class='ocr_carea' id='block_1_8' title="bbox 0 0 1334 5010">
    <p class='ocr_par' dir='ltr' id='par_1_9' title="bbox 0 0 1334 5010">
     <span class='ocr_line' id='line_1_33' title="bbox 0 0 1334 5010; baseline 0 0"><span class='ocrx_word' id='word_1_211' title='bbox 0 0 1334 5010; x_wconf 95' lang='lat' dir='ltr'> </span> 
     </span>
    </p>
   </div>
  </div>
 </body>
</html>
