2678 5018
472 1785 598 1858 Liber
624 1783 701 1874 Vl,

209 1918 267 2000 qui
289 1917 472 1981 1011001000
495 1916 743 1981 emendationum
764 1916 883 1998 primus
905 1918 962 1980 est.

520 2080 604 2162 Cap.
628 2083 653 2145 l.

157 2231 349 2286 Emendnntur
368 2230 491 2294 Plautus,
511 2231 663 2299 Terentius,
681 2232 842 2301 (Lucretius,
865 2232 1007 2299 Catullus).

151 2345 222 2411 Uno
244 2344 349 2428 eapite
370 2363 432 2409 non
449 2346 565 2426 prolixo
587 2345 804 2428 comprehendi
824 2348 969 2428 possunt,
992 2365 1059 2430 quae
1081 2346 1120 2410 ad

62 2453 158 2529 poetas
182 2449 322 2534 Augusti
354 2450 446 2513 aetate
467 2451 593 2530 priores,
625 2471 752 2534 quorum
775 2469 865 2532 opera
888 2453 1016 2523 exstant
1051 2470 1121 2533 pro·

62 2554 181 2620 luenda
202 2554 277 2618 milri
299 2555 379 2618 sunt.
416 2554 460 2618 Ex
477 2554 515 2618 iie
538 2555 683 2620 Plautum
705 2555 767 2640 logi
790 2555 976 2633 adolescens,
997 2544 1120 2620 ut'tum

62 2657 181 2736 1100101,
202 2678 267 2725 000
286 2658 494 2742 indiligenter,
517 2659 644 2742 eiusque
666 2659 806 2726 lectionis
829 2680 898 2725 oum
921 2662 1033 2726 veteris
1055 2679 1120 2724 ser·

64 2766 158 2830 monis
196 2764 412 2829 observatione
437 2765 603 2830 ooniunotae
625 2764 738 2830 indicia
769 2766 863 2830 habet
895 2765 1061 2847 disputatio
1083 2764 1121 2829 ne

62 2869 228 2934 formarum
259 2869 450 2952 quarundam
479 2869 564 2934 verbi
585 2868 690 2935 batim
710 2871 821 2934 natura
841 2872 873 2934 et
893 2890 960 2938 usu,
983 2890 1002 2934 a
1023 2889 1072 2934 me
1093 2888 1120 2934 a.

61 2973 139 3036 1835
168 2977 201 3037 et
232 2973 314 3038 1836
342 2974 425 3039 edita
445 2975 603 3057 positaque
631 2977 738 3057 postea
757 2975 790 3039 in
813 2974 1026 3055 opusculorum
1050 2991 1122 3037 aon·

59 3076 249 3143 teminorum
282 3079 435 3144 volumine
467 3080 572 3156 utero,
606 3100 699 3162 quam
736 3099 817 3144 nuno
849 3098 982 3162 quoque»
998 3096 1120 3159 prorsus

57 3183 165 3264 probo;
201 3182 241 3246 ed
272 3185 430 3265 scripturae
452 3185 694 3250 emendationem
725 3184 905 3249 tentandam
930 3202 1027 3266 neque
1048 3184 1120 3249 sub-

55 3287 144 3352 siliis
169 3289 340 3352 instructus
364 3307 461 3371 neque
481 3290 650 3354 metrorum
672 3290 881 3372 prosodiaequo
910 3288 1121 3353 observatione

59 3395 251 3476 preparatus
273 3411 372 3466 eram;
408 3393 485 3458 alias
507 3394 588 3457 euim
611 3395 688 3458 mihi
709 3412 936 3475 proposueram,
956 3393 990 3456 in
1012 3392 1122 3474 quibus

56 3498 263 3570 elaborarem,
295 3498 489 3580 antiquarum
528 3498 702 3562 litterarum
737 3502 850 3581 partes.
908 3499 1016 3579 ltaque
1047 3495 1124 3560 nihil

58 3602 159 3666 habeo
181 3601 236 3665 illo
258 3605 395 3684 ternpore
416 3603 606 3677 annotatum,
629 3602 710 3685 quod
731 3603 780 3667 edi
802 3603 904 3667 velim.
954 3599 1125 3665 Intervenit

1 3725 4 3758 1
58 3706 275 3772 Plantiuorum
316 3706 486 3772 studiorum
521 3709 676 3772 renouatio
717 3727 829 3791 magno
868 3708 985 3774 fervore
1020 3722 1039 3767 a
1075 3703 1123 3768 Fr·

58 3810 229 3876 Ritsehelio
270 3812 378 3892 ooepta,
416 3812 455 3876 ab
488 3812 557 3876 aliis
594 3814 729 3894 excepta.
785 3815 820 3876 ln
850 3812 915 3876 eius
946 3828 1002 3892 ego
1026 3827 1124 3890 operte

60 3916 183 3997 partem
219 3915 258 3981 ob
281 3915 384 3980 studia
405 3915 464 3980 alio
496 3917 612 3981 oollata
632 3916 734 3980 venire
757 3935 817 3980 non
838 3915 932 3997 potui,
954 3933 1010 3978 neo
1031 3914 1126 3978 animi

5 4058 6 4061 =
60 4020 263 4085 inclinatione
296 4020 449 4097 trahebar,
486 4023 537 4084 ut·
552 4039 602 4085 me
637 4022 669 4084 in
698 4022 848 4085 minutum
871 4019 958 4083 illam
979 4019 1127 4101 prosodiae

63 4124 199 4189 maxime
222 4126 465 4192 obseruationem
486 4126 518 4189 in
543 4125 680 4190 instabili
700 4124 898 4189 fundamento
919 4122 1125 4205 trepidantem

9 4308 12 4312 x
63 4230 292 4313 immergerem.
343 4232 390 4294 Ae
418 4231 445 4294 si
466 4230 533 4314 quis
554 4249 615 4305 me,
648 4230 727 4312 quod
759 4230 886 4293 memini
907 4229 984 4303 fieri,
1006 4227 1128 4310 putabit

9 4335 10 4380 Ὗ
62 4335 303 4416 grammaticum
324 4355 433 4418 parum
457 4336 609 4400 curiosum
630 4336 726 4400 fuisse
749 4353 896 4400 novorum
917 4334 1127 4418 grammaticae

9 4484 10 4488 =
62 4438 179 4506 Lnfinae
217 4440 382 4506 condendae
417 4440 584 4514 initiorum,
621 4459 688 4522 quae
720 4439 772 4503 hio
792 4440 1003 4516 nascerentur,
1022 4437 1052 4500 ei
1071 4453 1127 4518 ego

897 4543 928 4594 ι*
