2654 5010
444 641 446 645 ’
488 637 593 693 Plinius
611 637 705 693 maior.
1029 636 1089 706 213

61 835 195 900 Italiae
218 838 258 900 ot
278 836 448 901 maxime
472 834 660 912 Etruriae,
691 832 851 900 Volcam
880 833 993 899 Veiis
1022 835 1132 900 acci·

61 943 144 1006 tum
166 945 224 1007 cet.
268 944 415 1008 Datirum
446 941 495 1006 hic
524 959 542 1005 a
572 940 672 1005 Plinio
693 959 748 1023 pro
770 941 986 1023 propositione
1008 942 1054 1005 ab
1077 961 1133 1023 po·

63 1050 168 1123 situm,
187 1048 356 1131 prasertim
372 1048 404 1112 in
421 1050 572 1113 terrarum
593 1046 778 1124 nominibus,
794 1045 844 1111 rix
860 1047 959 1121 credo,
973 1049 1133 1132 multoque

61 1152 250 1235 probabilius
272 1153 349 1218 mihi
366 1153 498 1232 ridetur,
514 1173 583 1218 cum
599 1154 747 1237 scriptum
764 1158 862 1219 esset:
884 1152 983 1219 hauc
1004 1157 1131 1219 artam

62 1260 179 1342 <iu>
202 1259 296 1327 ltalia
316 1263 355 1325 at
384 1260 549 1325 marinio
578 1260 727 1337 Etruria,
761 1260 1007 1344 propositionem
1036 1261 1131 1325 inter-

62 1366 176 1432 cidisse
197 1367 323 1449 propter
343 1367 565 1448 precedentem
587 1365 728 1431 litteram
750 1385 791 1443 m,
814 1368 882 1430 tum
904 1385 921 1432 a
943 1366 1080 1432 vocalem
1096 1385 1131 1433 er

61 1472 202 1556 sequenti
224 1473 264 1537 et
284 1470 437 1537 adiectam
466 1490 543 1537 esse.

164 1587 412 1672 Ibid.158sq.:
446 1590 488 1654 ln
522 1590 652 1655 sacris
685 1590 845 1672 quidem
874 1589 997 1654 etium
1025 1589 1133 1654 inter

62 1697 134 1761 has
156 1714 249 1778 opes
272 1696 390 1760 hodia
412 1715 486 1759 non
509 1697 702 1761 murrinis
719 1694 1133 1779 er·ystallinisre,sed

64 1802 277 1868 fictilibus
292 1802 522 1884 prolibatur
542 1787 728 1886 simpuis,
747 1801 1005 1866 inenarrabili
1021 1802 1133 1865 terra

62 1909 340 1992 benignitate,
372 1906 406 1972 si
440 1907 506 1991 qni
538 1909 702 1993 singula
730 1909 922 1984 aestimet,
946 1908 1066 1972 etiam
1090 1913 1134 1972 ut

61 2016 313 2080 omittantur
334 2015 371 2078 iu
402 2014 575 2096 frugum,
612 2014 711 2088 viui,
742 2032 959 2097 pomorum,
990 2014 1132 2079 herba-

62 2140 163 2196 rum,
196 2120 408 2193 fruticum,
441 2119 839 2196 medicamentorum,
871 2120 1132 2185 metallorum

59 2227 283 2313 generibus
316 2225 523 2292 beneficia
555 2226 642 2290 eius
675 2244 837 2309 quaeque
869 2224 997 2291 adbuc
1025 2225 1132 2290 diri-

59 2353 155 2400 mus.
198 2334 271 2398 Vel
297 2333 548 2399 assiduitate
571 2333 728 2397 satiant
750 2331 991 2415 figlinarum
1014 2351 1135 2414 opera

61 2439 308 2505 imbricibus
330 2439 375 2504 ad
398 2440 509 2504 tecta
531 2437 772 2519 coctilibus,
799 2438 1021 2505 laterculis
1043 2439 1132 2503 sun·

60 2546 349 2629 damnatisque
371 2546 455 2622 ant,
473 2563 555 2627 qnae
577 2550 665 2611 rota
686 2547 811 2623 liunt,
828 2546 953 2612 doliis
977 2545 1021 2610 ad
1041 2545 1135 2609 vina

60 2635 313 2735 excogitatis
336 2654 394 2717 cet.
454 2650 627 2716 Turbatam
648 2649 700 2716 hic
721 2651 838 2734 aliquid
860 2670 927 2717 esse
953 2651 1060 2716 multis
1082 2653 1133 2716 iu·

61 2757 154 2824 dicits
170 2757 420 2839 deprehenditur.
458 2756 597 2822 Primum
615 2756 693 2820 eniur
711 2755 847 2821 ablativo
861 2754 919 2834 illi,
935 2775 995 2839 quo
1011 2756 1133 2823 Plinius

61 2866 95 2930 et
117 2864 243 2929 Tacitus
265 2863 469 2946 epiphonema
491 2860 616 2945 aliquod
638 2865 693 2926 ant
716 2859 864 2926 iudicium
890 2862 1071 2945 adiungunt,
1095 2863 1134 2928 de

61 2989 124 3055 quo
148 2968 212 3034 dixi
234 2967 314 3033 Λᾶν.
337 2971 412 3034 Crit.
436 2970 464 3034 ΙΙ
487 2990 515 3052 p.
533 2969 604 3043 btd,
627 2967 677 3032 hic
698 2966 802 3032 nullus
825 2966 947 3032 omnino
970 2967 1053 3033 locus
1076 2972 1131 3044 est,

61 3076 208 3160 quoniam
243 3093 342 3159 neque
374 3076 426 3139 uni
459 3079 492 3139 et
524 3075 639 3158 exiguae
676 3074 729 3149 rei,
758 3072 902 3139 fictilium
935 3094 1076 3140 vasorum
1099 3074 1131 3138 in

62 3182 159 3248 sacris
181 3183 261 3258 usui,
295 3181 351 3247 hoc
384 3179 422 3244 de
455 3179 598 3245 omnibns
631 3182 721 3245 terrae
749 3180 907 3245 beneficiis
930 3179 1133 3262 epiphonema

62 3286 289 3354 accommodari
311 3288 424 3369 potest,
447 3289 480 3352 et
503 3286 571 3368 ipsa
593 3286 684 3351 hnius
714 3285 960 3368 epiphonematis
981 3283 1135 3351 sententia

62 3396 212 3460 evertitur
243 3397 276 3458 et
307 3392 428 3459 tollitur
457 3393 602 3458 adiuncta
623 3392 679 3458 illa
700 3392 911 3458 concessione:
946 3391 1068 3457 etiarn
1090 3393 1136 3456 nt

62 3500 314 3565 omittantur
335 3502 394 3564 cet
432 3498 550 3563 Deinde
576 3518 621 3577 aa,
637 3518 706 3582 quia
720 3500 890 3580 sequnntur
905 3497 942 3563 de
956 3498 1131 3582 figlinarum

63 3607 218 3690 operibus,
253 3605 340 3670 nullo
375 3623 499 3688 prorsus
531 3624 607 3670 narn
640 3624 709 3670 cum
741 3604 984 3685 precedentibus
1006 3606 1134 3670 coniun-

63 3714 198 3797 guntur3
221 3715 253 3777 et
274 3717 378 3776 tamen
400 3712 468 3794 ipsa
488 3712 640 3793 particula
665 3712 727 3777 rel
749 3711 894 3788 ostendit,
917 3710 956 3774 ad
979 3711 1042 3775 hac
1064 3729 1134 3791 per·

64 3818 164 3883 tinere
186 3817 374 3900 superiorem
396 3816 483 3881 illam
506 3819 742 3883 concessionem.
772 3817 930 3882 Postremo
944 3835 983 3880 ne
998 3816 1132 3898 speciem

63 3922 191 4008 quidem
215 3926 377 3990 sententiae
398 3922 492 3987 habet
513 3923 641 3988 verbum
664 3925 821 3989 satiant
847 3925 914 3986 sina
935 3921 1055 3987 obiecto
1077 3939 1134 4003 po·

64 4032 161 4097 situm
183 4034 239 4095 aut
260 4029 511 4095 assiduitate
533 4029 700 4095 satiant.
728 4029 776 4094 ad
796 4048 903 4093 rernm
919 4026 1133 4092 inveniendum

63 4141 158 4202 tenue
180 4137 300 4202 accedit
321 4153 377 4200 nec
406 4136 510 4199 umen
540 4133 798 4200 contemnendum
817 4133 976 4211 indicium,
1000 4133 1080 4217 quod
1102 4133 1134 4197 in

64 4243 168 4310 codice
183 4244 299 4325 optimo
317 4241 535 4324 bambergensi
556 4240 699 4305 scribitur
721 4240 965 4317 inerrabile,
988 4238 1134 4306 mendose

63 4368 147 4428 saue,
170 4348 224 4414 sed
247 4350 283 4412 ut
303 4347 383 4412 alius
404 4365 502 4421 casus,
526 4365 584 4410 non
608 4345 771 4423 ablativus,
794 4344 960 4429 significari
982 4344 1134 4411 rideatur.

68 4454 218 4520 Universa
240 4454 297 4517 loci
321 4455 419 4518 forma
447 4451 620 4517 certissime
647 4451 692 4516 sic
713 4450 904 4518 restituitur:
935 4452 976 4515 In
1006 4450 1141 4516 sacris
