2656 5056
233 255 291 317 m
596 247 864 317 muQm

191 470 258 518 esse
280 450 466 515 sententiam
489 453 522 513 et
548 447 739 522 orationen13
768 444 828 511 sed
860 449 958 531 quod
988 449 1171 532 simpliciter
1189 449 1251 511 retr
1299 480 1300 486 κ

191 559 257 626 tolli
280 576 376 639 nuper
398 556 525 640 quidam
548 554 720 627 voluerunt
751 569 855 636 neque
889 573 996 621 cansa
1030 559 1066 621 et
1092 557 1169 640 origo
1191 553 1250 618 adli

192 665 322 732 tomenti
339 662 537 747 intelligitur,
554 660 636 744 quod
651 660 826 741 presertim
840 660 874 724 in
903 664 1148 744 compendii
1167 663 1251 726 nonne

104 840 109 851 ,
193 769 388 855 antiquitatis
411 767 545 833 colorem
569 765 689 844 habeat,
713 767 747 830 et
766 766 877 848 potest
896 769 1017 843 etiem,
1034 769 1065 834 si
1082 769 1177 835 solum
1189 766 1252 832 relin

195 881 300 962 quitur
314 879 349 942 in
371 873 577 942 uberrima
599 891 659 949 re,
675 870 846 937 desiderari
862 872 996 955 aliquid
1013 874 1050 939 in
1070 875 1253 960 significetur

194 983 363 1050 occasionis
384 980 507 1047 sceleris
530 978 562 1043 et
584 978 744 1057 ludorum.
788 978 902 1061 Longe
920 981 1127 1063 probabilius
1142 984 1186 1046 est
1196 980 1253 1044 Cice

194 1106 299 1154 ronem
318 1086 493 1170 scripsisse:
516 1085 554 1150 in
579 1084 783 1150 uberrima
803 1102 846 1149 re
869 1086 1013 1167 <ad>
1031 1089 1160 1175 ‘turpe
1178 1105 1254 1153 con·

196 1192 399 1274 pendium,
422 1191 481 1257 hoc
503 1196 560 1271 est,
583 1192 613 1254 in
635 1208 679 1266 re,
701 1208 769 1271 quae
791 1190 996 1257 uberrimam
1022 1195 1175 1276 praeberet
1186 1192 1255 1274 turpi

195 1297 368 1380 compendii
391 1298 564 1362 materiam.
609 1295 669 1373 (lle
702 1295 806 1360 ordine
840 1297 1033 1376 verborum,
1070 1301 1099 1365 si
1130 1319 1198 1383 opus
1218 1307 1256 1367 ert

196 1403 327 1469 conferri
348 1404 488 1486 possunt,
511 1421 578 1486 quae
600 1401 706 1483 scripsi
731 1400 859 1465 ameno.
884 1402 957 1468 Liv.
978 1424 1015 1486 p.
1042 1407 1134 1482 331.)

299 1567 448 1631 laidas:
471 1563 546 1631 Sed
570 1583 654 1630 oum
678 1565 711 1628 t.
734 1564 874 1630 Flacci
898 1585 968 1632 res
993 1575 1155 1653 agatur,
1177 1572 1257 1635 ouius

197 1690 240 1736 ex
262 1671 423 1737 familia
444 1671 511 1755 qui
533 1672 687 1753 primus
709 1670 850 1737 consol
875 1673 1016 1740 iectus
1040 1680 1120 1751 est,
1142 1678 1258 1760 primur

197 1779 234 1842 in
258 1777 328 1842 hac
351 1777 527 1843 civitate
550 1777 689 1850 consul
711 1777 805 1848 luit,
833 1780 954 1844 cuins
988 1781 1156 1847 virtute
1176 1780 1257 1864 regi·

198 1886 270 1948 bus
304 1884 593 1949 exterminatis
628 1884 805 1950 libertas
840 1883 878 1946 in
913 1903 956 1948 re
989 1887 1259 1968 publicaeon·

198 1989 352 2055 stituta
384 1994 463 2061 est.
496 2009 577 2072 quae
609 2008 736 2073 usqne
767 1990 810 2054 ud
842 1988 918 2055 hoc
955 1994 1128 2077 tempus
1159 1996 1257 2059 bono·

198 2097 326 2169 ribus,
360 2095 563 2177 imperiis,
596 2116 724 2162 rernm
758 2099 968 2180 gestarum
1005 2101 1153 2184 gloria
1185 2120 1259 2167 con·

199 2203 361 2294 tinuata
383 2203 610 2284 permansit
631 2205 691 2268 oet.
734 2202 1035 2271 Manifestissimum
1060 2213 1112 2273 ost
1135 2208 1260 2273 orationis

197 2311 229 2372 et
251 2307 412 2372 sententiae
433 2309 561 2386 ritiom3
591 2312 731 2392 apertum
755 2311 802 2373 est
824 2309 906 2374 enim
929 2312 1128 2392 pronomine
1151 2312 1261 2378 relatio

197 2415 310 2479 ouius
333 2413 515 2492 (virtute)
539 2416 570 2480 et
592 2434 674 2499 qna
696 2416 733 2480 ad
757 2415 924 2480 familiae
940 2436 1062 2484 nomen
1081 2420 1260 2496 referrised.

197 2521 232 2585 ut
264 2539 344 2586 nunc
377 2521 469 2586 verba
501 2523 685 2598 scribuntur,
718 2522 802 2602 nollo
832 2521 925 2588 modo
955 2543 1032 2590 curn
1064 2546 1102 2592 eo
1134 2525 1260 2607 coniungi

196 2640 295 2709 posse,
317 2626 461 2710 quoniam
483 2628 656 2694 certissime
674 2629 835 2711 anaphora
851 2630 949 2713 figura
964 2632 1260 2716 comprehenduntur

195 2734 276 2800 baro:
300 2733 415 2800 cuine
437 2740 494 2809 (ex
517 2733 701 2812 familia),
724 2735 839 2801 ouius
861 2737 1065 2816 (virtute),
1098 2759 1182 2822 quae
1202 2739 1259 2814 (elsi

195 2842 226 2905 in
249 2841 306 2906 hoc
327 2841 462 2904 extremo
485 2845 635 2924 repugnat
656 2851 776 2925 genus).
811 2841 1013 2925 Perspicuum
1039 2850 1090 2911 est
1113 2847 1260 2931 aequaliter

194 2947 354 3013 decurrere
377 2946 485 3012 dobere
508 2951 571 3013 tres
595 2948 719 3014 laudum
742 2949 856 3034 gradus
877 2948 916 3013 ad
945 2949 1117 3029 familiam,
1150 2973 1209 3019 non
1228 2951 1258 3016 ad

195 3053 296 3120 Flacci
320 3071 482 3134 personam
503 3056 731 3136 pertinentium,
758 3057 810 3122 sed
834 3056 888 3122 has
909 3056 1042 3123 lamiliae
1067 3060 1179 3126 landes
1201 3077 1257 3123 eun

195 3161 303 3225 Flacco
325 3161 512 3242 copulandus
534 3180 610 3227 esse.
657 3163 766 3246 ltaque
788 3162 892 3229 Cicero
924 3167 1108 3231 necessario
1131 3167 1171 3232 ad
1192 3166 1257 3230 banc

192 3268 320 3332 formam
336 3268 475 3349 scripsit:
492 3271 670 3351 ox<ee>
686 3268 993 3345 rumiliacensis
1017 3272 1092 3353 qui
1116 3275 1255 3355 primns

191 3372 333 3439 consul
356 3375 490 3439 luctus
513 3377 591 3450 est,
614 3375 766 3456 primus
787 3374 823 3440 in
845 3373 917 3439 bac
938 3375 1114 3460 civitate
1137 3376 1255 3445 consol

191 3481 285 3556 soit,
309 3482 425 3544 curius
447 3481 602 3546 virtute
625 3527 632 3542 .
657 3527 663 3541 .
687 3527 711 3557 .,
741 3500 822 3564 quae
844 3499 970 3563 usque
993 3484 1062 3569 cst,
1113 3486 1194 3551 Fieri
1212 3504 1254 3567 po

189 3588 260 3663 test,
284 3590 319 3649 ut
334 3587 481 3668 scriptum
498 3588 606 3652 luerit:
630 3587 663 3651 L.
683 3587 839 3653 Flacci.
856 3633 874 3665 .,
890 3586 1058 3670 <civis>
1075 3611 1119 3656 ex
1143 3611 1185 3657 ea
1205 3592 1252 3655 le·

189 3690 318 3768 milia,
341 3692 457 3757 onius
480 3694 545 3774 qui
569 3699 638 3770 cet,
660 3694 692 3757 et
714 3712 795 3758 error
817 3700 902 3760 ortos
923 3694 964 3759 sit
980 3714 1017 3760 er
1033 3692 1253 3779 permutatione

187 3796 333 3861 siruilium
368 3799 541 3864 litterarum
578 3801 684 3865 ciuis
717 3803 749 3864 et
781 3802 903 3867 cuius.
958 3801 1019 3880 Qui
1059 3804 1111 3872 lio
1143 3823 1252 3888 quoqne

185 3900 315 3965 licenter
337 3901 465 3970 delendo
488 3925 521 3970 sa
544 3906 709 3988 expedivit,
732 3925 800 3971 eom
825 3906 900 3972 nillil
923 3926 1034 3973 moror.

240 4070 241 4073 ’
286 4064 364 4132 lbid.
394 4070 451 4133 ‘281
486 4072 604 4138 Haec.
629 4073 926 4157 ..magnitudo
958 4067 1187 4144 animorum
1217 4078 1251 4141 in
