2648 5084
511 724 663 781 Suetonius.
856 785 858 790 ,
1019 727 1079 789 577

160 924 226 989 lbd.
248 922 289 987 43
312 927 387 989 extr.
420 927 727 1008 prestantesque
750 925 954 1008 (commentus
977 930 1038 1009 est)

54 1031 310 1097 Paniscorum
345 1032 385 1095 et
417 1027 683 1115 Nympharum
715 1031 864 1103 habitu,
908 1053 986 1118 quae
1022 1040 1121 1119 (que)

55 1138 183 1220 palam
218 1138 292 1203 iam
328 1142 366 1203 et
395 1137 507 1221 vulgo
614 1135 846 1219 Caprineum
876 1138 1122 1213 dictitabant

55 1244 109 1310 Sic
152 1244 287 1319 eodiees3
335 1261 427 1326 prave
470 1243 670 1308 substitutum
713 1243 931 1327 palamque,
974 1240 1129 1313 dissolute·

55 1369 277 1433 rerumnexu
329 1348 702 1425 Scribendumhabitu‚
736 1350 780 1412 ob
810 1353 1121 1434 quaepalameet.
1215 1425 1217 1430 s

160 1454 226 1520 lbd.
248 1456 305 1520 49:
348 1455 413 1521 Sat
445 1459 611 1532 constat,
634 1454 694 1520 On.
719 1454 990 1523 Lentulum
1017 1463 1121 1524 metu

55 1564 97 1627 et
119 1581 264 1647 angore
296 1561 340 1626 ad
372 1559 581 1627 fastidium
614 1559 702 1626 vitae
734 1562 780 1627 ab
810 1581 851 1628 eo
873 1565 996 1629 aetum
1020 1568 1057 1630 et
1078 1569 1120 1630 ut
1152 1586 1153 1589 ¹

54 1687 101 1733 ne
135 1686 206 1752 qno
239 1668 316 1733 nisi
343 1669 431 1750 ipso
466 1667 601 1732 herede
634 1670 867 1733 moreretur.
922 1655 1029 1754 Neq'ue
1062 1670 1121 1738 due

54 1776 122 1840 haec
143 1777 225 1851 sunt,
247 1793 346 1858 neque
368 1776 450 1839 recte
472 1772 599 1838 dicitur:
622 1771 788 1835 Lentulum
811 1784 920 1852 aetum,
949 1786 982 1837 ut
1002 1798 1039 1838 ne

54 1890 231 1944 moreretur.
276 1881 457 1947 Tollendum
494 1881 530 1944 et
573 1882 643 1943 ante
686 1882 735 1944 ut.
804 1880 854 1945 Ad
889 1882 960 1946 uitae
995 1882 1119 1948 taedium

53 1988 145 2051 aetus
178 1987 235 2063 est,
267 2005 319 2062 ne,
352 1988 378 2052 si
412 1985 528 2051 diutius
560 1985 694 2061 viveret,
735 1985 831 2051 alium
867 1986 944 2052 torte
977 1989 1120 2055 heredem
1211 2054 1213 2057 .

53 2092 191 2157 baberet
799 2167 806 2183 ,

158 2199 255 2283 Calig.
285 2198 326 2262 38
361 2200 518 2284 geminata
550 2199 669 2283 syllaba
698 2198 892 2264 scribendum
926 2205 988 2267 est:
1020 2198 1121 2287 Cog-

55 2304 246 2369 noscebat
281 2307 409 2371 autem
439 2306 484 2371 de
515 2306 664 2370 talibus
697 2306 824 2370 nausis
846 2308 978 2372 taxato
1007 2309 1119 2390 prius

54 2408 168 2474 modo
200 2429 365 2488 summm,
394 2412 455 2484 ,ad
490 2431 598 2496 quem
632 2411 914 2477 conficiendum
938 2415 1121 2479 conside·

53 2517 129 2592 ret,
153 2524 187 2576 et
215 2518 398 2582 confecto
421 2517 570 2582 demum
601 2516 857 2585 excitabatur.
911 2518 1010 2603 Vulgo
1033 2520 1121 2588 abest

55 2624 105 2686 et.
141 2606 221 2687 'lud
245 2623 335 2704 paule
358 2622 652 2707 ¹postseribendnm
686 2625 775 2706 pute:
812 2625 1018 2708 exquirens
1052 2646 1121 2709 per

54 2745 96 2792 se
117 2727 250 2811 pretia
281 2732 319 2794 et
339 2748 460 2813 usqne
495 2746 535 2793 eo
557 2729 761 2791 intendens
786 2731 1118 2815 (proritantem),

53 2837 97 2898 nt
131 2834 283 2918 quidam
317 2837 375 2899 eet.
419 2833 462 2918 (C.
497 2836 534 2899 51
572 2835 795 2901 restituendum
828 2857 904 2915 esee,
939 2837 1018 2922 quod
1046 2839 1118 2905 olim

53 2941 221 3007 edebatur:
255 2941 301 3007 ad
330 2959 414 3006 uero
447 2941 609 3014 maiora,
641 2941 698 3006 hee
729 2944 794 3019 eet,
830 2944 869 3008 ad
895 2945 1012 3009 maiora
1039 2964 1118 3019 vere,

54 3051 185 3131 apparet
212 3065 247 3112 ex
275 3048 325 3125 iis,
351 3066 420 3131 qnae
450 3046 511 3113 dixi
533 3047 572 3113 ad
595 3046 731 3113 biberen.
761 3048 812 3113 fin.
846 3050 886 3128 ΙΙ,
918 3048 959 3110 43
989 3069 1017 3132 p.
1048 3050 1118 3131 218,

54 3154 111 3219 nbi
132 3173 192 3219 nen
216 3157 300 3231 eret,
339 3173 393 3219 eur
416 3154 487 3218 huie
507 3154 564 3236 ipsi
588 3153 653 3219 loeo
675 3154 876 3221 dubitationis
898 3158 1001 3222 nutam
1024 3175 1120 3241 appe·

53 3262 208 3338 nerem.¹)

159 3366 265 3433 Claud.
289 3365 346 3442 10,
381 3365 501 3431 ubi'sie
522 3365 680 3431 scribitur:
725 3367 924 3434 Lateutem
952 3385 1120 3455 ...gre-

52 3474 192 3558 garius
217 3471 360 3546 miles,
392 3469 676 3538 animadversis
714 3473 892 3557 pedibus,
936 3495 952 3541 e
989 3475 1119 3542 studio

54 3567 331 3660 sciscitandb'
352 3578 526 3659 quisnam
551 3581 672 3656 esset,
700 3581 862 3663 agnovit
883 3583 1119 3645 extractum·

54 3703 130 3770 que
163 3687 202 3748 et
223 3703 299 3767 pree
326 3682 495 3750 matuad
526 3702 649 3766 genna
680 3687 758 3751 sibi
794 3686 1028 3752 accidentem
1050 3688 1121 3752 im·
1154 3719 1157 3724 ·

54 3885 254 3900 ,4-ρῄ

83 4018 105 4083 ¹)
126 4016 156 4073 C.
175 4019 210 4074 34
234 4033 399 4072 vcorrexeram
424 4016 583 4073 neeeeemier
610 4016 778 4075 adversus
807 4039 891 4071 ornae
916 4020 1029 4075 omnis
1059 4021 1120 4075 uui

118 4092 304 4182 'hominnm'
335 4125 456 4180 genus,
493 4110 627 4166 Granium
664 4111 718 4166 iam
750 4109 822 4165 idem
857 4111 972 4167 voluisse
1002 4112 1120 4182 ignarus.

126 4201 204 4256 Nihil
221 4207 264 4258 est
281 4207 356 4256 omnib
375 4206 555 4257 ballomirem
574 4225 647 4273 qenes
666 4207 725 4276 (pro
743 4221 782 4267 eu,
802 4203 873 4274 qued
890 4207 946 4261 est:
964 4206 1050 4283 omnis
1072 4206 1121 4260 reri

110 4293 274 4362 ‘bemineru
305 4300 334 4350 et
352 4299 494 4366 utrumqne
513 4296 684 4361 desideratur,
713 4300 745 4351 ut
762 4314 848 4368 nequa
866 4299 1019 4368 animeque
1038 4314 1118 4370 gene·

125 4388 164 4441 ris
182 4385 324 4444 discrimen
352 4390 433 4444 fnisse
459 4391 632 4460 significetur.
681 4390 759 4447 Talia
783 4391 913 4462 preteriri
932 4391 966 4446 ab
985 4391 1120 4454 Ernestio,

126 4479 231 4543 Wolfio,
250 4481 361 4536 Rothiol

106 4572 216 4609 ΜΛῙΝΙΟΙΙ
227 4574 305 4610 Anxur.
317 4576 367 4610 Cm·
390 4575 412 4610 ll·
888 4586 920 4632 ⁸⁵1⁸
