2656 5056
231 289 271 351 96
604 282 665 336 mu.
684 282 718 335 11.
741 279 811 350 oap.
832 281 855 335 1.

190 489 304 552 festum
327 489 374 548 est
395 501 455 546 non
479 498 567 563 posse
589 478 723 561 separari
748 483 845 560 atque
867 479 905 544 in
931 479 1000 546 duo
1018 479 1242 564 generaliorem.
1284 486 1285 493 ’

190 594 244 675 qui
277 591 335 655 diei
369 606 402 653 se
435 587 557 652 Atticos
578 585 760 663 desiderent,
792 587 827 649 et
859 586 920 668 qui
955 587 1025 668 ipsi
1056 587 1158 653 Attice
1181 585 1244 649 relinl
1286 634 1287 639 1

193 699 311 773 dieere3
334 694 494 778 perspicue
517 693 599 756 enim
622 692 715 756 iidem
737 694 829 768 sunt;
866 691 929 757 sed
956 693 1016 775 qui
1040 693 1102 759 hoo
1124 692 1187 757 nitio
1203 709 1246 755 sen

193 804 301 870 tentiae
323 799 536 867 animadverso
559 802 678 880 septem
700 799 793 863 verba
815 803 906 874 (aut
932 800 1024 866 diei
1052 848 1086 862 ..
1110 803 1174 865 aut
1189 797 1247 878 ipsi?

193 911 281 975 uneis
308 907 508 980 incluserunt,
537 904 654 969 nullam
685 905 847 970 minimam
883 905 1136 986 probabilitatis
1156 903 1248 987 specim
1290 932 1291 941 2

196 1014 292 1081 secuti
329 1015 403 1078 sunt
437 1012 598 1094 ipsamque
635 1010 789 1077 Ciceronis
827 1014 1034 1078 sententiam
1082 1014 1250 1079 obscurarunt

196 1122 447 1187 Obtrectatomm
483 1117 564 1182 enim
599 1118 737 1194 illorum,
768 1137 845 1200 quos
873 1118 992 1184 Cicero
1027 1128 1065 1186 et
1094 1121 1145 1186 bio
1163 1124 1190 1182 et
1206 1114 1253 1179 alili

197 1247 253 1290 non
285 1245 352 1289 raro
381 1223 547 1307 significat,
577 1224 638 1289 duo
668 1243 779 1308 genera
800 1225 943 1297 suerunt
969 1245 1115 1309 quorum
1137 1224 1254 1291 alterint

197 1334 250 1407 ait,
280 1332 339 1414 ipsi
370 1332 472 1396 Atliee
502 1330 647 1395 volebant
674 1331 782 1410 dicere,
813 1329 906 1393 alteri
942 1331 1130 1397 modestius
1152 1350 1202 1395 non
1219 1328 1256 1392 nili

198 1440 257 1522 ipsi
290 1440 369 1504 hane
402 1437 525 1502 landem
560 1436 753 1519 arrogabant,
784 1433 836 1497 sed
869 1436 1043 1517 negabant
1068 1458 1152 1503 nunc
1175 1439 1258 1501 Romu
1299 1459 1300 1463 ¹

198 1547 252 1628 qui
274 1543 377 1609 Attice
400 1543 526 1621 diceret,
557 1562 634 1619 esse,
664 1542 838 1607 Ciceronem
871 1538 935 1604 heo
968 1542 1178 1609 damnatione
1203 1559 1260 1606 eon·

200 1652 379 1732 plectentes.
424 1650 532 1732 ltaque
555 1649 594 1713 ad
616 1646 802 1711 sententiam
825 1643 902 1708 nibil
930 1646 1001 1712 sere
1033 1647 1262 1719 desideremus

200 1757 244 1822 sio
265 1757 434 1836 scribatur:
465 1756 530 1837 qui
563 1755 632 1818 ant
653 1752 891 1818 desiderant
915 1753 1099 1821 Atticos
1123 1761 1190 1821 aut
1208 1753 1264 1836 ipsi

201 1862 341 1926 Attice
364 1862 508 1927 volunt
530 1861 673 1925 dicere.
729 1858 789 1923 Sed
818 1855 899 1921 diei
922 1877 968 1922 so
992 1860 1050 1925 vix
1075 1881 1180 1928 errore
1200 1860 1266 1925 alli·

201 1975 268 2033 tum
291 1987 357 2033 esse
378 1969 494 2050 potest;
518 1969 621 2050 itaque
637 1968 667 2030 in
684 1965 731 2030 his
747 1963 862 2028 litteris
877 1962 980 2028 latere
996 1969 1083 2047 puto
1099 1968 1268 2033 adverbium.

203 2076 284 2159 quod
318 2076 471 2159 pertineat
503 2074 541 2138 ad
574 2070 741 2138 notandum
765 2088 833 2134 enm
855 2069 954 2133 animi
980 2072 1151 2150 affectum,
1174 2093 1207 2138 ex
1226 2089 1269 2155 qno

203 2182 280 2246 illud
293 2180 478 2246 desiderium
492 2181 633 2245 nascatur
648 2181 702 2244 aut
716 2175 887 2250 simuletur,
904 2175 1106 2262 videturque
1117 2181 1270 2263 proximum

200 2307 267 2352 esse
303 2289 341 2352 ed
379 2286 508 2363 litteras,
546 2287 707 2351 sententia
740 2287 843 2366 aptum
877 2279 991 2349 odiose
1024 2292 1117 2360 (aut
1150 2286 1271 2353 odiose

202 2393 443 2457 desiderant
472 2393 657 2473 Atticos).
700 2387 958 2465 (Invidioseil
1009 2388 1086 2455 Non
1118 2395 1271 2458 minuste

205 2516 288 2562 mere
310 2497 402 2580 paulo
424 2501 494 2580 post
516 2496 644 2562 delenda
666 2494 877 2580 significantur
898 2496 1012 2560 verba:
1051 2499 1156 2579 quid
1185 2499 1270 2564 enim

203 2602 258 2669 sit
278 2604 476 2683 Atticum,
499 2604 670 2669 dissent.

302 2722 378 2787 Ibid.
401 2724 456 2785 44:
490 2740 573 2785 nam
608 2724 647 2786 et
679 2717 861 2784 invenire
883 2704 1162 2800 et‘iudioaro¹
1190 2720 1268 2807 quid

206 2827 334 2901 dicas,
369 2846 508 2910 magne
540 2826 615 2891 illa
648 2826 805 2910 quidem
837 2826 961 2889 sunt.
988 2872 995 2887 .
1021 2874 1028 2888 .
1055 2874 1076 2906 .,
1102 2830 1173 2895 sed
1195 2847 1269 2912 pro·

203 2935 290 3017 pria
331 2933 458 3016 magis
497 2934 719 3014 prudentiae
759 2950 870 3016 qnam
899 2930 1167 3014 eloquentiae.
1204 2935 1269 3014 Qus

204 3044 335 3105 tomen
370 3041 407 3104 in
441 3056 560 3103 eausa
595 3044 654 3103 est
683 3036 1077 3119 nacrraprudentia?
1126 3044 1269 3110 Postrem

204 3146 268 3210 baeo
290 3164 364 3210 sana
386 3165 445 3211 non
469 3162 535 3211 esse
560 3146 592 3210 et
613 3145 809 3210 manifestum
839 3145 888 3208 est
915 3145 948 3207 et
976 3145 1019 3209 ab
1041 3146 1119 3213 eliis
1142 3146 1267 3215 animal·

203 3271 342 3327 uersum3
378 3272 448 3318 nam
478 3270 576 3334 neque
599 3269 666 3333 quae
693 3268 812 3317 causa
833 3248 981 3315 hocloco
1005 3252 1212 3336 significetur.
1231 3253 1266 3316 in·

201 3358 367 3441 telligitur,
404 3378 501 3442 neque
539 3376 662 3421 raone
698 3355 914 3439 prudentia
948 3374 1019 3439 quae
1054 3362 1199 3440 qualisve
1227 3360 1266 3423 sit

204 3464 403 3547 Perspicuum
427 3471 474 3529 est
496 3468 652 3539 (tamen)
674 3463 801 3528 subesse
824 3460 934 3526 debere
956 3461 1142 3531 huiusmodi
1162 3470 1266 3532 senlen-

201 3574 286 3644 tiam
320 3571 444 3636 etiamsi
475 3568 563 3640 illud,
598 3570 635 3633 de
669 3586 729 3650 qno
761 3567 891 3640 dicatur,
922 3571 1085 3649 proprium
1111 3573 1267 3655 prudentie

202 3679 253 3751 sit,
265 3679 370 3741 tamen
392 3696 427 3740 ea
442 3695 542 3741 carere
555 3674 762 3757 eloquentiam
775 3692 833 3739 non
846 3693 944 3758 posse.
971 3673 1184 3744 Scribendum
1197 3676 1267 3743 vide-

203 3785 268 3846 tur:
292 3799 362 3866 qum
385 3784 516 3846 tamen
539 3781 670 3848 iuoautu
692 3781 743 3857 st,
766 3780 876 3862 <si>
901 3799 1024 3848 naeus
1048 3784 1267 3865 prudentii.

203 3887 418 3968 Eloquentiam
442 3888 606 3970 prudentia
627 3905 757 3952 vacuam
779 3886 884 3952 Cicero
915 3886 993 3952 dicit
1023 3891 1186 3958 incautam
1212 3909 1267 3957 esse

203 4008 257 4055 nec
290 4010 326 4055 ea
358 3995 455 4058 vitare
486 4013 585 4077 posse,
618 4013 685 4078 qua
707 3991 820 4059 oraturi
841 3993 953 4059 obsint.
1004 3994 1191 4080 [lapsorum.
1211 4015 1267 4082 qne

202 4114 260 4160 non
283 4095 482 4183 intelligeret,
516 4101 700 4184 simpliciter
721 4099 852 4166 delenda
874 4099 1068 4185 significasse
1091 4125 1154 4171 non
1178 4109 1267 4171 miror.
