2654 5010
243 278 305 341 202
602 274 664 329 uu.
682 273 718 329 11
738 273 805 345 esp,
823 273 878 329 111.

302 474 383 540 lbid.
407 473 455 550 18,
477 473 512 537 5:
534 471 730 537 Maximus
751 475 888 538 autem
914 517 976 535 ...
1002 472 1042 537 in
1067 472 1262 556 republica

203 581 330 646 nodus
364 583 426 644 est
457 578 596 660 inopia
623 577 683 642 rei
712 577 987 660 pecuniariam
1012 577 1263 645 obdurescunt

204 685 308 752 enirn
330 686 457 769 magis
479 684 665 767 qnotidie
686 683 780 749 boni
802 686 883 751 viri
899 685 1265 758 advocemtribuii,

206 793 308 875 qnod
340 810 383 857 ex
415 791 639 856 centesima
670 789 866 857 collatum
896 791 1142 874 impudenti
1169 810 1265 856 ceusu

205 899 477 981 locupletium
501 897 541 962 in
563 897 728 961 duarum
751 896 966 981 legionum
984 898 1266 981 praemiisomne

205 1005 465 1070 consumitur.
514 1002 582 1068 Non
604 1003 643 1068 ad
665 1003 755 1068 unius
776 1004 854 1069 certi
877 1003 1008 1079 tributi,
1033 1005 1119 1088 quod
1142 1004 1201 1069 iam
1219 1002 1268 1069 ool

206 1110 305 1175 latum
336 1111 403 1173 erat
431 1114 462 1174 et
491 1110 740 1182 consumebatur.
768 1128 873 1174 uocem
894 1111 1170 1176 obsurdescebant
1189 1128 1268 1181 aurs

205 1215 271 1293 sed,
294 1215 377 1298 quod
399 1234 435 1279 ex
455 1214 523 1296 ipso
545 1214 629 1281 uocis
650 1215 774 1280 nomine
794 1213 931 1298 intelligi
954 1219 1077 1298 potest,
1104 1214 1269 1282 cmuiuoad

205 1321 315 1386 tributi
347 1320 546 1386 mentionem.
600 1319 711 1404 Itaque
742 1323 813 1403 post
843 1321 1004 1388 tributi
1039 1323 1141 1388 oratio
1169 1322 1269 1405 pleniu

205 1427 450 1510 interpungenda
479 1433 542 1503 est;
571 1433 641 1492 tum
669 1427 834 1510 separatim
863 1426 1038 1503 indicatur,
1072 1429 1152 1512 qnid
1173 1430 1268 1494 inctun

206 1534 249 1598 sit
269 1535 400 1615 pecnnia
421 1534 572 1618 singulari
595 1534 686 1599 modo
708 1535 836 1600 collata:
860 1533 963 1618 quod
989 1552 1035 1600 ex
1058 1535 1270 1600 centesima

207 1638 602 1721 collatum<st>...,
624 1641 663 1705 in
686 1640 847 1705 duarum
871 1639 1088 1723 legionum
1112 1642 1270 1724 praemiis

206 1764 317 1810 omne
351 1748 612 1811 eonsumitur.
663 1744 744 1826 Quid
773 1748 803 1811 in
825 1746 928 1811 verbis
952 1745 1158 1828 interpositis
1180 1749 1269 1822 latest

207 1851 332 1916 difficile
364 1858 413 1917 est
445 1854 546 1930 dictn;
581 1872 653 1918 narn
681 1853 844 1935 impudens
874 1870 987 1917 census
1019 1851 1071 1917 vix
1100 1853 1163 1918 diei
1185 1856 1270 1937 potest

158 2038 161 2041 Ι
207 1976 262 2039 pro
283 1959 492 2025 estimatione
513 1960 685 2042 impudenti
709 1960 908 2036 renouatum,
931 1977 995 2040 qua
1015 1958 1193 2043 locupletes
1213 1980 1269 2026 eeu·

205 2064 349 2129 tesimam
372 2065 460 2130 illam
481 2065 713 2140 imminuerint;
743 2083 857 2138 vereor.
879 2083 918 2128 ne
940 2081 1110 2132 consensu
1137 2068 1268 2150 scriptun

206 2171 310 2249 luerit,
332 2190 530 2253 quamquam,
552 2190 607 2237 cnr
624 2173 651 2236 is
672 2173 835 2254 impudens
857 2171 989 2247 dicatur,
1014 2190 1078 2237 non
1103 2175 1246 2258 intelligo.

115 2262 117 2266 ¹
309 2277 388 2342 ibid.
407 2278 448 2357 ΙΙ,
475 2280 502 2356 1,
523 2278 559 2342 3:
586 2296 629 2342 ex
651 2281 860 2344 meantem
882 2275 1099 2355 illudent,
1123 2281 1270 2363 quodie

207 2383 327 2448 uelim
350 2382 499 2449 habere
520 2386 742 2469 cognitum,
772 2403 896 2449 meum
926 2383 1094 2467 quidem
1119 2388 1268 2452 animun

208 2490 246 2556 in
277 2491 363 2555 scie
397 2509 484 2557 esse
518 2510 644 2575 neque
671 2496 900 2575 respectum
931 2490 1065 2556 ullum
1089 2510 1266 2576 quaerere.

208 2599 288 2664 uisi
331 2616 388 2663 me
431 2597 602 2664 utilitas
637 2597 827 2664 civitatis
863 2597 969 2663 sorte
1015 2599 1266 2664 converterit.

208 2705 383 2771 Maiores
404 2707 535 2770 antem
558 2705 695 2787 partes
719 2705 842 2769 animi
864 2707 903 2768 te
924 2701 1199 2788 Cassiumque
1219 2722 1265 2770 re·

207 2811 399 2894 spiciunt
455 2809 586 2889 Quantis
614 2809 797 2874 elamoribus
828 2809 867 2873 ab
894 2809 943 2887 iis,
973 2810 1030 2890 qui
1053 2810 1113 2876 has
1136 2809 1265 2894 epistolas

207 2919 246 2983 ab
269 2919 411 2984 Cicerone
433 2913 654 2992 abiudicarunt.
688 2916 834 2999 exagitari
866 2913 1042 2981 debuerant
1072 2917 1123 2982 hae
1151 2919 1264 2982 maiores

206 3022 311 3108 partes
344 3022 441 3089 animi
473 3020 627 3087 Ciceronis
642 3009 646 3023 ’
661 3020 792 3085 Brutum
824 3024 857 3086 et
882 3019 1025 3086 Gessium
1062 3023 1264 3105 respicientes!

206 3130 288 3195 Vera
309 3133 342 3195 et
362 3129 560 3195 Ciceroniana
580 3126 679 3192 oratic
701 3128 735 3193 et
754 3126 908 3192 sententia
926 3126 1080 3193 facillime
1100 3131 1264 3195 restituetur

205 3236 295 3301 unius
326 3234 474 3301 litterulae
506 3233 687 3299 mutatione.
735 3233 840 3300 Cicero
872 3233 955 3298 enim
982 3253 1001 3298 a
1028 3253 1088 3300 sno
1118 3237 1263 3301 animuin

205 3341 270 3407 acie
302 3341 397 3406 stanti
429 3345 625 3422 separaverat
660 3343 830 3406 ceterorum
852 3344 884 3405 et
904 3338 1121 3405 multitudinis
1143 3342 1262 3406 animos

206 3444 337 3514 ditioris
369 3452 502 3513 autem
533 3446 640 3533 partis
673 3445 798 3513 enimi
831 3446 872 3510 ta
907 3444 1181 3529 Cassiumque
1215 3463 1263 3509 ro·

204 3553 396 3636 spiciunt.

305 3669 383 3735 ibid.
399 3689 446 3753 ep.
462 3670 482 3732 3
498 3689 564 3754 sqq.
610 3669 644 3735 ln
666 3671 839 3755 fragmento
861 3669 960 3735 lacero
984 3670 1111 3748 codicis,
1128 3689 1188 3754 quo
1202 3687 1262 3734 usus

96 3764 99 3768 ⁴
203 3777 262 3851 est,
305 3775 359 3858 qui
394 3775 450 3841 has
490 3778 642 3843 extremas
684 3776 832 3859 epistolas
870 3776 902 3840 in
940 3774 1079 3842 editione
1115 3775 1262 3842 Cmtandri

202 3882 351 3964 protraxit
386 3885 419 3947 et
454 3882 611 3968 vulgarit,
648 3883 834 3949 contusionis
870 3888 901 3948 et
933 3882 1135 3950 obscuritatis
1158 3881 1262 3967 aliquid

201 3984 270 4064 fuit,
314 4006 375 4069 qna
417 3987 559 4054 effectum
604 3990 661 4067 est,
704 3994 739 4055 nt
782 3989 940 4072 particule
983 3990 1127 4073 quadam
1161 3992 1262 4072 episto·

201 4086 301 4154 larum
338 4096 586 4173 permutarentur
618 4096 650 4160 et
683 4095 785 4160 alieno
817 4097 882 4161 loeo
918 4097 1138 4164 insererentur.
1195 4096 1262 4161 cun
