2662 5062
269 287 330 352 382
596 286 658 343 nib.
676 287 753 344 vul.
771 285 837 357 Gap.
854 287 892 342 11.

229 488 430 571 copulatas
463 484 589 568 recepit
619 484 706 568 quod
722 483 844 567 Lipsius
881 483 931 559 „in
960 502 1013 549 ora
1042 482 1133 550 libri“
1165 486 1301 553 alicuius

229 598 414 677 reppererat,
446 591 610 673 capulus
642 591 674 656 et
695 589 788 655 simul
808 588 1050 666 interscidit;
1082 592 1221 659 Haasius
1242 611 1300 659 au·

229 700 295 764 tem
322 696 529 780 copulatas
561 697 669 774 tenuit,
704 714 759 779 pro
788 679 941 762 iunctas
970 697 1094 780 scripsit
1125 699 1298 778 iunctis,

229 804 307 869 mire
341 802 490 887 copulatis
518 802 660 868 manibus
691 803 810 867 iunctos
841 802 904 867 mm
933 801 1074 869 homines
1104 822 1299 889 praeponens.

231 911 276 976 Er
297 911 346 976 his
367 908 508 974 omnibus
530 926 626 972 uuum
657 907 734 973 illud
766 908 899 992 aliquem
932 909 1026 975 habet
1051 928 1112 976 non
1134 910 1174 974 ed
1196 911 1299 994 ipsam

230 1035 337 1083 reram
358 1015 552 1096 scripturam
581 1013 637 1080 sed
658 1012 698 1078 ad
726 1015 843 1080 rectam
866 1015 1011 1081 orationis
1031 1016 1162 1081 formam
1185 1033 1298 1099 appre-

231 1121 471 1207 pinquationem‚
493 1120 573 1204 quod
593 1120 716 1203 ignotus
737 1119 839 1196 homo,
862 1120 915 1204 qui
936 1122 1095 1205 capulus
1122 1123 1295 1199 annotavit,

229 1226 385 1295 intellexit
416 1225 499 1291 nocti
529 1224 667 1290 homines
694 1225 845 1291 auferenti
873 1225 1050 1292 adiunctam
1076 1226 1172 1292 risisse
1198 1225 1297 1292 aSe·

231 1352 310 1400 neos
338 1333 432 1398 aliam
460 1330 627 1414 imaginem
658 1349 794 1416 persone
821 1332 904 1398 reive
926 1350 1034 1398 manus
1057 1333 1178 1398 iunctas
1199 1333 1299 1398 inter·

233 1436 400 1507 scindentis
439 1435 565 1519 eiusque
596 1454 707 1503 nomen
741 1438 838 1503 latere
870 1439 927 1503 sub
961 1435 1178 1521 copulatae,
1214 1436 1298 1521 quod

231 1544 340 1613 vitiose
361 1540 546 1624 praecedenti
567 1542 731 1609 iunctas·
744 1543 966 1626 superadditur.
1017 1542 1056 1607 Id
1077 1545 1182 1609 eutem
1203 1543 1237 1608 in
1258 1546 1298 1619 A,

230 1650 369 1727 uldini,
401 1647 450 1712 est
479 1650 676 1729 copuatas.
737 1647 818 1727 Quid
848 1648 944 1733 igitur
969 1648 1016 1713 ha
1045 1648 1158 1715 littera
1178 1649 1299 1734 signifi·

231 1759 326 1824 centa
373 1752 528 1819 Nimirum
552 1754 720 1838 copiates
743 1748 777 1831 (ὁ
799 1748 978 1839 senecione)
1000 1758 1058 1832 est,
1079 1754 1133 1838 qui
1154 1756 1299 1821 scrobem

232 1862 327 1928 cineri
349 1858 529 1925 cadaverire
550 1857 627 1925 fodit
646 1859 911 1943 (usurpator),
944 1861 1050 1925 notum
1072 1860 1159 1925 nobis
1187 1879 1299 1927 nomen

233 1987 250 2033 e
273 1965 376 2032 codice
398 1963 609 2030 Theodosieno
632 1966 664 2031 et
691 1965 889 2049 scriptoribus
910 1966 1024 2034 Grecis
1045 1964 1198 2031 inferioris
1220 1973 1301 2032 ata-

232 2073 284 2150 tis,
306 2071 394 2137 cuins
416 2088 497 2135 nunc
517 2071 610 2153 primi
631 2071 729 2136 seculi
750 2072 906 2138 auctorem
918 2071 1065 2138 Senecam
1081 2072 1301 2139 nanciscimur.

234 2177 311 2258 Quis
333 2176 433 2260 aptior
456 2175 496 2240 ad
526 2194 635 2242 manus
656 2177 940 2244 interscindendas?
992 2176 1139 2244 Nondum
1167 2177 1227 2244 hoe
1249 2197 1303 2244 ca·

232 2287 289 2368 put
320 2280 514 2349 absolvimus.
568 2280 649 2347 Nam
682 2286 702 2365 ἕ
734 2283 754 2346 9
784 2284 850 2349 hac
882 2284 1040 2369 leguntur:
1085 2283 1171 2364 Quen
1208 2286 1303 2350 sunt

234 2389 397 2466 divitia,
420 2405 513 2470 quas
529 2391 602 2453 'non
631 2439 637 2452 .
662 2437 670 2453 .
692 2435 701 2454 .
727 2389 960 2456 mendicitas
981 2408 1001 2455 a
1022 2391 1133 2474 tergo
1155 2408 1304 2474 sequa·

232 2497 417 2577 iurique
438 2492 622 2577 dignitas,
644 2494 754 2560 cuius
776 2513 848 2559 non
870 2493 1094 2579 pretextam
1117 2497 1157 2560 et
1179 2514 1303 2581 augu-

233 2603 315 2666 rale
337 2602 375 2665 et
395 2599 478 2665 lore
499 2597 667 2681 patricia
688 2599 820 2666 sordes
842 2602 1075 2668 comitentur
1105 2603 1304 2685 etcrpor-

232 2707 353 2784 tatio,
388 2706 489 2770 notae
526 2704 564 2768 et
597 2702 706 2769 mille
748 2707 906 2779 maculae
936 2710 974 2773 et
1002 2709 1176 2773 extrema
1213 2725 1305 2772 con·

233 2810 417 2895 temptio?
460 2809 522 2875 Sed
543 2811 726 2904 augurale
748 2830 898 2896 nusquam
920 2814 958 2879 de
979 2816 1066 2880 reste
1081 2816 1305 2880 ornamentove

236 2935 387 3002 augurum
410 2915 546 2998 positum
567 2915 696 3000 legitur,
718 2935 775 2983 nec
797 2919 880 2983 recte
901 2919 983 2984 inter
1003 2919 1201 3003 praetertam,
1235 2937 1304 3003 que

235 3022 429 3091 sacerdotum
460 3039 578 3105 quoque
601 3021 676 3097 luit,
710 3025 743 3088 et
769 3024 835 3089 lora
865 3025 993 3109 patricia
1024 3024 1115 3089 unius
1137 3025 1304 3090 sacerdotii

235 3129 395 3213 proprium
416 3128 536 3210 insigne
567 3127 787 3211 interponitur;
823 3131 959 3213 aptast
989 3132 1076 3196 recta
1106 3130 1207 3196 oratio
1236 3129 1302 3208 erit¹

189 3294 193 3301 .
242 3234 304 3309 ubi,
327 3233 447 3299 sublato
468 3233 569 3317 priore
590 3235 628 3299 et
648 3233 812 3318 additaque
833 3236 955 3315 lineola,
978 3237 1192 3320 scripserimus
1213 3255 1303 3319 pra·

236 3341 380 3405 tertam
403 3340 629 3424 auguralem
651 3341 688 3406 et
708 3341 792 3407 lora
814 3345 920 3424 patr,
941 3345 976 3406 ut
997 3340 1057 3407 duo
1080 3342 1206 3408 nomina
1228 3341 1304 3407 duo·

236 3446 294 3512 bus
317 3445 478 3512 adiectivis
500 3447 651 3513 adiunctis
673 3446 814 3530 exempla
834 3447 993 3533 dignitatis
1015 3449 1178 3532 ponantur.
1223 3449 1303 3513 Tum

239 3553 462 3633 exportatio
498 3571 564 3634 quae
598 3554 693 3626 esset,
728 3552 791 3617 iam
812 3552 935 3636 Lipsius
962 3556 995 3620 et
1015 3553 1187 3621 Gronovius
1208 3571 1303 3638 nega·

239 3658 312 3722 mut
333 3677 368 3724 se
390 3659 482 3738 scire,
520 3658 579 3722 etei
600 3658 653 3723 ille
673 3677 727 3741 pro
759 3657 1032 3742 deportatione
1055 3661 1193 3742 accipere
1215 3678 1303 3725 cona·

238 3765 289 3828 tus
323 3766 380 3840 est,
413 3783 469 3829 nec
500 3763 573 3830 lerri
600 3763 662 3829 ullo
692 3765 781 3830 modo
803 3768 907 3848 potest
923 3746 1043 3833 'omissa
1063 3766 1145 3832 inter
1169 3784 1304 3849 erper-

237 3870 339 3935 tetio
362 3872 395 3935 et
414 3872 510 3937 note
532 3871 648 3954 copula.
691 3871 860 3955 Scripseral
875 3871 1006 3939 Seneca:
1028 3872 1162 3938 sordes
1186 3870 1303 3938 comi·

238 3977 371 4042 tentur
393 3979 431 4040 et
452 3977 697 4061 apprehensio
719 3981 814 4044 nota
836 3981 874 4045 et
894 3978 1000 4044 mille
1021 3978 1179 4046 macules
1202 3982 1262 4046 cet.
