2678 5018
386 587 411 641 ἶ
436 553 440 564 ·
553 554 556 561 Δ
582 592 713 651 Catullus.
934 679 944 704 ο
1086 581 1140 702 ἓ9’

102 809 174 874 qnae
206 790 289 875 apnrl
315 789 438 856 Grecos
462 783 636 876 Mqlreirlss
656 792 806 874 dicuntur,
840 797 920 881 quod
943 814 1053 862 nomen
1077 798 1109 862 et
1128 798 1186 863 ad·
1212 785 1219 809 '
1247 796 1256 817 ’
1305 864 1311 871 .

106 915 199 980 poma
221 900 254 962 et
275 896 316 961 sd
336 915 407 962 ores
429 898 577 975 trahitur,
609 917 629 963 a
652 898 797 982 Sophocle
821 905 924 968 antem
948 904 979 968 in
996 902 1171 970 Philocteta
1231 939 1247 968 v
1300 882 1303 891 ’

105 1022 135 1067 r.
171 1002 232 1064 724
267 1003 307 1068 ad
350 1002 451 1067 locum
486 1004 739 1070 accommodatur.
805 1007 863 1072 liis
908 1008 1040 1076 inventis
1079 1027 1167 1094 agre·
1269 991 1314 1061 .·,

108 1109 208 1179 stibus
245 1108 457 1175 saltatrieibus
488 1110 579 1175 facile
615 1111 751 1178 nescitur
788 1115 861 1195 apta
891 1112 954 1180 illis
989 1116 1166 1182 chorearum
1277 1173 1288 1196 ,

100 1214 294 1298 appellatio:

244 1319 388 1383 Meticsic
410 1321 549 1404 linquens
571 1322 656 1385 (11111
678 1323 859 1390 celebranda
880 1325 1004 1390 choreis.

565 1654 648 1739 (lap.
672 1656 718 1720 ll.

239 1827 383 1896 Vergilius
475 1830 612 1885 Horatius.
648 1830 834 1901 (Propertius.)
924 1828 1044 1884 Ovidius.

209 1955 345 2020 Ventum
379 1959 428 2021 est
458 1957 498 2022 ad
517 1957 670 2041 principes
702 1958 802 2041 poesis
824 1956 943 2022 Latinus
974 1957 1167 2041 Augustique
1279 1940 1289 1966 '

102 2061 285 2143 temporum
308 2061 425 2139 decora,
446 2064 552 2145 poetas
565 2063 704 2129 omnibns
727 2065 838 2131 saltem
860 2082 895 2128 er
916 2063 1019 2146 aliqua
1040 2082 1166 2145 opernm

105 2171 195 2248 parte
217 2167 265 2231 ita
287 2168 489 2251 cognitosmt
510 2169 603 2235 etiam
617 2170 742 2252 puerilis
764 2173 795 2234 11
815 2169 1004 2235 scholastica
1026 2168 1166 2234 lectionis

105 2276 150 2348 ab
174 2275 374 2340 enarrationis
416 2276 562 2340 memoria
593 2275 749 2341 interdum
781 2276 882 2343 sensui
914 2275 1104 2340 difficultatis
1136 2273 1168 2336 et

107 2381 214 2445 indicii
248 2380 384 2446 libertati
416 2381 538 2447 officiat.
595 2381 639 2446 111
674 2382 782 2465 quibus
817 2380 963 2466 Vergilio,
994 2399 1166 2463 quanquam

107 2505 179 2552 enm
201 2506 358 2570 nunqnam
370 2488 520 2571 praecipuo
541 2487 709 2553 studiorum
721 2487 786 2552 loco
808 2487 909 2560 habui,
930 2489 1167 2552 tamentantum
1267 2560 1275 2570 ἦ

106 2593 203 2658 tribui
232 2594 424 2676 maximeque
445 2593 577 2665 AEneidi
601 2597 749 2676 quantum
781 2584 815 2657 ei‘v
833 2593 927 2658 tribui
947 2613 966 2657 a
988 2593 1165 2656 Latinarum

108 2697 284 2764 litterarum
326 2700 506 2782 professore
528 2718 583 2783 par
614 2703 694 2775 erat,
738 2700 790 2783 qui
820 2699 956 2782 ipsorum
989 2698 1166 2761 Latinorum

110 2804 222 2870 indicio
265 2804 467 2888 principatum
513 2807 593 2877 inter
630 2810 733 2883 poetas
774 2806 924 2872 obtineret
961 2803 1166 2884 insecutisqne

92 2911 253 2976 omnibns
289 2911 460 2994 exemplum
500 2911 625 2989 fuisset;
659 2912 712 2978 sed
745 2911 923 2977 coniecturae
954 2928 1007 2975 cur
1038 2909 1069 2973 in
1102 2907 1167 2984 eins
1242 2921 1248 2935 '

112 3016 251 3098 operibus
274 3035 333 3082 non
355 3018 486 3082 multum
509 3018 550 3083 sit
570 3019 640 3095 loci,
662 3018 724 3084 dixi
744 3019 805 3083 iam
827 3017 991 3100 superioris
1003 3013 1166 3081 voluminis

113 3141 142 3203 p.
165 3122 216 3184 95.
261 3122 304 3188 lis
326 3123 408 3188 enim
429 3123 461 3187 in
483 3122 610 3206 Vergilii
637 3125 777 3207 operibns
798 3125 914 3188 utimur
934 3122 1071 3188 codicum
1094 3121 1167 3187 sub-

109 3227 210 3305 sidiis,
232 3228 341 3311 quibus
364 3229 462 3293 omnis
483 3229 546 3306 1111,
569 3249 635 3312 quae
659 3235 728 3312 post
749 3232 885 3295 seculum
898 3232 1015 3295 sertum
1028 3230 1166 3293 veterum
1212 3312 1213 3315 Ἴ

114 3332 198 3399 libris
210 3333 299 3398 illata
324 3336 380 3410 est,
403 3335 486 3400 labes
509 3338 664 3413 oracutum
686 3336 796 3402 deinde
818 3336 865 3401 his
887 3336 1038 3401 codicibus
1060 3334 1166 3400 adium

114 3441 225 3522 guntur
261 3441 532 3525 grammaticorum
565 3442 755 3515 testimonia,
789 3446 862 3508 nata
894 3461 930 3506 11
961 3460 997 3505 11
1029 3457 1101 3505 eura
1136 3439 1194 3522 11,
1281 3427 1289 3453 ”

114 3545 315 3620 veneratione,
352 3566 418 3629 quae
447 3547 479 3611 in
502 3547 612 3613 scholis
633 3548 768 3631 Vergilio
790 3549 980 3613 tribuebatur
1002 3564 1058 3610 nec
1079 3544 1167 3629 facile

115 3653 266 3717 scribendi
298 3672 415 3719 errores
448 3672 520 3719 casn
552 3655 662 3721 alieubi
695 3657 778 3719 ortos
810 3654 970 3738 propagari
996 3652 1114 3736 longius
1137 3651 1168 3714 et
1225 3693 1232 3709 .

112 3758 204 3842 vulgo
224 3779 278 3842 per
305 3759 398 3825 libros
420 3761 525 3844 vagari
560 3780 621 3826 non
653 3760 884 3826 animadversos
920 3758 1049 3824 sinebat.
1094 3755 1167 3834 Quae

113 3867 218 3929 autem
241 3884 259 3929 a
280 3867 433 3932 nonnullis
455 3885 551 3950 nuper
572 3868 609 3932 (11
631 3867 726 3949 ipsius
748 3871 845 3949 poetae
867 3863 1081 3949 dittographiis
1103 3881 1167 3926 cor·

114 3971 360 4056 motionibusque
382 3973 490 4038 iactari
513 3973 596 4038 nulla
619 3973 679 4037 lide
700 3972 924 4055 levissimisqne
948 3967 1167 4050 suspicionibus

115 4081 213 4160 coepta
235 4080 322 4155 sunt,
349 4080 638 4157 exercendaque,
671 4079 730 4143 nisi
758 4078 837 4143 forte
859 4079 890 4142 in
913 4076 1065 4159 Georgicis
1088 4071 1168 4157 quod
1259 4153 1264 4159 .

84 4183 154 4269 ,wad
177 4205 319 4251 uersuum
341 4185 457 4270 aliquot
478 4188 509 4250 et
529 4187 664 4251 locorum
680 4184 795 4250 ‘semem
818 4185 849 4248 11
870 4182 1005 4248 ordinem
1028 4182 1168 4256 attineat

115 4293 272 4376 omniaque
306 4311 342 4357 eo
375 4292 543 4377 dirigenda,
576 4295 611 4357 ut
642 4291 787 4368 carmina,
823 4290 925 4374 qualia
961 4309 980 4353 a
1010 4289 1110 4352 Tucca
1138 4285 1170 4350 et

113 4397 205 4464 Vario
227 4400 311 4464 edita
333 4399 405 4473 sint,
426 4399 576 4483 legamus.
613 4396 718 4479 Neque
740 4415 813 4462 sane
836 4416 873 4462 es
893 4413 999 4461 norma
1021 4392 1169 4467 11111111,

1275 4519 1318 4648 4
