2654 5010
535 639 656 693 Tacitus.
1026 639 1086 699 247

60 840 117 899 ant
138 837 311 901 communis
333 837 426 914 notio,
447 855 506 920 qua
522 836 586 900 bac
600 854 722 917 prorsus
738 837 888 901 contraria
902 834 1127 907 contineantur,

59 940 177 1005 additis
210 943 379 1024 praesertim
401 943 451 1008 ad
484 932 743 1024 comparationem
772 942 938 1007 notandam
967 941 1127 1023 particulis

60 1048 104 1111 ut
125 1082 168 1095 -
190 1049 256 1114 ita.
305 1047 418 1115 Omnia
440 1047 617 1114 rectissima
638 1051 736 1120 erunt,
758 1047 785 1112 si
806 1047 981 1130 scripseris:
1004 1048 1127 1130 utque

60 1153 110 1217 ad
131 1153 356 1219 fallendum
379 1154 554 1220 silentio
577 1155 777 1237 <lerant-2.
800 1154 859 1218 ita
880 1157 1008 1235 capta
1030 1154 1127 1218 cade

60 1262 121 1326 cet
165 1259 326 1326 Contraria
348 1260 506 1326 contrariis
533 1259 711 1337 redduntur,
741 1260 900 1325 silentium
930 1258 1126 1335 clamoribus,

58 1368 122 1431 iter
151 1368 257 1450 cmptae
290 1368 374 1432 caedi.
432 1367 577 1432 Aberreri
609 1366 701 1432 facile
734 1369 853 1450 poterat
884 1365 1127 1447 precedentibus

57 1473 174 1538 litteris
196 1474 247 1549 ic,
271 1474 468 1556 sequentibus
489 1473 557 1538 ite.

162 1623 323 1710 Agricolae
355 1644 449 1689 unum
483 1626 581 1690 locum
614 1627 777 1710 attingam,
808 1646 832 1691 c.
855 1627 905 1701 30,
935 1624 988 1689 ubi
1016 1625 1047 1688 in
1071 1624 1127 1688 hac
1220 1651 1222 1654 >

59 1731 231 1815 scriptura:
264 1731 344 1796 Nos
376 1734 576 1796 terrarum
607 1749 650 1798 ac
682 1732 896 1797 libertatis
930 1739 1127 1812 extremos

58 1855 249 1903 recessus
281 1839 367 1921 ipse
400 1859 442 1903 ac
472 1838 585 1903 sinus
616 1839 726 1903 tamen
748 1840 787 1904 in
811 1839 911 1903 bunc
933 1837 1037 1901 diem
1059 1836 1126 1900 de·

60 1943 212 2019 iendit;
236 1963 336 2010 nunc
357 1945 558 2011 terminus
583 1943 805 2009 Britannia
827 1947 941 2025 patet
958 1960 1127 2024 numquam

60 2050 119 2113 aut
150 2051 215 2131 ipse
249 2053 421 2136 excogitare
454 2051 547 2135 potui,
581 2051 650 2134 quis
683 2054 766 2116 esset
797 2050 909 2114 sinus
939 2049 1064 2125 lama,
1095 2050 1127 2113 et

61 2156 215 2238 quomodo
249 2156 300 2222 hic
332 2156 415 2222 sinus
443 2156 607 2222 defendere
639 2158 800 2222 Britannos
830 2156 989 2240 potuisset,
1012 2155 1067 2219 aut
1088 2156 1126 2219 ab

58 2261 132 2325 aliis
153 2262 199 2326 iia
220 2263 389 2344 expositum
413 2263 486 2339 vidi,
507 2266 542 2327 ut
556 2262 778 2349 intelligerem
802 2265 844 2328 rei
860 2263 990 2328 alicuius
1005 2280 1126 2347 magma

58 2385 98 2433 ac
119 2367 266 2433 terribilis
288 2369 369 2434 lama
391 2367 517 2434 defendi·
542 2367 677 2455 aliquem
702 2387 791 2452 posse
814 2369 900 2435 video
922 2369 954 2443 et
974 2369 1125 2453 intelligo.

59 2474 172 2556 ltaque
193 2492 318 2556 prorsus
345 2475 540 2542 scribendum
569 2475 717 2542 arbitror:
751 2494 936 2542 recessus
969 2475 1055 2557 ipse
1085 2493 1127 2541 ac

58 2579 176 2646 sinus
197 2581 284 2648 lama
312 2582 350 2645 in
381 2580 484 2647 hunc
517 2581 622 2649 diem
655 2581 848 2647 defendit.
896 2582 1025 2647 Famam
1047 2579 1126 2646 dicit

59 2685 205 2754 immensi
239 2690 389 2753 terrarum
410 2689 495 2754 sinus
517 2687 584 2754 sine
606 2689 666 2754 line
688 2687 903 2771 procurrentis.
961 2686 1025 2768 [Sic
1044 2688 1127 2771 'Box-

57 2792 248 2872 hornius.]*)

503 2961 683 3029 Suetonius.

161 3132 242 3211 Aug.
270 3131 322 3192 10:
356 3128 429 3192 Sed
459 3128 703 3193 adversante
734 3128 947 3194 conatibus
975 3131 1059 3193 suis
1082 3127 1125 3192 Μ.

60 3232 235 3299 Antonio
264 3233 491 3320 consule..
515 3235 879 3316 .acnepnblicum
906 3232 1064 3319 quidem
1088 3237 1126 3300 et

57 3338 351 3405 translativum
380 3343 441 3406 ins
469 3339 553 3406 ulla
580 3340 618 3407 in
649 3361 688 3407 re
717 3340 797 3406 sibi
827 3341 914 3406 sine
937 3341 1124 3423 pactione

58 3446 313 3530 gravissimae
334 3447 534 3512 mercedis
557 3447 838 3529 impertiente,
855 3445 900 3513 ud
916 3449 1124 3530 optimates

113 3714 138 3779 *l
159 3714 189 3769 0.
206 3714 243 3771 88
269 3715 379 3772 mallem
404 3732 454 3787 pro
482 3715 635 3773 redierat
660 3716 832 3774 scribendum
859 3716 985 3774 dixissem
1008 3715 1126 3797 rediret,

159 3824 215 3864 ncn
232 3808 389 3865 reditura
405 3818 490 3879 erat,
509 3811 725 3880 omisiascmque,
744 3826 806 3880 quaa
818 3809 1021 3890 inconsiderate
1034 3809 1126 3866 addidi

160 3901 194 3957 de
212 3902 356 3957 Britannia
374 3903 612 3974 circumnavigata,
631 3903 665 3958 de
683 3915 737 3972 qna
754 3904 898 3974 perspicue
910 3904 1022 3959 Tacitus
1040 3904 1125 3974 scrip·

160 3994 197 4049 sit
215 4011 237 4049 c.
259 3995 299 4049 10.
343 3995 416 4050 nlud
443 3997 483 4053 sic
508 3996 597 4064 doleo,
628 3995 855 4065 quemadmodum
881 3997 909 4051 in
936 3996 980 4051 his
1004 3996 1125 4051 minutiis

129 4084 132 4092 ⁴
160 4087 254 4144 dolere
273 4087 378 4157 aliquid
395 4104 447 4159 par
465 4095 515 4157 eat,
535 4104 617 4157 quam
632 4089 660 4143 in
675 4088 804 4159 Agricola
817 4089 936 4145 omnium
948 4089 1126 4144 certissimam

160 4189 189 4235 et
216 4180 252 4235 cd
278 4181 368 4236 Taciti
394 4182 581 4237 narrationem
609 4180 808 4252 expediendam
835 4183 951 4238 maxime
977 4180 1125 4238 notabilem

60 4293 63 4298 ·
159 4272 211 4328 ieci
229 4272 457 4343 emandationem,
474 4275 601 4330 restituto
619 4274 648 4328 in
666 4289 689 4329 c.
709 4274 938 4330 assaturam
965 4289 1015 4344 pre
1042 4289 1124 4329 nare

158 4366 278 4436 prima,
305 4371 376 4424 eam'
393 4368 428 4424 ab
454 4367 571 4434 Halmio,
599 4365 674 4436 quod
701 4373 782 4424 extra
804 4367 926 4424 ordinem
943 4367 1035 4438 posita
1052 4371 1126 4423 esset

160 4458 240 4528 (Ado.
261 4459 326 4516 Crit.
349 4460 359 4514 l
383 4476 409 4529 p.
436 4461 487 4516 147
505 4459 847 4528 aq.),10mnin0n0nease
866 4459 1088 4517 animadversam.
