2626 5070
262 251 323 315 336
622 248 884 319 Lib.VIIl.Cap.II.

221 453 269 518 tot
289 451 445 516 volumine
474 448 649 530 supersunt,
683 447 715 510 ot
746 462 783 510 ea
803 445 910 533 horum
942 444 1136 512 roluminum
1164 448 1267 512 iortua

222 558 290 634 fuit,
322 558 359 620 ut
380 555 513 619 multum
535 551 625 617 huius
656 550 776 637 generis
810 568 866 634 ops
888 553 1022 636 egerent,
1058 572 1117 617 nec
1138 550 1264 618 eiusmodi
1299 604 1301 611 .

219 661 410 745 superiorum
443 658 664 742 philologorum
697 657 762 721 sivo
794 675 886 738 opere
924 657 988 722 sive
1022 677 1121 740 oporae
1150 656 1264 723 subsidia

221 767 354 844 fuerunt,
385 767 422 830 ut
453 782 526 829 non.
540 764 674 827 multum
702 761 871 827 necessario
901 761 1134 845 relinqueretur.
1176 765 1264 845 Itaque

222 891 290 936 cum
314 870 463 936 Senecam
484 868 661 934 adolescens
693 871 724 932 et
745 867 863 932 iuvenis
884 886 945 932 non
967 867 1164 952 indiligenter
1183 870 1264 953 legere

104 1044 118 1072 ι
223 977 393 1060 cepissem,
422 975 536 1058 partim
559 974 598 1038 ob
620 975 733 1038 veteris
755 972 952 1055 philosophie
967 975 1149 1038 memoriam
1165 977 1264 1058 (quan-

223 1100 316 1165 quam
339 1099 375 1146 ea
396 1099 504 1164 campo
530 1098 591 1144 non
619 1078 664 1143 ita
685 1078 788 1159 amplo
810 1077 985 1142 continetur
1007 1080 1039 1143 et
1062 1077 1265 1145 declamatoris

95 1175 101 1185 ’
222 1186 403 1270 ambagibus
417 1185 615 1266 artificiisque
626 1184 704 1249 mire
723 1184 913 1271 extenuetur,
936 1185 968 1247 et
981 1182 1138 1249 interdurn
1152 1200 1266 1249 cormu-

222 1291 321 1373 pitur;
343 1291 409 1373 ipse
431 1293 535 1357 autem
559 1289 689 1354 subinde
711 1290 886 1371 resumptus
908 1288 1049 1353 acumine
1076 1292 1108 1353 et
1134 1288 1266 1374 gravitm

221 1397 447 1462 sententiarum
474 1395 613 1460 animum
647 1395 774 1459 incitare
809 1396 841 1458 et
868 1392 1022 1458 oblectare
1052 1396 1172 1478 potest,
1205 1395 1267 1458 inter

223 1502 432 1586 philosophos,
470 1500 523 1583 qui
549 1500 608 1583 ipsi
635 1518 690 1583 per
716 1517 749 1564 se
788 1517 859 1564 vere
889 1497 1096 1581 quaesiverint,
1132 1496 1267 1565 numemri

223 1608 351 1690 nequit),
389 1605 502 1688 partim
534 1623 638 1669 rorum
674 1606 706 1670 et
739 1604 856 1687 ingenii
892 1604 1137 1687 condicionisque
1164 1606 1268 1670 illorum

223 1716 398 1796 temporum
421 1710 636 1795 cognoscendae
664 1727 765 1784 causa,
798 1710 912 1791 partim
945 1711 981 1773 nt
1011 1709 1115 1775 Latini
1137 1709 1269 1776 sermonis

224 1818 355 1883 formam
397 1816 513 1882 sensim
557 1816 712 1880 mutatam
753 1815 914 1898 copiasque
958 1815 1041 1898 ipses
1085 1817 1269 1900 amplificatas

223 1925 256 1986 et
277 1924 403 1987 novatae
421 1914 642 2004 persequerer,
661 1921 722 1985 iam
755 1922 822 1984 turn
852 1918 920 2002 ipsa
948 1922 1054 1986 crebre
1073 1922 1230 1989 insistendi
1247 1921 1270 1984 et

224 2027 386 2094 dubitandi
407 2026 444 2091 de
467 2025 568 2091 verbis
590 2027 622 2090 et
643 2026 802 2091 sententiis
824 2025 992 2092 necessitas
1013 2029 1055 2106 et,
1077 2029 1131 2094 ubi
1152 2030 1184 2093 in
1205 2026 1271 2092 certa

226 2133 363 2199 codicum
385 2132 526 2216 vestigia,
547 2132 579 2196 iu
601 2132 711 2196 ceteris
732 2130 818 2196 libris
830 2130 911 2213 apud
923 2131 1031 2214 prioris
1053 2133 1202 2217 temporis
1221 2130 1271 2197 edi-

223 2243 317 2320 tores,
339 2239 372 2302 in
387 2237 525 2319 epistolis
547 2238 651 2302 autem
676 2236 1090 2320 apud-Schweighaeuserum,
1110 2241 1272 2310 incideram,

224 2343 369 2421 nonnulla
399 2342 511 2407 saltem
543 2341 714 2426 corrigendi
746 2341 880 2408 facilitas
902 2343 1028 2407 tenebat
1056 2363 1107 2409 me
1135 2348 1168 2409 et
1188 2343 1275 2410 nescio

225 2445 376 2530 quomodo
398 2448 569 2525 alliciebat,
602 2447 745 2529 idemque
776 2447 855 2537 *mibi
877 2447 996 2520 accidit,
1030 2467 1110 2523 cum,
1131 2451 1277 2532 paratise

224 2551 366 2617 Fickerto
399 2552 431 2615 in
461 2554 603 2618 omnibus
630 2553 717 2618 libris
745 2553 923 2619 certioribus
950 2553 1105 2633 subsidiis,
1132 2575 1184 2621 eos
1211 2555 1280 2621 rele-

221 2676 341 2741 gerem.
387 2657 448 2723 Sed
474 2661 578 2723 tamen
611 2658 770 2742 inaequalis
801 2659 866 2725 hac
887 2658 945 2723 luit
966 2644 1075 2742 operae
1115 2680 1189 2727 nam
1210 2681 1284 2728 uon·

225 2763 326 2829 nullos
348 2763 469 2829 libellos
492 2765 569 2842 (tres
591 2762 733 2841 maxime,
769 2763 807 2828 ad
829 2763 997 2843 Marciam,
1036 2765 1073 2831 de
1106 2767 1170 2832 uita
1191 2769 1285 2845 beata,

225 2866 264 2930 dc
295 2867 519 2951 tranquillitate
556 2869 665 2945 animi)
702 2870 813 2952 sapius
844 2889 914 2934 cum
943 2870 1116 2955 philologiae
1143 2873 1287 2939 studiosis

225 2973 448 3055 exercitationis
472 2990 565 3039 causa
586 2974 631 3037 ite
652 2975 849 3057 pertractavi,
879 2976 914 3040 ut
936 2976 1001 3060 ipso
1025 2996 1119 3060 prope
1144 2978 1185 3043 ad
1206 2998 1289 3045 sum·

225 3096 310 3143 mam
332 3078 516 3144 recensionis
554 3078 746 3162 diligentiam
776 3081 879 3146 omnia
900 3086 1108 3165 perscrutarer
1135 3086 1168 3149 ct
1189 3089 1290 3169 temp-

222 3184 335 3261 tarem,
356 3183 388 3246 in
410 3184 490 3262 aliis,
515 3202 591 3267 quos
613 3185 711 3251 rarius
734 3186 806 3271 legi,
841 3206 878 3252 ea
899 3188 1000 3273 attigi,
1026 3207 1093 3272 quae
1115 3209 1175 3255 non
1200 3192 1292 3256 nimia

225 3288 308 3353 lente
330 3289 525 3374 progrediens
559 3289 698 3372 expedire
730 3294 879 3374 poteram.
924 3293 1047 3359 Senecae
1069 3298 1175 3361 autern
1196 3297 1293 3363 libro·

226 3412 312 3471 rum,
335 3395 386 3477 qui
408 3393 554 3478 proximis
575 3398 644 3477 post
674 3395 739 3461 eius
760 3399 891 3463 mortem
922 3399 1032 3464 seculis
1055 3400 1231 3468 scholarum
1262 3404 1294 3467 ct

226 3501 499 3581 grammaticorum
521 3521 594 3568 cure
615 3506 790 3579 caruerunt,
811 3504 850 3569 ab
873 3504 1010 3570 ecclesia
1032 3508 1137 3571 antem
1160 3505 1295 3573 Christi·

228 3622 293 3669 enae
315 3606 453 3688 patribus
476 3608 682 3673 commendati
703 3608 807 3673 media
829 3609 929 3683 aetate,
962 3629 1032 3674 cum
1055 3611 1155 3675 multa
1176 3612 1240 3678 iam
1264 3617 1295 3679 ot

224 3710 334 3793 gravia
365 3713 477 3777 menda
514 3712 715 3794 accepissent,
748 3714 782 3777 in⁷
816 3714 927 3779 honore
960 3715 1167 3796 habebantur,
1205 3720 1297 3802 pauci

192 3830 195 3836 ·
227 3817 392 3898 supersunt
413 3818 531 3883 codices
554 3817 672 3901 antiqui
694 3820 726 3882 et
747 3819 785 3883 ab
807 3818 1039 3903 interpolatione
1058 3823 1175 3888 novitia
1197 3825 1297 3901 liberi,

228 3939 295 4002 qua
310 3921 425 3994 tamen,
449 3923 476 3987 si
502 3922 626 4006 quidem
638 3923 876 4007 Bamborgensis
892 3925 1094 4008 quaestionum
1107 3930 1300 3997 naturalium

229 4024 324 4090 codex
346 4024 499 4091 undecimi
521 4028 615 4093 seculi
638 4029 695 4107 est,
717 4047 777 4094 non
791 4029 934 4096 extremis
947 4031 1157 4104 demumantc
1172 4040 1302 4105 renatas
