2626 5070
6 63 12 203 5

377 149 380 154 .
475 109 598 163 Valerius
615 108 686 165 aaz.
753 184 755 186 q
1009 109 1068 173 331

75 299 160 382 pluam
186 307 219 371 et
248 304 411 371 solentiam
450 308 482 372 et
510 324 637 391 operum
667 305 809 371 humanae
836 307 908 372 ritae
939 310 1112 393 exemplum

75 402 161 475 dicitur
182 411 275 494 idque
297 412 391 477 etiam
414 411 521 495 spatio
544 412 602 477 hoc
626 414 684 488 est,
705 411 918 481 diuturnitate.

149 516 212 581 lbd
234 517 270 578 5:
312 514 483 599 Namque
508 518 588 583 alii
620 518 815 583 commodo
850 519 1019 602 perculsi
1053 539 1113 586 se·

7 609 8 612 ’
74 637 195 687 cassum
216 614 366 705 petunt,
388 620 591 705 duplicant
620 623 815 689 tenebras.
868 625 974 690 Nimia
995 626 1112 691 addunt

73 727 95 790 ct
108 745 196 810 praua
216 725 328 807 (aliilr
349 727 496 794 facillime
518 747 622 793 verum
645 727 794 793 efficitur:
838 728 933 796 Nam
955 731 1020 814 qai
1040 730 1095 793 tal
1103 732 1116 793 i

72 829 288 900 incommodo
309 851 407 915 perc.
433 835 493 899 cet.

148 940 207 1017 (De
228 939 317 1016 VIII,
340 940 358 1000 7
381 940 416 1005 a.
438 940 458 1002 3
480 940 541 1006 dixi
565 940 621 1005 vol.
646 937 662 1001 I
684 961 712 1024 p.
728 939 812 1018 146.)
1082 993 1083 996 ,
1123 997 1134 1008 .

148 1043 366 1122 inomaus
383 1043 566 1119 Cameadelt
589 1046 645 1111 ita
750 1048 791 1108 ut
899 1046 1114 1130 cogitatio-

68 1149 161 1220 nibus
201 1150 392 1214 inhaerens
429 1169 579 1217 manum
615 1152 660 1217 ad
704 1170 871 1216 mensam
912 1154 1111 1237 porrIgere

68 1255 365 1331 obliuisceretur;
399 1256 464 1321 sed
500 1258 534 1322 ei
564 1257 647 1331 (cod.
671 1261 766 1334 euml
789 1258 968 1331 Melissa,
1001 1276 1115 1342 quum

6 1356 8 1360 ’
68 1363 180 1427 urorIs
202 1362 287 1427 loco
308 1360 497 1440 habebat,
527 1365 740 1447 temperato
760 1361 863 1433 inter
884 1362 1018 1427 studia
1038 1381 1115 1428 non

6 1631 9 1754 l

69 1464 344 1552 interpellandi
366 1470 404 1533 et
424 1466 563 1531 inediae
585 1467 844 1532 succurrendi
867 1467 1010 1545 officio,
1034 1468 1115 1533 dex·
1189 1513 1191 1517 2

68 1571 173 1639 taram
211 1590 319 1637 suam
352 1572 591 1638 necessariis
628 1572 761 1639 usibus
793 1574 969 1656 aptabat.
1018 1574 1115 1639 Pravo

69 1675 95 1741 dc
111 1698 181 1743 cura
202 1695 262 1742 non
284 1677 499 1761 interpellandi
530 1679 643 1762 plurali
666 1697 792 1745 numero
814 1679 941 1745 studia
965 1680 1115 1755 dicuntur,

10 1846 11 1849 ,
68 1785 231 1861 pravissime
266 1784 423 1850 divellitur
457 1787 556 1864 (non)
584 1785 842 1868 interpellare
884 1785 1030 1864 studia,
1069 1786 1118 1850 cui

69 1891 240 1957 eontrarium
264 1891 313 1954 est
343 1890 480 1954 inedia
501 1887 742 1956 succurrere.
807 1890 989 1956 Necessario
1021 1892 1116 1974 igitur·

68 1997 181 2074 ublato,
215 1996 295 2080 quod
327 2014 386 2060 non
414 1995 574 2061 intellecta
606 1996 761 2062 sententia
788 1997 821 2059 et
846 1995 1009 2061 narbonam
1030 1997 1116 2060 iunc-

69 2098 122 2167 tura
142 2104 283 2169 additum
308 2104 366 2176 est,
389 2102 509 2177 iuter,
541 2102 636 2167 scribi
657 2102 764 2168 debet:
791 2103 1011 2184 temperato
1032 2104 1119 2166 stu·

68 2201 116 2273 dia
156 2228 229 2274 non
272 2208 557 2289 interpellandi
600 2210 637 2272 et
679 2207 816 2272 inediae
859 2206 1120 2271 succurrendi

12 2328 13 2331 ’
69 2311 200 2378 officio.
256 2310 400 2378 Officium
436 2314 600 2396 utrumque
641 2313 751 2380 studiis
781 2311 926 2396 parcendi
949 2314 981 2376 et
1008 2311 1119 2376 inediae

69 2418 250 2485 succurrendi
281 2420 351 2500 apte
384 2418 516 2482 miscuit.
565 2419 611 2483 De
644 2419 856 2484 additamento
889 2416 952 2491 cfr..
989 2437 1056 2500 quae
1081 2416 1120 2483 ad

12 2580 13 2583 ,
69 2517 110 2602 ir,
132 2527 161 2603 I,
183 2526 204 2586 2
225 2524 322 2608 posui.
377 2523 439 2588 Sed
460 2524 564 2602 simul,
589 2543 627 2589 ne
649 2525 758 2591 rittose
780 2524 942 2608 aptabat
963 2523 1119 2606 duplicem

71 2624 193 2697 datiuum
216 2631 339 2706 habeat,
372 2629 476 2695 codice
509 2632 590 2695 viam
624 2632 815 2696 monstrante
848 2630 932 2714 [cum
959 2628 1120 2712 Turranio]

71 2737 251 2803 scribendum
273 2736 408 2801 uidetur:
446 2735 511 2801 scd
543 2756 623 2798 cum
646 2737 706 2815 (uel
734 2737 836 2821 potius
869 2758 963 2815 eam,
994 2754 1120 2799 manum

73 2839 136 2920 aius)
158 2842 326 2907 Melissa
432 2843 587 2906 ciccum
618 2865 688 2905 sua
719 2842 957 2910 necessariis
987 2841 1121 2905 usibus

74 2951 226 3028 aptabat.
237 2950 263 3032 ¹)

78 3196 258 3210 Ἢ...-

10 3410 11 3413 ¹
100 3361 120 3426 ¹)
135 3362 191 3418 Ibd.
211 3364 243 3417 a.
262 3366 279 3420 8
304 3362 410 3416 ineante
429 3358 555 3413 Halmius
573 3355 692 3411 deseruit
716 3355 848 3424 optimum
871 3351 987 3407 codicem
1006 3352 1120 3404 ceteros·

134 3470 189 3524 qne,
208 3470 276 3523 quos
294 3451 441 3520 superiores
459 3448 574 3503 editores
592 3449 677 3502 secuti
695 3449 780 3501 crant.
816 3445 922 3499 Valerio
941 3442 1059 3497 Socratis
1079 3443 1121 3496 iu·

136 3545 239 3601 dustria
258 3546 318 3600 laus
336 3544 429 3612 augeri
447 3543 503 3596 uisa
521 3543 576 3600 est,
605 3541 628 3593 si
654 3538 862 3593 vilissimum
886 3536 992 3590 musica
1011 3535 1124 3588 ratIonis

137 3639 293 3693 elementum
330 3637 413 3690 tantis
450 3632 577 3689 doctrina
616 3632 700 3700 copiis
736 3635 825 3684 tamma
862 3644 940 3682 senex
979 3626 1124 3694 adiungere

140 3730 267 3785 roluIsset.
306 3729 413 3797 (Itaque
444 3725 582 3796 precedit:
619 3726 651 3776 et
683 3722 852 3792 quantula
878 3719 1027 3774 accessio
1060 3716 1125 3770 illa

6 3840 8 3903 :5
64 3822 67 3825 ‘
141 3818 252 3876 lutura
293 3820 444 3876 scientia
483 3817 586 3883 erati)
633 3814 800 3870 VIIIssImam
840 3813 908 3867 hanc
949 3809 1124 3865 accessionem

143 3909 212 3969 homo
231 3918 259 3970 et
277 3914 412 3969 Romanus
438 3915 466 3966 et
485 3911 542 3964 siue
560 3912 638 3964 acuto
665 3908 764 3962 iudicio
783 3905 913 3961 rhetorico
931 3903 1027 3958 ludens
1049 3899 1138 3955 facil:
