2580 5054
402 674 544 745 Euripidis
563 676 621 734 lou.
826 688 830 695 '
973 685 1007 746 19

18 864 160 950 ,νόμους
182 866 344 950 Euripides
366 870 512 937 Herodoti
533 874 672 957 exemplo
688 876 774 956 dixit,
791 878 844 961 qui
859 878 1050 962 frequentius

18 967 150 1060 ,όγιμσι
174 973 327 1039 dicuntur.

128 1114 190 1176 655
212 1135 278 1199 sq:

75 1269 84 1286 .
109 1270 118 1285 .
140 1269 149 1286 .
171 1221 234 1305 τῆς
257 1215 286 1287 δ’
309 1214 512 1308 Ἀθηναίων
533 1223 664 1313 χθονός

74 1324 145 1404 ἄξω
168 1323 304 1412 θεατήν
326 1331 449 1414 δῆθεν,
472 1327 517 1406 οἷς
539 1328 601 1400 οόκ
623 1330 694 1402 ὅντ’
716 1332 812 1423 ἐμόν.

18 1436 87 1499 tius
127 1435 279 1500 scribatur
313 1432 448 1522 θεατήν
481 1441 612 1522 δῆθεν,
654 1436 728 1530 οὐχ
761 1439 812 1519 οἷς
848 1438 919 1511 ὄντ’
952 1440 1048 1531 ἐμόν,

18 1542 181 1606 σῐκκοῐοσι
203 1542 330 1618 seilicet,
353 1562 414 1609 non
436 1547 595 1630 tamquam
620 1549 729 1615 filium.

127 1681 187 1744 692
209 1702 270 1764 eq.:

73 1795 140 1871 ἔχει
164 1783 264 1854 δόλον
286 1783 392 1876 κόχαν
417 1784 452 1854 θ’
474 1785 494 1856 ό
518 1808 599 1866 παῖς

72 1891 186 1959 ἄλλων
208 1899 348 1982 τραφεὶς
370 1904 402 1972 ἐξ
424 1890 590 1982 αἱμότων.

18 2020 95 2111 ἵχαν
125 2043 232 2106 parum
257 2027 339 2090 recte
368 2042 438 2091 cum
467 2022 570 2094 δόλον
592 2030 736 2116 coniungi
758 2032 855 2097 sensit
876 2031 1047 2111 Numicius,

51 2131 140 2213 quod
169 2125 284 2214 όόμων
317 2128 423 2219 τύχαν
456 2135 589 2220 scripsit,
625 2157 681 2202 non
712 2139 818 2223 egitur
841 2138 984 2206 hocloco
1007 2140 1045 2206 de

18 2240 120 2320 upote
152 2237 287 2313 fortuna,
321 2240 375 2305 sed
409 2241 447 2305 de
481 2242 551 2307 dolo
585 2243 671 2326 pueri
693 2245 853 2328 suppositi.
903 2247 1049 2329 Suspicor

18 2347 121 2428 'iptum
144 2343 238 2408 fuisse
262 2337 363 2411 δόλον
387 2344 554 2414 αλοκόν
578 2344 614 2417 θ’
636 2344 655 2416 ό
678 2365 769 2425 παῖς.

125 2484 205 2560 1099
228 2505 313 2570 sqq:

71 2589 221 2657 δείκνυσι
243 2588 309 2680 γόρ
332 2588 351 2660 ό
373 2592 455 2669 Διός
478 2602 513 2662 ἐκ

73 2698 209 2764 παίδων
231 2693 498 2786 α’μνημοσύναν,

71 2797 116 2870 ov'
138 2803 258 2872 κοινόν
279 2814 400 2875 τεκέων
422 2803 528 2896 τύχαν

73 2916 193 2979 οἴκοισι
218 2908 387 2999 φυτεύσας

74 3020 249 3105 δεσποίνᾳ.

18 3172 39 3218 n
64 3152 216 3216 memorio
238 3152 267 3216 in
291 3151 397 3216 Xutho
420 3150 623 3231 desideratur,
648 3150 703 3217 sed
717 3151 847 3234 aequitas
863 3152 895 3216 et
909 3150 1048 3230 iustitie;

19 3276 88 3329 eor,
111 3274 150 3321 ne
171 3257 320 3341 scriptum
343 3256 439 3322 fuerit
459 3248 482 3323 ό
488 3249 755 3344 γνωμοοόνα
766 3281 795 3322 ν.

76 3396 157 3461 1288
171 3415 216 3480 sq.
255 3396 424 3480 Postquam
447 3397 502 3464 Ion
525 3404 567 3478 (v.
585 3398 841 3476 lesmorensem
861 3396 1045 3481 obiurgavit,

18 3505 54 3572 >d
78 3521 111 3568 ee
135 3503 191 3568 deo
213 3509 425 3569 consecratum
449 3500 525 3578 (τόν
546 3506 607 3573 roei
630 3505 731 3582 θεοῦ)
749 3504 886 3582 occidere
902 3502 1044 3581 uoluerit,

18 3630 62 3694 ue
96 3609 212 3675 Creusa
243 3610 404 3694 rospondit
430 3630 512 3690 eum,
543 3632 613 3679 oum
642 3629 760 3677 veneno
788 3612 952 3694 peteretur,
979 3609 1043 3675 ism

18 3738 27 3782 u
46 3714 214 3799 Apollinis,
236 3717 290 3781 sed
311 3716 410 3798 petris
432 3719 536 3799 fuisse,
558 3719 762 3784 subiiciuntur
782 3717 816 3781 hi
838 3716 898 3781 duo
920 3735 1043 3782 versus:

69 3845 141 3913 Im.
166 3837 239 3910 ἄλλ’
261 3839 490 3934 ἐγενόμεσθα,
513 3840 644 3931 πατρός
667 3838 696 3912 δ’
720 3838 841 3911 σόσίαν
863 3846 954 3932 λόγω.

51 3954 152 4027 ,KR
176 3945 304 4026 ου’κοὺν
326 3946 396 4019 τότ’
417 3944 523 4039 ἦσθα.
548 3956 611 4020 νῦν
627 3946 657 4019 δ’
679 3947 754 4039 ἐγώ,
778 3947 818 4017 or)
842 3941 981 4017 d’oo'xe'c’
1002 3947 1046 4015 οἶ,

18 4081 112 4144 iorem
134 4094 265 4150 uersum,
288 4079 319 4142 in
343 4096 402 4161 quo
425 4070 456 4144 δ’
479 4078 628 4144 Centerus
650 4078 732 4143 recte
754 4076 891 4148 custodit
916 4093 1047 4156 eorrup-

18 4201 132 4249 nosse
154 4182 354 4248 menifestum
386 4185 442 4256 est.
472 4203 528 4249 nec
556 4185 583 4249 ei
612 4184 678 4265 opis
701 4183 868 4265 quidquam
890 4181 1045 4247 editorum

18 4290 156 4355 riecturae
178 4288 353 4354 attulerunt
372 4294 427 4356 eut
440 4290 541 4373 ipsum
559 4290 670 4355 vuinus
686 4288 867 4373 attigerunt.
902 4288 1042 4353 Primum

18 4396 101 4478 paret
134 4395 303 4461 desiderari
336 4397 419 4463 verbi
453 4390 668 4483 ἐγενόμεσθα
698 4393 956 4477 complementum
987 4412 1048 4457 neo

18 4504 43 4581 ri,
78 4501 153 4585 quid
185 4501 217 4565 iu
256 4503 340 4568 lonis
373 4520 502 4587 persone
538 4500 694 4573 acciderit
733 4500 842 4566 deinde
878 4499 1044 4566 formulam

435 4613 460 4637 .,
809 4610 842 4671 2*
