2662 5046
476 109 587 166 Castris
604 110 637 167 B.
656 111 728 170 Gall.
1032 115 1093 178 257

56 307 183 394 longius
206 310 248 374 ab
269 307 321 372 ria
342 307 500 384 abessent,
532 309 653 375 nullum
680 309 819 375 hostibus
850 330 941 378 usum
970 315 1135 397 orabit-ura

61 434 139 481 csse.
186 415 271 491 (Hoc
303 430 427 496 quoque
460 414 635 495 ponendum
670 414 737 479 erat
770 415 829 480 rol.
863 417 879 480 I
910 437 940 499 p.
971 419 1030 483 152
1062 425 1136 488 ante

62 521 188 587 Senecae
209 519 344 585 rhetoris
365 519 494 596 locum.)

163 624 232 690 ibri.
255 626 393 689 extremo
414 624 515 707 capite
535 624 614 689 mire
643 623 804 690 scribitur:
847 624 1038 693 Proterea
1070 648 1136 714 op·

64 731 151 814 piria
183 728 343 796 incendi
375 731 552 810 oportere
579 777 586 795 .
610 778 619 795 .
642 778 665 804 .,
701 747 772 794 neu
804 730 905 807 (scrib.
938 733 1054 798 edett.
1077 742 1134 816 ne)
1253 800 1265 822 ‚

65 839 142 909 suis
165 837 248 902 siut
274 833 319 900 ad
351 834 640 904 detrectandam
671 834 853 900 militiam
886 838 1134 922 receptacula

10 931 11 940 ’
66 961 132 1006 nou
165 940 352 1006 Romanis
396 939 594 1022 proposita
629 939 674 1005 ad
710 941 856 1023 copiam
898 945 1132 1010 commeatus

66 1047 308 1129 predamque
329 1044 551 1125 tollendam.
611 1045 712 1111 Debet
737 1046 1012 1130 enim-significari
1043 1067 1133 1130 „pro-

66 1154 175 1238 posita,
206 1150 292 1216 nnrie
324 1149 442 1232 copiam
476 1145 667 1217 commeatus
699 1152 895 1236 praedamque
922 1150 1056 1217 babeant
1081 1171 1133 1224 su-

66 1262 250 1342 mantque“;
288 1274 398 1320 rerum
427 1256 473 1321 ita
506 1255 626 1338 copiam
660 1258 714 1323 ant
748 1257 885 1340 praedam
912 1255 1013 1320 wibre
1042 1275 1133 1322 nemo

66 1383 199 1448 unquam
232 1362 319 1429 dixit
375 1362 561 1428 Aut'scribi
591 1362 925 1448 debet-potiendam
952 1364 1008 1428 aut
1038 1363 1133 1446 (quod

66 1464 240 1534 Hotomano
262 1468 295 1532 in
313 1472 453 1534 mentem
463 1471 600 1547 venerat)
613 1468 708 1534 deleri
729 1468 955 1547 tollendam3
978 1468 1032 1535 sed
1054 1468 1132 1535 illud

8 1584 13 1611 ³
66 1573 179 1640 malim.
290 1619 292 1622 f
329 1626 332 1629 a

138 1679 232 1747 ibri.
256 1680 312 1744 19:
345 1680 634 1763 generatimque
656 1680 863 1745 distributi
884 1679 921 1745 in
943 1680 1130 1748 civitates

65 1785 186 1852 omnia
218 1786 316 1851 rada
348 1803 389 1850 ac
428 1779 552 1850 saltus
587 1785 668 1850 eius
705 1784 1130 1873 pa‘ludis'obtinebant.

4 1899 5 1903 ’
65 1890 165 1956 Salbrs
202 1891 338 1974 paludis
361 1890 461 1956 nullos
497 1908 577 1968 esse,
610 1892 693 1983 reste
726 1891 817 1956 multi
847 1891 1034 1970 indicarunt
1063 1913 1130 1976 quae

4 2061 5 2064 ,
65 1997 263 2071 subsb'tuunt,
285 1997 342 2061 aut
356 2014 424 2061 non
446 1997 519 2078 apta
533 1997 613 2061 ‘sunt
636 1999 691 2060 aut
699 1997 819 2081 longius
833 1997 1013 2063 discedunt.
1047 1998 1129 2065 Puto

63 2101 155 2166 tuisse
186 2118 231 2165 ac
263 2108 410 2163 meatus
432 2100 555 2184 (quibus
588 2102 620 2167 in
653 2101 801 2168 interiora
832 2104 989 2186 penetrari
1010 2105 1129 2188 poterat

63 2208 115 2272 ant
134 2205 285 2284 transiri).
800 2285 802 2288 y
893 2258 894 2261 ,
1082 2207 1084 2210 ⁴

159 2311 229 2376 Ibd.
258 2311 317 2376 22:
337 2347 339 2351 ·
358 2314 403 2392 etn
423 2304 650 2378 nostrarum
671 2313 833 2380 turrium
864 2313 1126 2390 altitudinem,

62 2417 1128 2502 qnantumbascotidianusaggererpresseratcommis·

3 2569 4 2573 =
63 2525 111 2589 sis
126 2542 282 2590 suarum
304 2522 468 2588 turrium
489 2522 604 2594 malis
622 2522 886 2609 adaquabant.
907 2524 1126 2590 Maiiturrium
1197 2606 1201 2614 Ι

10 2678 13 2684 »
62 2632 108 2696 rix
128 2624 283 2714 appellari
303 2629 572 2710 poteranttrabes‚
594 2647 693 2713 neque
715 2631 819 2696 trebes
840 2630 1012 2696 commissae
1035 2631 1127 2704 (alte-

63 2737 122 2801 rius
145 2733 495 2806 extremitatealteram
517 2735 702 2819 attingente)
735 2735 899 2820 quicquam
928 2736 1127 2812 atturniam

9 2826 10 2833 ἵ
61 2842 220 2909 bostiiinm
246 2837 443 2911 altitudinem
464 2839 646 2923 aequandam
667 2840 810 2909 ridentur
836 2844 998 2924 pertinere.
1056 2845 1126 2910 Una

62 2947 168 3014 littera
205 2968 238 3008 m
269 2963 287 3009 e
323 2944 441 3010 duabus
467 2945 614 3016 neuun
639 2946 691 3012 fit:
728 2949 943 3015 commissis
975 2968 1125 3016 suarum
1313 3030 1315 3033 .

60 3056 225 3120 turrium
249 3050 341 3129 alis,
363 3050 419 3117 boc
441 3052 501 3126 est,
519 3050 659 3141 partibus
679 3051 813 3127 laterum
834 3056 989 3132 extremis,
1018 3073 1126 3138 quem·
1221 3072 1233 3090 ”
1279 3134 1286 3147 A

60 3159 229 3225 atmodum
269 3156 407 3223 velorum
446 3155 503 3221 alre
546 3157 698 3224 dicuntur.
757 3158 809 3222 Ea
853 3160 1125 3226 committebantur

29 3313 30 3317 ,
60 3266 199 3332 trabibus
232 3263 358 3327 abana
390 3262 467 3327 turri
489 3263 529 3328 ad
554 3263 682 3331 alteram
707 3263 858 3346 porrectis
889 3267 922 3331 et
941 3267 1056 3332 tabulis
1077 3266 1125 3331 in·

61 3373 174 3438 stratis.
222 3368 291 3454 [Sic
314 3367 551 3451 Giaceonius.]¹)

63 3600 259 3609 w-

10 3683 13 3786 Ι
79 3732 98 3801 ¹)
126 3734 193 3806 Cap.
213 3737 259 3791 35.
296 3733 460 3789 Potorautne
487 3691 614 3796 cobortes,
642 3723 859 3805 qure'quadrsta
877 3735 1005 3791 extremis
1022 3735 1124 3791 ordini·

125 3827 176 3883 bns
194 3827 287 3899 plenis
305 3827 438 3880 introrsus
456 3827 549 3882 inanes
567 3830 650 3890 erant,
670 3843 738 3882 cave
757 3828 829 3884 dicii
854 3833 954 3896 (cavis
979 3829 1124 3899 quibus·

125 3921 200 3976 dam
218 3918 447 3987 cohortibus.)
