2662 5046
260 307 320 371 182
614 303 673 359 Lib.
686 304 749 359 vn.
763 304 828 372 Gap.
839 303 880 359 ΙΙ.

216 505 484 578 acrimoniam,
515 503 688 585 omissaque
721 517 820 565 errore
855 499 1017 584 negatione
1053 502 1195 567 additum
1233 505 1282 569 et.

215 610 419 694 Temperatus
452 611 484 674 et
517 608 556 674 ab
578 606 707 673 andaoia
738 606 771 670 et
801 624 820 671 a
856 603 986 670 tristitia
1019 605 1123 672 vultus
1154 608 1282 691 praeoipi

215 716 344 781 ridetur.

315 818 384 888 Ibd.
406 817 447 881 28
477 834 555 881 nuno
584 815 701 881 editur:
746 813 818 880 Sed
851 832 921 897 qua
942 814 979 879 in
1001 815 1141 881 ceteris
1164 818 1282 885 robus

215 924 371 1009 ingenii
403 921 559 989 bonitas
593 920 778 985 imitatur
809 937 912 1002 sape
946 918 1273 1001 doctrinam,

168 1068 170 1071 -
213 1030 307 1095 item
340 1029 391 1093 iit
421 1028 459 1092 in
493 1027 711 1092 haeraesi.
760 1021 1019 1110 QuaKayserus
1053 1045 1070 1091 e
1103 1027 1279 1094 coniectura

214 1154 268 1218 pro
291 1132 380 1218 quia
400 1132 518 1217 posuit;
556 1131 610 1197 sed
630 1131 663 1196 id
684 1149 782 1214 nequo
809 1129 884 1195 alibi
904 1128 935 1193 in
959 1129 1016 1195 tali
1048 1135 1281 1215 comparatione

213 1240 350 1323 positum
370 1224 522 1322 reperitur
542 1254 641 1319 neque
663 1238 769 1320 aptum
781 1235 839 1310 est,
861 1234 943 1316 quod
965 1235 1048 1299 viam
1068 1255 1106 1303 ao
1125 1240 1279 1305 rationem

214 1344 377 1428 signifieat.
430 1343 509 1407 Puto
542 1340 751 1406 scribendum:
799 1337 872 1404 Sed
909 1340 1014 1424 qood
1047 1341 1084 1406 in
1119 1344 1280 1412 esteris

213 1451 332 1517 rebus
375 1451 446 1529 (hoo
480 1448 542 1512 ost:
586 1445 642 1511 sed
684 1445 766 1529 quod
800 1444 837 1510 fit
878 1445 911 1509 in
947 1446 1056 1511 esteris
1098 1447 1202 1524 rebus,
1245 1449 1281 1513 nt

214 1556 298 1637 oet).

313 1656 382 1724 Ibd.
419 1657 474 1721 37:
517 1654 722 1741 Imagines*
750 1655 875 1740 igitur
908 1675 973 1721 nos
1005 1657 1044 1721 in
1072 1675 1112 1721 eo
1137 1676 1280 1741 genero

215 1763 463 1828 constituere
494 1761 702 1847 oportebit,
743 1758 843 1844 quo'd
878 1780 1006 1845 genus
1047 1779 1204 1828 manere
1242 1765 1279 1829 in

214 1867 403 1932 memoria
426 1868 645 1934 diutissimo
668 1868 810 1951 potest
852 1866 942 1932 Haeo
963 1885 1025 1931 res
1048 1887 1089 1928 ea
1110 1868 1280 1945 accidet,

214 1971 248 2035 si
271 1973 331 2038 oet.
374 1971 425 2036 Sio
455 1992 536 2038 nuno
558 1972 725 2057 Kaysorus.
769 1971 831 2037 Ubi
854 1993 888 2035 eo
909 1972 1031 2054 posuit,
1064 1971 1185 2037 oodioes
1207 1974 1280 2040 boni

213 2076 400 2159 habentui,
435 2078 528 2143 aeteri
550 2077 709 2144 omittunt.
752 2076 815 2140 Rei
831 2094 943 2143 nomen
965 2077 1042 2160 (boc
1062 2097 1111 2140 reo
1131 2096 1186 2161 pro
1209 2078 1281 2161 hoc)

212 2200 337 2266 prorsus
370 2201 462 2265 prava
484 2183 540 2248 hoo
560 2183 628 2249 looo
650 2183 783 2265 ponitur.
826 2181 925 2265 Supra
951 2201 1105 2248 manere
1138 2185 1171 2248 in
1192 2185 1282 2252 bonis

213 2280 369 2355 oodioibus
390 2289 505 2374 partim
527 2288 690 2368 omittitur,
726 2287 839 2372 partim
866 2288 1077 2371 transponitur
1098 2290 1147 2368 (in
1170 2309 1278 2358 mom.

208 2397 390 2475 manere);
411 2394 699 2460 inaliisso'ribitur:
717 2412 745 2476 q.
758 2413 788 2477 g.
805 2393 1199 2462 inmemdiutissime
1216 2398 1278 2462 ha·

207 2498 287 2563 beri
302 2500 450 2583 potest.
465 2500 511 2564 Ex
521 2499 569 2564 his
579 2498 700 2563 indiciis
713 2497 911 2564 manifestum
924 2499 970 2579 fit,
982 2500 1026 2565 sio
1038 2500 1189 2582 seriptum
1201 2501 1280 2568 olim

205 2604 315 2671 fuisse:
355 2605 449 2689 quod
472 2623 592 2689 genus
613 2605 650 2668 in
673 2603 858 2671 memoria
879 2604 1109 2670 diutissime
1137 2609 1278 2689 potest

206 2709 358 2774 tuerere.
407 2709 454 2772 Id
487 2708 653 2785 aecidat,
685 2708 719 2773 si
745 2711 803 2775 oet.
859 2709 937 2775 Cum
965 2708 1084 2773 teror
1109 2712 1280 2778 transisset

205 2815 237 2878 in
257 2814 377 2892 toeorer,
410 2834 445 2881 er
467 2836 492 2890 e,
525 2811 609 2899 quod·
626 2816 795 2896 supererat,
831 2816 863 2879 et
895 2814 930 2876 id
951 2814 1066 2880 fectum
1088 2818 1136 2880 est
1159 2816 1196 2900 ei,
1218 2837 1272 2883 sn·

204 2937 320 3002 praque
342 2922 469 2985 verbum
492 2919 669 2986 oonieotura'
691 2918 841 2984 additum.
1105 3006 1111 3015 .

304 3025 438 3091 ibd.40:
461 3024 585 3103 Quare
601 3042 711 3109 quum
727 3023 891 3090 situtile
906 3024 1020 3090 faoilo
1038 3027 1275 3105 meminisse,

203 3148 275 3194 non
298 3129 472 3207 teiallit,
495 3127 821 3213 quod'tantopere
845 3129 943 3195 utile
961 3129 1029 3208 sit,
1052 3134 1198 3213 quanto
1220 3133 1274 3197 la-

203 3235 291 3301 bore
310 3236 364 3301 sit
386 3232 658 3319 appetendum3
681 3233 827 3321 poteris
845 3234 1069 3301 existimare
1085 3236 1277 3305 utilitate

203 3341 365 3425 cognita.
389 3332 570 3406 Pluribus
591 3340 724 3406 verbis
742 3340 889 3405 adeam
910 3340 948 3405 ts
970 3340 1170 3406 adhortari
1193 3362 1272 3408 uon

202 3452 262 3510 est
283 3448 491 3514 sententia.
549 3446 688 3528 Apparet
709 3444 905 3511 vitiosissime
940 3449 1011 3529 post
1040 3445 1095 3510 illa
1126 3465 1201 3512 non
1234 3455 1275 3515 te

201 3551 317 3631 fallit
359 3553 515 3618 abundare
554 3551 663 3617 eodem
699 3549 909 3616 rolatumhoo
941 3551 1091 3633 psoteris
1121 3553 1274 3626 eristi-

201 3674 306 3721 mare
339 3658 371 3723 et
397 3657 564 3724 desiderari
597 3657 714 3741 aliquid
744 3657 784 3723 ad
818 3657 987 3722 orationem
1016 3659 1047 3721 et
1078 3659 1270 3725 sententiam

201 3761 394 3829 vinciendum
417 3764 450 3828 in
470 3764 523 3829 illo
545 3763 694 3830 transitu:
717 3761 900 3828 Pluribus
922 3764 1056 3829 verbis
1079 3765 1137 3829 ost
1192 3765 1273 3831 Om-

200 3865 252 3930 nia
272 3866 359 3932 reeta
379 3870 470 3933 erunt
492 3889 604 3953 quum
628 3870 660 3934 in
684 3886 794 3953 quam
815 3868 953 3932 mutato:
992 3866 1132 3947 Quare,
1156 3892 1270 3955 quom

201 3970 253 4037 sit
273 3971 380 4042 utils,
412 3971 528 4047 iaoile
560 3975 799 4052 mem-inisse,
831 3991 902 4039 non
935 3974 972 4039 te
998 3973 1125 4052 fallit;
1166 3977 1269 4059 quod
