2678 5016
466 2081 592 2155 hiber
625 2082 714 2157 Vll.

523 2247 654 2329 Cap.l.

513 2397 549 2451 ll.
578 2396 671 2451 Varro.

154 2536 260 2601 Prosae
303 2535 451 2600 orationis
487 2535 670 2616 scriptorum
708 2534 888 2598 Latinorum
928 2553 1039 2619 agmen
1083 2535 1123 2602 ll.

69 2635 162 2707 Varro
195 2641 356 2724 (qnoniam
383 2640 507 2706 Catonis
543 2640 581 2704 de
617 2658 649 2704 re
687 2639 805 2705 rustica
837 2638 977 2704 libellum
1013 2639 1124 2705 leviter

67 2747 175 2812 tontum
199 2746 303 2828 attigi)
328 2744 431 2810 ducet.
480 2744 553 2810 llius
575 2745 647 2811 libri
669 2743 709 2810 do
733 2743 978 2828 linguonense
998 2746 1124 2827 proptor

66 2850 156 2932 ipsum
193 2850 342 2915 Varronis
379 2849 537 2915 horridum
577 2850 747 2933 durumque
791 2847 910 2914 dicendi
955 2867 1052 2931 genus
1089 2851 1124 2915 et

65 2961 182 3041 propter
216 2956 392 3038 argumenti
422 2955 635 3038 scribendique
670 2955 813 3034 formam,
833 2972 931 3036 neque
963 2953 1123 3036 perspicuo

64 3062 281 3127 sententiarum
305 3061 410 3123 tenore
432 3079 599 3125 connexam
622 3048 654 3124 et
676 3060 776 3124 omnis
798 3059 920 3142 generis
941 3058 1124 3141 fragmentis

63 3164 281 3249 antiquioribus
295 3163 484 3243 distinctam,
507 3169 539 3229 ot
560 3166 682 3248 proptor
704 3163 843 3234 oodioum
866 3164 1028 3236 fortunam,
1051 3163 1126 3228 dnm

63 3290 124 3335 raro
147 3274 179 3334 et
202 3270 305 3352 longis
316 3259 486 3334 intervallis
502 3269 722 3345 describuntur,
744 3287 836 3351 quam
848 3268 911 3332 sint
922 3267 1003 3331 omni
1015 3286 1126 3352 genere

62 3375 240 3440 mendorum
264 3373 409 3454 corrupti,
433 3375 665 3456 nemoignorsi.
700 3373 749 3436 Ad
772 3392 808 3437 ea
829 3371 941 3436 mendo
963 3372 1126 3454 postAldi‚
1190 3434 1193 3440 .

62 3479 225 3555 Vertrnnii
248 3478 392 3555 annebi,
413 3477 573 3565 Scaligeri,
595 3478 977 3562 Scioppiioperamviano
997 3475 1127 3550 ratione,

62 3588 208 3668 quantum
246 3583 314 3647 fieri
341 3585 451 3667 potest,
485 3583 623 3649 tollenda
650 3584 813 3649 materiam
842 3581 1035 3664 collegerunt
1062 3580 1125 3664 sig·

62 3708 195 3773 numque
229 3689 404 3755 extulerunt
436 3691 542 3754 nostra
574 3689 666 3768 aetate
698 3689 733 3753 L.
766 3686 946 3771 Spengelius
980 3688 1011 3751 et
1034 3685 1065 3751 C.
1090 3686 1126 3750 Ο.

63 3792 243 3867 Muellerus,
272 3792 324 3857 hic
346 3790 469 3876 quidem
493 3794 651 3878 (quoniam
674 3792 830 3877 Spengelii
855 3791 959 3857 viriles
981 3792 1127 3856 maturae·

63 3918 118 3982 quo
139 3917 222 3964 onrae
256 3898 423 3963 maximam
455 3901 576 3981 partem
598 3900 699 3964 adhue
723 3900 755 3963 in
785 3897 906 3962 seriniis
928 3898 1039 3974 latent)
1061 3897 1128 3979 ipse

64 4004 183 4092 longius
214 4005 248 4068 in
282 4004 475 4086 exsequenda
498 4005 711 4079 emendatione
733 4021 922 4087 progressus.
977 4001 1036 4079 Qui
1059 4021 1126 4084 quae

65 4110 99 4175 de
135 4112 237 4194 prima
269 4110 452 4176 Varroniani
487 4111 588 4194 operis
624 4109 758 4174 editione
797 4108 901 4172 minus
938 4093 1127 4172 oonsiderete

68 4216 141 4281 dixit
177 4218 209 4281 ot
241 4215 439 4280 Lachmanno
466 4215 622 4298 probavit,
655 4233 692 4280 ea
716 4229 796 4276 nuno
826 4211 964 4276 refellere
999 4213 1125 4288 omitto;

66 4339 136 4386 nam
158 4323 228 4387 eta
253 4323 297 4387 rei
320 4320 454 4391 libren'ae
477 4320 556 4402 apud
581 4320 700 4385 veteres
721 4315 941 4383 consuetudine
964 4319 995 4381 et
1021 4315 1128 4381 eondi-

68 4425 205 4491 eionibns
226 4427 405 4503 abhorrent,
429 4429 460 4490 et
482 4425 581 4508 operis
604 4424 710 4490 lormae
732 4439 915 4504 eorumque,
948 4439 1015 4504 quae
1037 4418 1068 4483 in
1092 4436 1128 4484 oo
