2580 5054
222 324 241 384 4
603 317 829 387 mama

180 517 345 583 admodum
391 518 505 581 sensim
549 515 750 580 constitutam
793 515 1035 579 Homericorum
1078 516 1232 596 poematum

182 625 311 690 formam
335 622 455 705 antiqui
475 621 641 699 tenuerint
660 638 790 704 cumque
806 639 842 685 ea
857 621 1086 685 constitutione
1102 640 1161 689 eas.
1177 637 1233 702 qun
1261 676 1262 679 ,

182 748 329 813 promam,
352 728 539 810 suspiciones
554 728 787 810 comparaverit.
820 725 1022 809 Quamquam
1038 726 1123 791 anim
1137 730 1234 791 amn

181 853 242 918 que
264 838 399 917 poetam,
427 853 519 917 quem
550 832 679 901 Iliadem
710 834 743 899 et
764 832 936 916 Odysseam
968 833 1179 916 composuisse
1204 831 1235 895 it

185 942 301 1012 statuo.
323 943 358 1006 ut
379 959 478 1024 neque
500 959 535 1005 er
555 941 706 1023 prioribus
728 938 914 1005 carminibus
937 939 1082 1005 materian
1104 955 1234 1005 summan

183 1049 217 1113 at
236 1050 341 1131 partes
363 1065 423 1113 non
448 1046 575 1130 exiguas
597 1047 774 1129 desumptas
795 1046 828 1110 et
842 1045 1014 1110 translatas
1030 1064 1144 1131 negem
1159 1060 1235 1125 neque

183 1153 324 1236 quaedam
346 1154 454 1236 postea
474 1153 514 1216 ad
542 1153 716 1217 nniversam
745 1152 874 1216 formam
901 1151 1007 1234 aptius
1036 1149 1236 1216 conterendan

184 1259 461 1342 absolvendamque
489 1259 605 1336 addita,
633 1258 786 1324 scribendi
811 1261 876 1322 arte
905 1263 1003 1340 atque
1032 1258 1148 1322 auxilio
1168 1272 1264 1319 usum

184 1385 252 1431 esse
267 1384 445 1449 persuasum
466 1365 571 1443 habeo,
594 1369 695 1430 tamen
718 1383 777 1428 non
801 1364 903 1428 minus
926 1368 1050 1428 certum
1073 1383 1142 1428 esse
1158 1360 1237 1430 eredo,
1266 1444 1267 1447 Ἴ

184 1474 216 1537 in
238 1475 368 1554 utroque
390 1475 530 1553 poemate
551 1470 775 1555 antiquissimis
797 1470 989 1552 temporibus
1014 1470 1099 1534 inter
1117 1468 1237 1533 homines

185 1579 393 1661 peruulgando
416 1584 448 1643 et
468 1579 507 1643 ad
529 1581 668 1660 posteros
699 1574 848 1642 tradendo
874 1595 1005 1659 magnas
1029 1571 1237 1658 frequentisin

184 1685 344 1749 hominum
375 1685 506 1750 emtibns
539 1683 728 1750 recitationis
762 1686 795 1748 et
822 1683 940 1747 tenacis
970 1681 1133 1747 memoria
1154 1681 1238 1762 partes

186 1792 290 1867 luisse,
323 1790 369 1855 ita
401 1797 436 1856 ut
469 1789 558 1873 paulo
592 1792 731 1855 interiore
763 1793 863 1864 aetate,
896 1807 968 1853 cum
998 1787 1075 1854 libri
1097 1786 1199 1869 scripti
1216 1783 1238 1847 iu

186 1897 344 1961 hominnm
367 1898 510 1963 manibus
533 1900 647 1962 uersari
669 1899 701 1961 et
721 1895 910 1962 circumferri
933 1894 1030 1976 coepti
1056 1900 1168 1965 essent.
1184 1891 1239 1956 ltin

186 2003 218 2066 et
239 2003 377 2083 Odyssea
398 2024 542 2089 magnam
564 2007 681 2087 partem
713 2024 731 2068 a
761 2001 889 2067 diversis
915 2001 1097 2065 hominibus
1120 1998 1240 2082 pluribus

185 2108 260 2172 locis
283 2110 396 2174 litteris
417 2113 670 2191 consignarentur
693 2129 749 2174 non
773 2110 838 2174 sine
860 2111 964 2190 aliqua
986 2109 1150 2183 varietate.
1171 2105 1239 2170 euius

186 2215 381 2279 etiamnunc
413 2216 444 2280 in
477 2224 615 2281 veterum
648 2216 921 2299 grammaticorum
943 2213 1086 2295 reliquiis
1108 2210 1240 2277 memoris

187 2327 336 2404 superest.
392 2323 472 2387 Fieri
494 2323 599 2404 itaque
622 2324 756 2405 potuisse
777 2320 982 2386 confitendum
1006 2326 1067 2395 est,
1090 2327 1126 2385 ut
1147 2319 1178 2383 in
1198 2316 1241 2380 luo

186 2429 358 2494 communis
381 2428 548 2511 et'reoept'
578 2429 682 2493 textus
712 2426 895 2510 expolitione
923 2446 985 2491 uno
1009 2429 1045 2490 et
1072 2426 1169 2490 altero
1189 2424 1240 2487 loeo

188 2554 268 2598 error
283 2534 395 2619 aliquis
411 2535 590 2600 vocabulum
608 2535 769 2617 antiquum
785 2537 840 2599 ant
855 2533 1097 2617 grammaticam
1111 2529 1242 2596 orationis

188 2641 317 2707 formam
362 2642 423 2706 leni
464 2642 669 2707 declinatione
705 2641 883 2706 obscuraret
919 2640 1005 2704 nullo
1044 2638 1158 2703 relicto
1192 2632 1242 2699 reri

187 2747 328 2830 vestigio.
383 2746 471 2826 Quod
504 2748 530 2812 si
563 2748 631 2830 quis
663 2747 811 2813 obiecerit
842 2745 1018 2810 huiusmodi
1055 2764 1195 2816 errorem,
1223 2738 1242 2803 si

187 2855 347 2920 sententiae
369 2854 517 2932 officeret,
531 2852 709 2920 ‘necessario
731 2852 842 2919 sentiri
866 2851 1009 2916 debuisse
1025 2852 1067 2917 ab
1084 2853 1161 2934 ipsis
1175 2850 1242 2915 anti·

186 2959 255 3042 quis
281 2960 460 3033 lectoribus,
489 2961 580 3026 aliter
605 2959 766 3036 iudicabit,
794 2960 845 3043 qni
871 2958 903 3022 in
926 2957 1041 3022 nostris
1064 2959 1242 3038 aliommque

188 3067 369 3149 populorum
382 3068 587 3134 recentiorum
599 3067 786 3133 carminibus
795 3063 1017 3146 cantilenisqne
1028 3064 1242 3149 antiquioribus

184 3174 373 3238 intellexerit
394 3175 547 3240 interdum
570 3173 636 3237 fieri
657 3191 759 3254 posse,
781 3176 817 3236 ut
840 3172 872 3236 in
888 3170 1026 3236 carmine
1042 3172 1162 3256 aliquo,
1176 3166 1244 3254 quod

185 3281 359 3346 universnm
384 3282 466 3346 recte
487 3280 678 3362 intelligatur
699 3280 933 3361 frequenterque
955 3296 1027 3341 oum
1052 3278 1243 3344 delectatione

185 3387 342 3462 recitetur,
365 3387 552 3460 decantetur,
575 3385 727 3460 audiatur,
749 3403 832 3450 error
854 3384 966 3466 aliquis
987 3403 1099 3449 ueram
1113 3380 1245 3449 orationis
1281 3439 1282 3442 ,

185 3494 403 3578 sententiaeque
433 3493 564 3558 formam
591 3493 757 3557 obscurans
786 3489 948 3556 audientes
980 3491 1092 3555 tamen
1115 3490 1202 3555 fallat
1219 3487 1245 3550 et

185 3599 336 3680 paulatim
357 3597 556 3665 assuetudine
579 3599 803 3680 comprobetur,

283 3706 318 3770 ln
341 3705 447 3771 Iliadis
470 3704 549 3770 libro
573 3704 630 3775 Ill,
652 3705 692 3766 39
715 3723 781 3786 sqq.
807 3703 923 3767 Hector
944 3701 1095 3767 Paridem
1114 3701 1245 3769 Menelao

184 3808 293 3875 timide
316 3812 444 3877 cessisse
462 3810 627 3896 indignans
642 3810 796 3892 malleque
813 3828 847 3874 se
864 3808 979 3880 diceus,
996 3827 1070 3873 eum
1089 3826 1246 3892 numquam

184 3917 290 3979 natum
312 3917 405 3982 inisse
427 3923 481 3983 aut
496 3935 618 3982 uxorem
634 3917 765 3993 duxisse,
782 3915 822 3980 ad
838 3919 1008 3980 extremum
1025 3917 1073 3981 sic
1090 3916 1246 3983 exclamat:

267 4022 321 4086 καί
344 4048 380 4089 ae
401 4019 439 4089 τό
462 4024 669 4108 βουλοίμην,
693 4022 749 4088 καί
772 4047 830 4088 κεν
852 4015 942 4086 uota)
967 4022 1104 4104 κέρδιον
1127 4017 1187 4109 ἦεν

265 4123 286 4213 ἢ
308 4126 395 4195 οὕτω
419 4125 533 4216 λώβην
555 4124 583 4195 τ’
607 4137 724 4215 ἔμεναι
749 4129 803 4195 καὶ
827 4121 982 4200 ὑπόψιον
1004 4125 1131 4196 ἄλλων.
