2648 5084
33 236 132 341 ’ς’
253 265 315 330 m
430 324 435 337 ,
541 218 1036 343 .·mqu.s'

212 435 306 533 etiam
328 467 486 531 l'alsterns
518 466 639 530 nostras
660 462 782 538 incidit3
815 451 881 539 (est
908 451 991 528 enirn
1025 465 1058 529 in
1097 468 1271 550 bibliothece,

212 573 421 654 unipersitatis
443 574 555 636 nostrae
578 568 777 634 Gronoviauae
796 567 937 635 editionis
959 574 1147 655 exemplum,
1172 594 1226 657 quo
1243 576 1262 638 is

213 700 287 746 usus
309 683 358 745 est
380 681 412 744 et
431 677 571 743 inanius
592 675 781 759 marginibus
803 675 949 741 nonnulla
971 682 1157 758 annotavit).

140 778 145 788 ⁶
314 786 434 850 Delib.
458 782 522 848 Ic.
546 780 1264 872 1291111111οεινοΙ.Ιρ,91,ᾳιιοωιιι-

213 911 285 977 pore
297 892 482 967 nesciebam,
505 888 643 955 vocabuli
665 888 912 970 ignorantes,
936 891 1016 973 quod
1034 890 1105 958 tolli
1128 893 1263 968 volebam,

213 998 244 1062 iu
277 996 381 1063 codice
411 996 610 1078 palimpsesto
642 994 762 1059 nullum
793 995 958 1079 vestigium
992 1016 1072 1063 esse.
1119 998 1180 1063 Sed
1201 1019 1266 1080 prae

77 1130 78 1133 ¹
213 1106 312 1180 terea,
346 1101 428 1187 quod
459 1100 686 1183 Theophrastus
719 1100 855 1184 quadam
892 1121 975 1168 cum
1021 1103 1269 1169 discernendi

213 1210 340 1292 magis
362 1207 693 1290 disceptandique
726 1208 944 1292 diligentia
964 1229 1083 1292 quam
1106 1230 1189 1276 cum
1211 1211 1269 1275 de·

214 1313 401 1379 cernendi
435 1314 638 1378 sententia
665 1314 822 1396 scripsisse
852 1313 981 1386 dicitur,
1018 1317 1200 1397 ponendum
1219 1320 1269 1382 est:

214 1437 295 1484 cum
327 1419 549 1482 disserendi
584 1420 702 1504 magis
737 1419 1076 1503 disceptandique
1117 1423 1271 1507 diligen·

214 1525 279 1590 tia.
319 1526 364 1590 De
389 1525 589 1593 discernendo
610 1545 667 1591 non
690 1527 800 1609 agitur.
849 1524 918 1610 [Sic
940 1525 1010 1591 edd.
1034 1531 1111 1594 ante
1133 1528 1270 1613 Gronov]

314 1631 380 1696 Ibd.
402 1634 432 1705 4,
470 1633 485 1697 1
520 1633 564 1697 sic
595 1632 738 1697 scribitur
770 1632 808 1697 de
831 1632 962 1697 Antonio
992 1633 1118 1702 Iuliano
1149 1638 1272 1702 rhetore:

215 1736 405 1801 Doctrina
442 1723 591 1821 quoque
632 1740 713 1804 ista
754 1738 910 1804 utiliore
952 1757 997 1803 ac
1040 1740 1273 1810 delectabili

215 1832 469 1926 veterumque
485 1845 776 1928 elegantiarum
792 1863 882 1909 cura
897 1847 933 1909 et
952 1850 1142 1914 memoria
1163 1851 1272 1916 multa

214 1947 299 2012 fuit.
355 1949 442 2015 Nihil
475 1952 525 2016 hic
556 1950 658 2035 agitur
687 1950 724 2015 de
751 1950 885 2016 utilitate
917 1951 1076 2031 doctrina,
1113 1957 1273 2039 praesertin

213 2072 281 2135 quae
304 2057 511 2138 comparativo
534 2056 732 2141 significetur,
755 2057 890 2140 mireque
912 2077 949 2122 ea
968 2060 1037 2124 laus
1061 2078 1136 2127 cum
1161 2063 1275 2146 reliquis

215 2160 417 2245 coniungitur.
472 2163 773 2246 Gelliusposuerat:
807 2162 1276 2232 Doctriuaistaeabtih'·
1321 2190 1322 2239 ι

215 2288 289 2331 ore.
333 2269 445 2334 Totum
477 2273 570 2351 caput
603 2273 653 2333 est
674 2268 711 2332 de
733 2269 817 2335 tenui
846 2270 914 2344 (hoc
935 2274 983 2336 est
1004 2272 1128 2351 subtili)
1151 2274 1274 2357 quadam

215 2377 246 2437 et
278 2376 397 2440 curiosa
431 2377 640 2458 exploratione
673 2376 799 2459 argutia
827 2369 958 2442 'alicuius
991 2377 1201 2444 Ciceroniana
1238 2384 1276 2453 (ut

215 2497 285 2545 cum
309 2480 410 2547 Gellio
433 2482 581 2568 singulari
608 2501 735 2546 numero
768 2482 798 2546 id
820 2482 1080 2569 nomeudicam).
1127 2487 1275 2572 Frequen-

143 2611 171 2668 ¹·
214 2588 255 2651 tis
278 2608 386 2653 vocum
409 2589 592 2653 confusionis
617 2589 689 2665 (vol.
713 2588 726 2651 l
748 2608 777 2671 p.
801 2588 853 2666 25)
876 2589 1047 2672 exemplum
1077 2610 1174 2675 supra
1197 2613 1275 2659 mon·

159 2720 162 2726 ·
214 2695 346 2759 stratum
370 2696 469 2760 estin
492 2694 592 2760 Taciti
615 2694 718 2760 Germ.
738 2714 763 2759 c.
786 2695 836 2758 44.

221 2790 222 2794 ¹
316 2800 430 2865 Eodem
455 2801 554 2883 capite
583 2800 604 2886 ξ
626 2800 646 2862 8
679 2801 720 2877 (in
751 2801 805 2866 illa
827 2800 1025 2884 explicatione
1049 2805 1195 2901 argutia)
1217 2805 1273 2869 hec

214 2905 371 2990 leguntur:
400 2908 632 2972 Immutavit
660 2925 762 2990 ergo,
786 2908 929 2991 inquit,
959 2912 997 2973 et
1019 2909 1089 2987 (hoc
1112 2929 1174 2975 nou
1197 2913 1272 2976 recte

214 3013 370 3078 omittitur
397 3013 476 3098 apud
509 3014 686 3085 Hertzium;
723 3016 748 3079 si
784 3015 815 3078 in
852 3014 1002 3079 codicibus
1032 3014 1134 3095 deest,
1166 3016 1271 3082 excidit

214 3121 284 3200 post
305 3119 350 3193 it)
367 3120 546 3186 subdidit
568 3122 723 3186 verbum
746 3121 780 3185 ei
801 3121 936 3198 verbo,
958 3120 1054 3205 quod
1076 3123 1272 3192 omiserat

215 3224 450 3306 finitimum,
483 3230 525 3293 ut
556 3228 758 3292 videretur
791 3228 831 3291 et
863 3246 1023 3292 sensum
1058 3226 1270 3295 debitionis

215 3332 385 3397 conlatae
419 3353 492 3399 nou
529 3334 740 3417 reliquisse
777 3337 816 3399 et
848 3333 1161 3401 concinnitatem
1190 3355 1271 3402 seu·

214 3439 352 3502 tentiae
385 3441 607 3516 retinuisse,
666 3439 792 3504 Nullum
827 3438 932 3504 Cicero
962 3440 1088 3504 verbum
1120 3443 1270 3513 omiserat,

214 3544 268 3608 sed
291 3547 550 3628 exspectationem
583 3547 661 3612 alius
683 3547 767 3611 verbi
791 3547 942 3616 moverat,
972 3561 1008 3607 ac
1031 3545 1172 3612 subdidit
1204 3550 1271 3622 (at-

214 3669 283 3732 que
319 3650 409 3716 ideo*
429 3670 667 3735 consequens
703 3651 858 3736 quidem
890 3649 1027 3714 luerat
1047 3653 1107 3716 sic
1129 3654 1271 3724 dicere.

214 3758 293 3833 cet).
337 3757 447 3839 ltaque
469 3757 661 3822 scribendum
686 3762 748 3823 est:
771 3757 870 3841 quod
887 3757 1141 3840 praevicerat.

313 3861 432 3941 loct,
458 3866 493 3927 1:
536 3864 584 3928 ut
618 3863 706 3928 hinc
741 3867 776 3929 et
808 3858 854 3928 od
882 3855 1023 3947 κομψά
1048 3864 1125 3930 illa
1231 3865 1272 3930 ab

213 3967 360 4033 aemulis
393 3969 715 4054 adversariisque
751 3972 888 4053 probro
928 3971 1022 4037 data
1055 3974 1114 4036 cet.
1180 3971 1273 4037 Codex

215 4069 500 4148 Rotoendorfianus,
535 4078 671 4142 omnium
699 4077 762 4141 fere
796 4078 948 4158 optimus,
981 4096 1034 4159 pro
1057 4077 1145 4142 hinc
1169 4082 1206 4143 et
1227 4066 1272 4142 vd
