2654 5010
384 665 543 721 Ammianus
561 666 744 721 Marcellinus.
811 660 817 673 '
994 666 1055 729 261

27 879 279 946 cernensque
301 865 478 942 acutum,
499 861 612 927 molli
634 862 801 945 capillo,
819 863 923 929 rosis
942 862 1099 930 assidue

27 967 1099 1053 gensibuslueentibusaddecorem,usqueadpubem

27 1075 76 1140 ab
110 1073 213 1158 ipsis
246 1074 347 1149 colli
379 1073 575 1139 confiniis
609 1074 773 1159 longior
795 1085 852 1140 eet.
901 1073 953 1139 Sic
975 1074 1099 1142 codices

28 1179 92 1247 fide
116 1179 199 1263 digni
222 1179 286 1245 VP.
342 1181 429 1260 Quod
461 1199 497 1245 ex
525 1181 728 1246 deterioribus
756 1181 875 1246 editur:
908 1182 1099 1246 rasiscs·

28 1286 150 1361 sidae
182 1285 297 1370 genis
331 1286 569 1365 lucentibus
597 1288 642 1352 ad
671 1287 870 1362 decorem,
910 1295 1029 1354 rectum
1052 1289 1101 1352 est

27 1395 165 1477 genis,
198 1391 253 1456 sed
285 1393 456 1458 occultetur
489 1393 655 1476 vestigium
686 1394 884 1459 menifestum
915 1394 1101 1460 substantivi

28 1498 104 1582 post
135 1496 168 1562 id
199 1498 381 1563 vocabulum
416 1498 539 1564 latentis
569 1500 602 1562 et
631 1498 732 1582 prima
756 1503 847 1582 ¹parte
870 1499 1020 1574 tmncati3
1043 1517 1102 1564 nee

29 1621 122 1688 genoe
142 1602 267 1670 assidue
290 1622 366 1670 rasa
387 1604 426 1669 ed
450 1604 590 1670 decorem
607 1604 708 1668 lucere
723 1609 794 1688 apte
811 1606 962 1673 dicuutur.
986 1606 1102 1670 Emeu-

29 1709 119 1774 datio
141 1709 294 1775 etfacilis
316 1711 529 1776 esteteerte:
553 1711 658 1775 rasis
680 1711 998 1797 assiduegeuis,
1021 1710 1102 1777 dcu-

29 1815 121 1882 tibus
144 1814 379 1881 lucentibus
402 1816 448 1881 cd
472 1815 656 1881 decorem
678 1819 737 1881 cet.
1086 1880 1090 1889 ,

135 1920 201 1986 bib.
213 1920 315 1998 XXII,
329 1923 407 1997 Lis
429 1920 529 1986 Dein
545 1920 713 1999 (Iulianus)
729 1921 969 1987 Mamertino
990 1920 1104 1985 ludos

29 2028 178 2093 edente
203 2024 427 2106 circenses,
460 2028 817 2094 manumittendis
846 2046 889 2092 ex
910 2046 1016 2092 more
1039 2027 1101 2091 in-

31 2136 172 2201 ductis
195 2180 202 2197 .
225 2181 233 2196 .
257 2180 264 2197 .
287 2131 373 2217 ipse
395 2133 484 2216 lege
506 2134 570 2217 agi
593 2134 754 2199 dixerat
776 2139 835 2199 eet.
873 2132 1103 2216 Quiprasidsc,

31 2241 106 2324 lege
128 2240 177 2323 egi
199 2239 296 2315 iubet,
319 2258 376 2304 uon
400 2239 484 2304 dicit.
525 2240 558 2304 ln
583 2238 737 2305 codicibus
759 2239 904 2304 scribitur
928 2239 1017 2321 lege
1039 2241 1103 2323 agi

31 2346 181 2411 ductus
205 2345 373 2410 dixerat.
429 2345 561 2412 Videtur
582 2346 724 2412 subesse:
755 2346 844 2429 lege
874 2345 938 2429 agi
960 2344 1106 2411 iusserat

32 2452 70 2518 et
91 2449 141 2517 ius
163 2450 333 2515 dixerat.
387 2450 505 2517 Saltem
538 2452 599 2517 ius
633 2451 792 2517 dixerut
825 2452 942 2516 certum
971 2451 1103 2526 videtur,

32 2555 129 2621 etiam
153 2556 191 2621 ob
214 2574 258 2634 ea,
281 2574 350 2638 quae
370 2557 576 2623 subiiciuutur
597 2557 635 2623 de
657 2557 734 2622 iuris
757 2557 890 2622 dictione
914 2557 954 2622 sd
971 2556 1102 2622 alterum

30 2662 211 2744 pertinenti.

136 2767 213 2833 lbid.
240 2769 257 2852 ἕ
280 2768 316 2830 3:
341 2769 612 2851 praelatique
633 2766 752 2833 illius
775 2766 879 2832 dicti
900 2768 1106 2833 immemor

30 2872 232 2952 Tulliani,
255 2892 327 2957 quo
349 2874 456 2940 teies
478 2873 997 2940 notandoitarelatumwet.
1021 2871 1104 2937 Seri-

33 2979 186 3045 bendum:
209 2980 293 3065 quod
315 2981 423 3047 tales
445 2980 620 3047 notando
643 2981 701 3044 ite
722 2980 893 3045 relatum
918 2982 1012 3054 (sti).
1102 2981 1104 2985 ’

137 3097 216 3163 lbid.
240 3100 270 3175 8,
296 3100 334 3161 13
357 3099 408 3176 (de
433 3101 495 3177 lo):
525 3101 695 3173 mutata,
717 3097 760 3162 ut
780 3101 906 3179 poeta
928 3096 1104 3178 loquun-

32 3207 116 3281 tur,
141 3203 178 3266 in
201 3206 336 3270 bovem
360 3205 404 3269 ad
427 3203 952 3286 mareloniumpermeuvit.
975 3201 1107 3267 (lodices

32 3308 172 3392 antiqui:
205 3309 429 3392 loquuntur
462 3311 501 3375 in
535 3329 700 3392 usquem
736 3308 783 3372 od
817 3328 930 3374 mare.
975 3307 1105 3372 Videtur

34 3413 147 3479 luisse:
170 3418 340 3491 mutata,
363 3418 406 3482 ut
427 3420 552 3499 poetae
574 3416 814 3498 loquuntur,
836 3417 875 3480 in
897 3431 1026 3482 racem
1049 3431 1104 3479 us·

34 3520 165 3605 quoad
189 3541 294 3587 mare
316 3521 470 3588 Ionium
494 3523 731 3605 permeavit.

139 3625 217 3690 lbid.
237 3629 283 3704 10,
301 3629 338 3692 5:
362 3629 531 3694 Inducta
555 3629 594 3692 in
617 3627 815 3693 iudicium
837 3627 988 3693 femina
1009 3645 1110 3710 qnae·

37 3731 124 3799 dam
140 3751 223 3798 cum
239 3735 761 3817 palatinumadversurium
780 3753 891 3799 suum
913 3752 930 3798 e
952 3751 1109 3798 numero

36 3838 313 3921 proiectorum
335 3841 511 3906 cinctum
533 3842 678 3924 prater
699 3858 805 3922 spem
824 3840 1110 3923 conspexisset

39 3947 99 4010 eet.
149 3944 367 4011 scribendum:
399 3965 599 4011 enumero
621 3947 850 4031 protectorum.
900 3944 1105 4011 Notissimum

36 4051 96 4117 hoc
141 4052 189 4116 est
234 4070 332 4136 genus
374 4051 495 4118 militia
537 4052 690 4134 palatium
749 4049 816 4131 [Sic
847 4050 998 4116 editiones
1035 4052 1110 4115 unte

36 4157 223 4236 valesium]

138 4263 217 4329 lbid.
243 4264 291 4343 14,
315 4263 351 4328 5:
374 4261 592 4329 clementia
613 4263 832 4346 principis,
860 4264 927 4346 qui
950 4266 992 4326 ut
1013 4281 1109 4345 pru·

38 4370 136 4435 dans
171 4370 371 4435 defininit
403 4371 659 4434 inimicorum
695 4369 872 4433 minuere
905 4387 1109 4434 numerum

38 4493 270 4559 augereque
302 4475 519 4541 amicorum
553 4481 696 4557 sponte
728 4493 798 4540 sue
827 4475 1040 4540 contendit
1066 4492 1111 4539 ee
