2626 5070
440 710 567 767 bosun
585 711 655 766 Bell.
674 710 733 767 Cir.
974 668 976 672 ἱ
1016 713 1075 778 271

153 909 221 974 Ibo.
256 907 315 972 31:
361 909 438 972 Aut
467 925 555 973 uero
578 908 678 991 quid
713 910 957 992 proficimus,
993 912 1027 977 si

63 1013 317 1079 discedimus?
372 1013 487 1080 Scrib:
525 1014 575 1078 at
606 1032 714 1079 voroz
760 1017 835 1080 Aut
870 1034 968 1100 neque
1000 1036 1056 1100 per
1086 1037 1120 1084 se

62 1123 158 1201 aptum
181 1121 232 1186 ost
253 1138 434 1203 nequeoum
457 1136 543 1184 uero
568 1118 666 1184 semel
676 1121 776 1202 posito
788 1122 833 1187 sie
844 1121 985 1206 coniungi
1009 1126 1131 1206 potest..

152 1225 223 1294 lbd.
246 1225 291 1305 34
317 1225 533 1292 scribendum:
581 1223 703 1290 Simul
735 1225 781 1290 ab
813 1225 973 1293 sinistro
1005 1247 1119 1295 corun

62 1330 91 1396 P.
109 1332 213 1397 Attii
236 1333 437 1415 equitatus
468 1330 591 1396 omnis
623 1331 754 1396 etune
784 1332 886 1398 leuis
919 1337 1119 1401 armatura

60 1437 256 1504 interiecti
290 1437 510 1519 complures
635 1437 894 1504 cernebantur
920 1448 953 1502 ct
981 1440 1027 1505 ad
1056 1460 1120 1508 eos

61 1541 301 1626 Ourio(vnlgo:
324 1541 589 1607 cernebantur.
621 1541 677 1606 Ad
699 1559 762 1607 eos
784 1542 1070 1627 conquiescam.
1085 1596 1113 1612 ..

5 1720 6 1723 Ἴ
61 1650 187 1715 mittit.
233 1647 376 1730 Alioquin
398 1645 515 1711 simul
536 1664 596 1712 non
619 1645 721 1725 habet,
744 1667 804 1732 qno
827 1649 988 1717 referatur.

150 1756 224 1821 Lib.
246 1754 307 1832 111,
326 1753 463 1818 4Caesar
483 1752 644 1834 scripsisse
666 1752 801 1820 videtur:
825 1773 869 1820 ex
890 1756 1016 1820 servis
1037 1757 1120 1822 suis

61 1861 354 1942 pastoribusque
375 1857 656 1942 amicorumque
676 1877 837 1925 suorum.

149 1965 220 2031 Ibd.
261 1963 317 2027 10:
372 1963 629 2031 Condiciones
664 1965 775 2048 pacis
907 1967 1036 2033 Romae
1073 1967 1121 2033 ab

1 2058 2 2068 ’
60 2071 190 2134 senatu
222 2071 259 2134 et
291 2070 475 2153 apopulo
497 2071 580 2153 peti
602 2071 747 2137 debere.
804 2071 961 2139 Interea
982 2075 1020 2138 et
1041 2074 1120 2139 rei-

59 2175 213 2256 publicae
240 2175 278 2239 et
298 2173 401 2258 ipsis
422 2175 580 2257 placere
602 2180 795 2259 oportere,
829 2178 862 2243 si
897 2181 1062 2262 uterque
1083 2179 1119 2244 in

59 2280 233 2345 contione
266 2280 403 2345 statim
434 2281 654 2350 iuravisset
686 2284 745 2351 cet.
803 2282 911 2367 Neque
943 2284 1120 2368 reipublicae

57 2384 171 2466 placere
194 2385 312 2469 aliquid
344 2387 428 2451 reete
451 2386 562 2453 dicitnr
584 2393 638 2453 aut
658 2388 752 2454 etiam
772 2389 892 2471 placere
920 2391 948 2457 ei
970 2392 1118 2473 oportere,

57 2508 149 2574 usqne
181 2492 329 2556 Latinum
363 2494 412 2557 est
441 2494 603 2576 placere
635 2496 828 2577 oportere,
863 2495 896 2560 si
1014 2495 1120 2559 inra-

55 2597 178 2663 risset
210 2616 266 2679 pro
300 2616 348 2672 eo,
381 2599 461 2681 quod
494 2602 542 2666 eet
577 2603 783 2685 utrumqne
809 2600 950 2665 iurare.
1001 2598 1120 2665 Vitium

54 2702 193 2793 latetin
225 2703 385 2770 interea.
429 2704 531 2769 Gaesar
577 2707 743 2789 scripserat
872 2705 1019 2771 dobere.
1074 2703 1122 2766 Iri

54 2808 238 2871 interesse
279 2809 503 2892 reipublice
540 2811 579 2874 et
611 2811 708 2893 ipsis
746 2813 900 2900 placore
932 2813 1118 2894 oportere.

54 2912 91 2978 Si
113 2916 280 2997 uterque
312 2914 350 2979 in
382 2915 837 3007 contione...iurafflvisset
866 2914 1119 3005 se...ereroi-

56 3020 130 3084 tom
159 3018 426 3095 dimissurum,
458 3021 652 3103 depositis
675 3024 794 3090 armis
823 3072 908 3102 ...‚
941 3038 1120 3086 necessa·

55 3123 107 3189 rio
128 3126 266 3208 populi
287 3128 524 3211 senatusque
546 3126 691 3192 indicio
713 3126 1013 3211 ioreutrnmque
1030 3144 1120 3190 eon·

55 3231 215 3297 tentum.

151 3335 219 3401 lbd.
255 3337 293 3398 ll
327 3337 394 3421 (ubl
429 3336 532 3422 agitur
562 3338 601 3404 do
623 3339 658 3403 L.
681 3337 826 3414 Vibullio,
860 3334 1005 3420 Pompeii
1037 3357 1117 3422 proe·

57 3438 183 3517 factm
206 3441 338 3524 Caesare,
361 3444 394 3509 in
417 3445 504 3510 euius
525 3445 712 3526 potestatem
741 3447 877 3522 venerut,
900 3463 970 3510 cum
992 3444 1120 3510 manda-

58 3550 94 3617 lis
116 3555 149 3618 et
171 3553 257 3636 pacis
279 3549 505 3617 condicionibus
518 3550 557 3615 nd
571 3551 754 3633 Pompeium
775 3553 901 3627 missot:
923 3550 1120 3615 Vibullius

58 3655 110 3724 bis
148 3657 343 3741 expositis
375 3655 550 3741 Corcyrae
587 3676 660 3722 non
692 3659 817 3724 minus
853 3655 1119 3724 necessarium

58 3779 137 3829 esse
167 3763 414 3830 existimauit
445 3763 489 3828 de
522 3763 735 3844 repentino
767 3763 934 3828 adventu
956 3760 1120 3827 Oaesaris

58 3868 278 3951 Pompeium
299 3869 400 3935 fieri
421 3869 645 3948 certiorem,
672 3871 732 3934 cet.
786 3870 856 3934 lnro
886 3868 1037 3934 mirantur
1064 3867 1119 3933 Vi·

57 3972 194 4048 bullium,
217 3993 284 4057 quae
312 3974 350 4040 ad
373 3975 565 4058 Pompeium,
599 3976 652 4059 qui
683 3977 716 4041 in
737 3974 893 4041 Candauia
921 3976 998 4054 erat,
1031 3994 1120 4040 man-

55 4079 126 4146 data
148 4081 288 4160 heberet,
309 4080 445 4166 Corcyra
467 4080 655 4164 exposuisse,
678 4079 965 4166 itaqneCorcyrae
986 4079 1119 4164 Nipper-

53 4186 138 4254 deius
161 4187 232 4254 tolli
254 4187 365 4264 voluit;
393 4188 448 4254 sed
469 4188 575 4252 manet
597 4185 749 4269 puerilem
771 4185 820 4250 eni
842 4176 979 4251 enimet
1000 4186 1119 4268 quando

52 4293 215 4379 exposuit?
271 4293 404 4360 Omnino
436 4293 619 4378 perridicule
651 4295 683 4360 et
715 4310 858 4376 perverse
891 4292 961 4376 post
989 4291 1118 4359 Caesaris

48 4401 198 4466 mandata
241 4399 344 4466 dantis
387 4400 559 4467 orationem
596 4400 739 4468 continuo
790 4399 928 4484 exposita
972 4398 1120 4463 mandata

47 4506 207 4581 dicuutur,
238 4509 308 4572 tum
340 4505 465 4572 demum
501 4506 540 4571 de
572 4505 682 4572 itinero
720 4506 761 4571 ad
795 4503 977 4589 Pompeium
999 4505 1116 4570 narrari
