2656 5056
245 667 257 680 ⁸
443 683 473 738 L.
494 684 599 737 Seneeae
617 648 756 752 dpistolrs.
983 688 984 691 ’
1029 679 1092 743 473

170 883 227 966 Ep.
253 883 302 955 29,
326 881 361 947 8:
407 881 511 946 Vitia
542 882 624 945 eins
658 881 813 946 etiamsi
846 900 918 946 nou
941 858 1140 969 excidero,

65 990 270 1064 inhibebo;
292 1006 361 1052 nou
384 987 582 1057 desinent,
605 987 638 1051 si
654 987 934 1052 'intermittent
977 989 1055 1053 Mire
1079 990 1136 1055 hoe

67 1097 277 1180 promittitur:
306 1113 381 1157 uon
414 1092 612 1166 desinent,
647 1092 733 1174 qussi
761 1093 921 1175 quisquam
944 1094 977 1158 id
998 1094 1134 1159 futurum

67 1205 161 1287 putet
182 1206 251 1278 eut,
290 1199 423 1271 nefist,
460 1199 580 1264 timent.
625 1198 840 1279 Seribsndum:
877 1202 911 1263 si
934 1218 1006 1264 non
1029 1202 1137 1266 desi·
1233 1226 1237 1234 ¹

66 1311 178 1382 nent,
214 1300 494 1371 intermittunt.
544 1303 604 1367 Cir.
638 1303 783 1368 correctio
804 1304 948 1376 adhibite
972 1309 1061 1388 epist.
1088 1311 1136 1384 15,

69 1414 111 1475 12
134 1413 191 1477 vol.
216 1413 230 1475 I
253 1432 281 1494 p.
305 1412 354 1474 51.
388 1409 484 1493 [Ante
499 1407 581 1473 Fiok.
595 1409 756 1472 edebatur:
779 1428 809 1472 u.
824 1409 863 1485 d,
886 1411 950 1475 sed
971 1413 1136 1498 interm]
1185 1450 1195 1465 ι

171 1517 227 1600 Ep.
249 1518 299 1587 31,
323 1517 358 1579 7:
404 1515 588 1579 Laborem
622 1514 656 1578 si
688 1531 756 1577 non
790 1533 970 1591 recuses,
1003 1537 1134 1600 parum

68 1625 145 1698 est;
178 1641 297 1705 posce.
355 1622 445 1701 Quis
487 1639 590 1703 ergo,
633 1619 782 1702 inquis,
824 1620 931 1687 labor
962 1624 1135 1690 frivolus

69 1733 112 1796 st
147 1746 404 1810 supervacuus
441 1729 521 1791 ost?
553 1744 672 1811 quem
695 1726 856 1792 humiles
885 1746 1011 1795 osusae
1044 1750 1136 1796 evo·

69 1838 271 1901 neverunt.
328 1833 406 1897 Non
430 1836 489 1897 est
510 1832 649 1907 melus,
681 1849 751 1894 uon
775 1832 896 1913 magis
919 1853 1026 1915 qnam
1048 1835 1136 1912 ille,

69 1941 144 2025 qui'
163 1939 338 2023 pulchris
371 1940 484 2003 rebus
516 1938 759 2018 impenditur.
804 1939 892 2013 Mire,
916 1941 966 2021 qui
989 1941 1028 2004 sd
1049 1940 1135 2004 labo·

67 2065 138 2112 rem
160 2047 318 2119 excitetur,
340 2045 458 2127 quaerit,
481 2044 548 2125 quis
571 2045 696 2108 humilis
717 2044 802 2109 labor
824 2045 875 2119 sit,
899 2045 985 2126 qussi
1003 2046 1042 2109 sd
1059 2064 1136 2110 eum

69 2154 184 2236 preter
216 2152 334 2215 ceteros
368 2149 525 2213 excitatus.
570 2149 664 2213 Sorib.
714 2148 811 2227 Quid
845 2168 949 2232 ergo,
989 2150 1136 2233 inquis,

69 2263 105 2323 ei
135 2259 245 2324 labor
267 2255 439 2345 triveles
467 2259 506 2319 et
529 2274 677 2337 snperv.
711 2259 785 2331 est,
822 2274 928 2338 quem
966 2257 1133 2321 humiles

70 2384 191 2431 ceusae
207 2363 489 2427 evocaverunt?
537 2362 873 2444 diffugium-‚queritun
897 2362 951 2426 sed
965 2362 1135 2427 occluditur

70 2488 234 2552 responso:
274 2466 353 2532 Non
377 2470 437 2531 est
460 2467 580 2531 melus
603 2468 695 2545 oet.¹)
746 2468 805 2532 Sed
828 2469 921 2532 etiem
944 2469 1046 2541 iniis,
1068 2485 1135 2550 ques

70 2575 236 2651 adduntur,
259 2575 294 2637 ut
315 2572 502 2646 ostendetur,
538 2591 596 2636 non
626 2574 742 2637 maium
766 2592 833 2638 esse
868 2573 955 2638 illurn
982 2574 1135 2638 laborem:

54 2701 143 2745 -uon
166 2680 304 2763 magis,
328 2697 435 2761 quern
458 2677 541 2751 iile,
575 2680 636 2762 qui
662 2699 691 2760 p.
713 2700 736 2742 r.
762 2680 1023 2761 impenditur,
1047 2698 1134 2762 qun·

67 2788 171 2851 niem
193 2784 310 2848 enimi
348 2788 410 2848 est
431 2785 514 2866 ipse
541 2784 788 2860 tolerantia,
806 2805 883 2868 quae
915 2804 952 2850 se
974 2785 1019 2848 ed
1042 2785 1137 2850 durs

68 2894 108 2957 et
141 2908 280 2973 aspere
310 2889 489 2955 hortetur
511 2896 588 2979 eet,
627 2892 769 2974 mondum
794 2896 849 2957 est.
894 2892 975 2955 Nem
1000 2892 1133 2957 toleren-

67 2998 147 3062 tism
170 3015 238 3061 esse
259 2997 355 3060 enimi
377 3003 451 3072 (uon
474 2996 631 3079 eorporis),
655 2997 731 3061 nibil
753 2997 826 3062 sene
847 3016 922 3081 opus
945 3001 1011 3061 eret
1034 2997 1134 3062 dicere

68 3122 126 3168 nee
147 3103 179 3167 id
201 3103 297 3167 ullsm
321 3103 415 3167 habet
435 3103 609 3186 argumenti
631 3102 711 3178 vim;
744 3122 780 3168 ee
802 3106 961 3177 nascetur,
992 3104 1017 3168 si
1040 3104 1136 3186 scrip-

69 3209 221 3275 serimus:
258 3209 438 3290 quoniem
471 3209 602 3292 mcpni
630 3209 746 3273 enimi
769 3214 827 3274 est
849 3210 933 3292 ipse
953 3210 1135 3273 tolerun-

68 3317 130 3381 tia
152 3316 210 3379 eet
268 3314 366 3394 Quem
390 3314 479 3379 ieeile
502 3317 627 3399 megni'
657 3316 737 3379 inter
764 3338 795 3376 m
825 3319 857 3380 et
891 3316 944 3376 cni
976 3313 1131 3391 exciderit,

68 3424 164 3505 petet.
198 3420 261 3485 Sub
282 3420 376 3484 finem
398 3420 487 3487 huius
509 3422 691 3504 epistole&
716 3423 769 3500 ll)
790 3422 933 3487 scribitur
955 3437 1065 3484 nunce
1089 3420 1129 3483 P:

71 3527 322 3608 Quaerendum
344 3530 418 3600 est,
441 3528 539 3609 qnod
561 3548 632 3592 uon
658 3527 730 3592 fiet
751 3527 786 3591 in
809 3528 889 3592 dies
911 3527 1037 3609 peius,
1062 3543 1135 3608 quo

70 3632 115 3714 (id
138 3636 200 3708 est,
223 3635 258 3697 ut
285 3632 400 3709 editur,
422 3634 494 3711 cui)
526 3654 595 3699 non
631 3634 757 3718 possit
788 3634 945 3701 obstari.
991 3631 1068 3695 Inde
1090 3632 1135 3696 eb

71 3837 270 3847 ----..-
334 3840 335 3844 ,

140 3983 279 4051 homines,
314 4003 371 4056 qun
408 3989 510 4058 optime
545 3988 652 4054 norint,
689 3987 722 4041 nd
752 3992 858 4060 tempus
888 4006 941 4045 non
972 3986 1133 4042 meminisse.

139 4076 178 4129 nt
195 4076 222 4131 h.
242 4076 261 4130 l.
288 4078 391 4134 ridetur
418 4080 496 4134 horno
515 4081 713 4136 indoctissimus
742 4083 775 4138 ob
794 4080 976 4152 ignoruntium
994 4079 1132 4134 nominum

140 4168 223 4239 vulgo
241 4173 366 4225 notorum
385 4171 554 4228 obliviscens.

96 4283 118 4350 ¹)
137 4289 153 4350 s
171 4288 189 4341 5
206 4288 255 4339 ent
281 4285 386 4342 insule
414 4287 480 4343 illo
505 4288 574 4342 lutet
591 4291 791 4344 substantivum
819 4293 868 4345 sut
895 4289 925 4343 in
949 4288 1072 4344 omnibns
1090 4287 1134 4340 his

136 4377 240 4432 litteris
259 4379 455 4435 illevetere.
