2648 5084
141 336 148 345 ἢ
214 254 326 375 '⁴062-
498 270 500 273 ’
554 252 882 371 'humenis

313 505 378 570 Lib.
400 501 515 574 XXIV,
547 499 576 575 6,
610 500 645 564 6:
689 500 891 582 Templum
921 504 1065 567 eutem
1090 505 1274 588 Apollinis

210 611 379 695 Delphis
415 609 583 693 positum
617 611 677 673 est
706 609 747 672 iu
769 609 895 677 monte
916 606 1118 674 Parnasso
1142 612 1180 675 in
1200 631 1274 693 rupe

139 730 149 743 ·
184 718 383 801 ,undique
435 714 701 797 impendente.
765 712 829 778 oui*
867 731 961 795 rupes
1006 714 1213 797 impendebat
1250 721 1275 780 et

212 823 346 907 undique
368 822 586 906 impendebat?
629 821 767 886 Debebut
796 839 863 885 esse
885 819 1276 906 undiquepraeruptc

212 934 252 997 et
272 930 429 996 absciso
462 928 537 1004 (etsi
567 927 598 992 id
630 946 739 1010 reapse
771 945 876 992 rerum
909 944 969 989 uon
1009 932 1088 1004 est).
1133 929 1274 1014 &ripun

93 1020 97 1031 ’
211 1038 326 1102 fueret:
348 1036 384 1099 iu
404 1054 450 1125 ω.
473 1034 685 1107 Parnasso,
720 1052 815 1115 rupe
835 1031 1009 1115 undique
1031 1033 1274 1117 impendente

213 1145 271 1220 (ite
291 1147 327 1208 ut
348 1160 437 1224 rupes
459 1140 594 1222 undique
615 1120 791 1222 impendeat
812 1139 949 1219 templo).
971 1157 973 1161 ·
1002 1138 1108 1205 Penio
1122 1144 1202 1224 post
1221 1139 1276 1226 §9

211 1248 292 1333 quod
315 1247 437 1330 Ieepius
458 1265 476 1310 e
496 1245 636 1310 codicum
658 1244 820 1310 meliorum
843 1245 996 1328 scripture
1031 1246 1089 1321 (ri
1123 1247 1274 1330 quedem

212 1356 443 1430 uelamento)
475 1351 592 1416 effecit:
623 1352 790 1435 spiritus
813 1355 844 1432 (e
875 1351 1029 1422 foramine
1067 1355 1276 1427 euhemero)

212 1462 247 1528 ri
274 1462 434 1544 quedem
477 1459 584 1523 velut
617 1459 772 1523 amento
808 1457 849 1522 in
882 1457 1048 1522 sublime
1085 1458 1274 1540 expulsus.

156 1639 159 1646 ,
213 1587 336 1651 prorsus
369 1564 501 1630 absurde
532 1565 562 1628 in
592 1564 649 1628 hec
670 1583 702 1627 re
723 1565 838 1628 ementi
870 1563 952 1640 (lori)
974 1563 1083 1645 imago
1119 1568 1178 1628 est.
1222 1566 1277 1627 Aut

212 1693 284 1738 rere
314 1675 362 1737 est
383 1672 568 1736 deteriorum
602 1670 753 1752 scripture
794 1669 904 1734 velut
926 1673 1061 1742 rento,
1094 1674 1153 1734 eut
1184 1670 1275 1753 potius

115 1850 117 1854 ,
211 1779 320 1843 subest
341 1777 449 1841 velut
473 1787 656 1839 tormento
679 1777 1003 1852 (velutormento).

310 1883 376 1948 Ibd.
398 1883 429 1960 8,
450 1880 485 1947 3:
529 1884 570 1947 In
592 1882 662 1948 hoo
683 1882 854 1964 partium
877 1881 1099 1946 certamine
1123 1884 1276 1963 repente

171 1981 173 1986 ’
210 1991 484 2055 universorum
530 1988 767 2070 templorum
806 1986 1039 2064 antistites,
1086 1989 1208 2054 simul
1245 1991 1277 2050 et

209 2096 423 2179 ipseretes
457 2094 608 2176 sporsis
644 2092 822 2158 crisibus
859 2110 941 2157 cum
968 2092 1274 2177 insignibunt*

209 2221 280 2286 que
313 2201 452 2267 infulis
488 2200 903 2283 peridirccordesque
1034 2205 1274 2280 procurrunt

209 2309 335 2375 Frustra
357 2328 393 2374 ex
413 2306 563 2373 Herodoti
587 2305 674 2376 VIII,
698 2305 923 2370 succensetur
948 2296 968 2368 o‘
991 2301 1195 2389 προφήιης,
1230 2305 1275 2389 qui

209 2415 351 2481 inferiore
382 2417 474 2480 etste
498 2431 649 2495 uusquem
672 2415 928 2477 commemoretur
960 2430 1059 2494 neque
1082 2432 1180 2497 snpra
1202 2414 1274 2497 epod

210 2519 364 2587 Iustinum
406 2519 599 2603 significatus
648 2523 704 2584 est.
772 2516 986 2583 Scribeudum:
1046 2520 1274 2591 antistites,

209 2630 325 2694 simul
349 2627 498 2709 etipse
521 2629 633 2691 vet-es
738 2622 888 2698 intulis,
920 2621 1053 2706 pevidi
1075 2629 1272 2693 vecordes·

208 2755 287 2821 qne.
332 2731 463 2798 Eosdem
486 2730 641 2813 significet
664 2730 814 2804 Iustinus,
846 2749 920 2814 ques
943 2748 969 2795 o.
994 2729 1030 2801 6,
1064 2731 1087 2794 9
1118 2741 1273 2811 (mentes

208 2841 368 2915 retum),
400 2835 476 2901 dues
511 2836 654 2920 Pythias,
689 2840 723 2902 ut
753 2837 933 2902 Plutarchus
964 2836 1001 2900 de
1032 2837 1096 2903 det
1134 2860 1214 2906 orec.
1246 2840 1272 2914 9,

121 2936 123 2940 ’
207 2949 261 3010 eut
281 2944 394 3026 plures.
438 2942 503 3026 [Sic
526 2943 647 3008 Medius
672 2962 688 3008 e
710 2942 799 3008 oodd.
824 2941 1051 3027 I'uldeusibus.]

308 3048 367 3125 (De
391 3047 540 3127 XXVIII,
562 3049 592 3125 3,
617 3051 651 3110 ll
678 3049 794 3113 dictum
818 3053 865 3112 est
887 3048 944 3112 vol.
969 3048 1036 3141 I‘p.
1060 3048 1128 3126 64.)

306 3154 372 3219 Lib.
409 3154 503 3234 XXX,
541 3160 568 3234 l,
605 3156 641 3219 8:
677 3157 797 3240 etque
832 3155 887 3220 its
922 3153 1142 3234 (Ptolomeus)
1179 3154 1266 3222 omui

206 3260 478 3345 maguitudino
529 3261 699 3328 nominis
764 3281 806 3326 eo
856 3260 1079 3326 maiestatis
1131 3265 1264 3329 oblitus

206 3369 337 3432 noctes
372 3367 412 3429 iu
448 3368 608 3451 stupris,
645 3368 726 3432 dies
762 3368 798 3431 in
835 3366 1026 3431 conviriIs
1068 3370 1263 3435 consumit

205 3474 271 3538 Hoc
292 3490 330 3537 ne
353 3473 472 3556 IespIus
494 3472 616 3555 quIdem
640 3475 704 3538 sine
728 3472 834 3537 mendi
857 3475 928 3537 uota
949 3475 1138 3540 transmisit.
1195 3475 1262 3539 Suo

121 3610 123 3613 ·
204 3583 266 3644 est:
289 3581 402 3661 etque
422 3578 478 3642 ite
499 3578 618 3640 animi
637 3578 884 3642 mollitudine
905 3580 1074 3644 nominis
1097 3600 1141 3654 sc
1165 3580 1261 3646 meie-

130 3766 134 3774 .
203 3683 503 3750 stetisoblitus.
547 3685 685 3764 (Initium
711 3683 1133 3763 mendifuititenimi.)¹)

201 3891 398 3900 M

219 4035 241 4098 ¹)
269 4036 368 4104 XXXI,
387 4044 412 4105 6,
430 4040 771 4110 ticonicoturescripserem
791 4042 1026 4094 adsentantium
1049 4042 1257 4100 eduletioui·

271 4127 350 4195 bus,
369 4131 467 4184 Inscius
485 4132 512 4186 id
533 4139 562 4186 et
579 4133 726 4204 Bongersio
745 4140 774 4187 et
790 4133 854 4188 eltis
871 4133 1010 4203 placuisse.
