2656 5056
258 312 320 375 m
616 306 909 378 mmmm

214 510 264 585 iis,
295 525 363 591 quae
396 507 428 569 in
458 504 653 588 interpolatis
689 504 846 569 codicibus
885 505 1031 587 leguntur
1061 509 1120 571 aut
1151 507 1192 571 ab
1218 506 1274 570 aliis

215 616 338 681 teumta
372 615 461 676 suut:
504 611 609 691 Quod
642 610 787 694 quaeris
815 631 833 674 a
861 630 937 685 me,
972 611 1163 694 liquebat
1194 613 1275 677 mibi
1321 704 1322 708 Ἰ

214 722 316 782 scire
342 728 449 780 meet
475 716 745 799 diccrcpoaac
776 720 1097 800 (peracpoaastk
1135 719 1276 784 seddiu
1324 767 1325 780 r

214 829 273 891 cet
314 824 462 889 Eiusdem
489 824 627 906 epistolae
657 823 719 902 §5
746 821 794 899 (6)
823 821 906 903 quod
938 823 1101 888 scribitur:
1131 825 1276 906 Aliquo,

213 932 380 1013 inquam,
401 927 645 993 incommodo
666 927 840 991 afflatur
869 928 1063 992 maximus
1091 930 1145 1003 ia;
1182 927 1276 994 illud

80 1069 85 1081 ·
213 1037 348 1099 bouum
380 1038 440 1099 est
471 1034 605 1108 lixum,
642 1035 711 1105 cet,
745 1051 852 1097 verum
875 1051 944 1097 esse
967 1051 1027 1097 uon
1050 1039 1173 1116 potest;
1214 1053 1275 1099 nan

214 1158 313 1223 neque
346 1141 471 1204 maximi
505 1137 710 1220 appellatione
749 1155 883 1220 unquam
922 1138 1037 1202 Seneca
1075 1141 1108 1204 iu
1146 1141 1276 1223 sapiente

212 1248 319 1321 utitur,
348 1248 383 1309 ut
402 1246 544 1309 omittam
565 1245 599 1308 is
622 1263 788 1327 pronomen
811 1245 891 1308 mire
912 1246 1087 1309 extremum
1109 1245 1274 1318 adhaerens,

211 1354 343 1428 (rectum
365 1352 448 1413 esset
467 1350 564 1426 ille),
597 1370 653 1414 uec
685 1349 787 1414 illud
814 1350 950 1414 bonnm
973 1350 1055 1414 unde
1078 1352 1154 1434 poni
1173 1356 1275 1435 potest,

212 1458 355 1541 quoniam
379 1454 497 1518 nullum
519 1474 613 1519 unum
635 1458 717 1521 inter
735 1460 839 1521 cetera
855 1456 1065 1538 significatum
1090 1460 1157 1532 est;
1178 1460 1275 1540 itaque

211 1563 251 1628 ad
273 1560 760 1626 senteutiamrectecod.l'al.4:
782 1562 987 1627 maximum
1008 1562 1112 1627 illud
1134 1564 1275 1637 bouum,

211 1668 267 1732 sed
298 1668 353 1731 rix'
378 1667 451 1730 inde
481 1666 553 1730 oriri
582 1668 698 1748 potuit,
730 1669 809 1750 quod
837 1669 869 1732 iu
894 1669 1005 1733 ceteris
1028 1669 1187 1736 codicibus
1218 1676 1274 1743 eat;

209 1774 313 1854 itaquo
342 1775 477 1856 suspicor
509 1775 555 1838 sic
584 1776 733 1856 scriptum
765 1773 877 1838 fuisse:
922 1775 1082 1857 Aliquo,
1109 1778 1275 1860 inquam,

209 1878 279 1941 inc.
297 1878 474 1955 afflatum
497 1880 661 1941 maximi
679 1879 888 1944 osasillud
908 1882 1046 1945 bonum
1070 1887 1130 1947 est
1151 1883 1272 1947 fixum.

308 1985 365 2067 Ep.
395 1984 445 2058 73,
478 1984 514 2046 3:
568 1984 647 2048 Nec
679 1985 840 2049 ambitio
875 1988 1025 2049 tautum
1062 1988 1273 2052 instabilis

209 2090 283 2160 est,
316 2109 450 2155 verum
476 2090 680 2172 cupiditas
712 2091 853 2163 omnis,
887 2092 974 2173 quia
1010 2093 1154 2175 incipit
1175 2113 1273 2158 sem·

208 2212 274 2277 per
295 2195 420 2260 asine.
442 2197 627 2270 Videndum,
650 2197 792 2261 nesoribi
808 2198 919 2262 debeat
940 2197 1206 2262 tuentiobilis.
1229 2199 1272 2262 De

210 2319 246 2364 eo
269 2301 350 2365 enim
375 2306 405 2365 et
427 2304 457 2367 iu
480 2303 685 2385 superioribus
707 2303 819 2386 agitur,
855 2322 915 2367 non
937 2304 976 2368 de
998 2302 1166 2367 ambitione
1190 2306 1273 2386 cupi·

209 2404 395 2473 ditatibusve
426 2427 506 2472 nunc
532 2409 607 2485 huc,
631 2428 711 2473 nunc
740 2410 814 2473 illuc
847 2429 879 2473 ae
901 2409 1163 2483 convertentibus,
1189 2415 1221 2474 et
1242 2430 1274 2475 eo

207 2512 361 2594 pertinere
393 2514 515 2578 videtur
543 2534 635 2579 causa
657 2517 788 2581 adiecta.
843 2515 924 2581 Nam
947 2535 966 2580 a
986 2515 1047 2579 fine
1070 2502 1125 2591 (de
1145 2517 1274 2600 integro)

206 2619 341 2701 incipere
363 2639 420 2684 non
442 2621 594 2685 instabilis
615 2622 746 2686 hominis
771 2624 829 2698 est,
852 2620 906 2686 sed
928 2640 989 2685 nou
1012 2622 1167 2687 exsatiati.

310 2727 362 2808 llp.
387 2726 437 2802 74,
470 2725 544 2789 252.
571 2726 654 2791 Non
687 2728 786 2793 facit
818 2728 991 2793 allectio
1023 2727 1144 2792 amici
1168 2730 1272 2810 sapi·

206 2833 407 2904 ontionem,
431 2851 500 2897 non
523 2832 625 2897 iacit
646 2834 880 2898 stultiorem
902 2832 1109 2897 detractio.
1160 2833 1271 2898 Mirum

205 2941 263 3017 est,
286 2938 445 3015 Haasium,
479 2958 549 3003 cum
572 2939 702 3022 vestigia
724 2939 836 3003 codicis
864 2940 889 3002 P
923 2938 1098 3014 (allecto)
1122 2943 1155 3003 et
1176 2940 1270 3005 Italos

205 3044 394 3123 (allectio)
424 3047 612 3127 sequeretur,
646 3062 705 3108 uon
729 3043 852 3116 uidisse,
881 3045 1064 3109 detractioni
1086 3048 1269 3110 contrariam

204 3168 272 3215 esse
294 3150 563 3213 adiectionem.
595 3151 683 3233 (Arg.
708 3149 742 3213 b:
765 3150 936 3215 abiectio
958 3136 1139 3216 animum.
1175 3152 1269 3236 Supe-

203 3256 306 3333 riores,
339 3256 431 3319 etiam
455 3253 627 3328 Fickertus
650 3254 865 3337 interpolatam
892 3256 1076 3338 scripturam
1099 3257 1269 3324 habebant:

202 3360 385 3425 collectio
408 3361 675 3437 amicorum)

201 3583 399 3595 „na—..d

220 3740 241 3808 ¹)
269 3746 284 3806 i
315 3743 332 3796 9
358 3757 390 3796 ex
424 3739 547 3808 vestigiis
574 3738 615 3794 Ab
643 3743 671 3792 ct
701 3738 799 3793 codicis
831 3737 956 3808 Opsopoei
988 3739 1270 3812 (invidentesque

270 3833 358 3889 alios
389 3849 459 3903 spes
487 3849 571 3887 runa
601 3832 744 3896 delusit)
772 3834 843 3885 recte
876 3831 996 3902 Lipsius*
1012 3833 1133 3889 effecisse
1163 3837 1271 3892 ridetur

269 3925 497 3995 invidentque
520 3925 596 3990 alii,
618 3942 699 3994 quos
728 3941 775 3995 sp.
802 3942 826 3979 v.
855 3925 889 3986 d..
909 3926 1052 3994 minusque
1072 3927 1169 3995 placet,
1200 3929 1272 3998 quod

269 4014 407 4085 Hauptius
425 4017 468 4079 11,
503 4020 535 4073 14
562 4033 577 4072 e
595 4018 772 4074 deterioribus
791 4016 915 4073 tentavit.
966 4022 982 4081 s
1002 4021 1035 4074 16
1054 4019 1151 4074 debuit
1172 4021 1273 4077 Seneca
