2580 5054
449 712 613 768 Herodotus.
985 713 1023 774 21

43 909 139 975 fidem
159 910 287 991 habeus,
310 910 364 976 sed
387 910 426 1011 do
448 911 634 976 obscuritate
652 929 766 985 eorum,
782 929 851 994 quae
865 912 965 976 mater
980 909 1068 987 uixit,

28 1016 144 1082 teritur.
188 1015 389 1082 Scribendum
412 1015 551 1081 ridetur:

96 1125 215 1210 λέγεις,
236 1125 343 1210 λέγεις
363 1147 425 1206 μοι
449 1115 595 1189 σκολιά
619 1115 682 1189 κού
703 1121 796 1209 σαφῆ
818 1115 909 1187 τάδε.

148 1266 227 1329 1601
250 1284 334 1349 sqq.:

96 1374 160 1437 νῦν
182 1363 247 1438 οὖν
269 1365 393 1452 σιώπα,
415 1383 498 1444 παῖς
520 1363 570 1436 ὅδ’
593 1364 637 1444 οἷς
659 1377 788 1455 πέφυκε
812 1363 882 1444 σός,

96 1471 141 1542 ἵν’
162 1472 184 1562 ἡ
208 1474 346 1561 δόκησις
368 1473 513 1549 Ξοῦθον
533 1471 638 1561 ἡδέως
661 1485 731 1564 ἔχῃ,

98 1579 139 1651 οὐ
160 1576 236 1650 τάὖ
257 1580 299 1651 ια’
324 1585 453 1668 σαυτῆς
476 1576 582 1670 ἀγάθ’
606 1577 712 1670 ε”χονσ’
728 1587 810 1670 εἴης,
833 1575 944 1667 γύναι.

28 1710 55 1757 το
77 1693 213 1775 optativo
236 1711 328 1774 provo
349 1694 420 1776 εἴης
436 1709 516 1756 uuno
531 1710 547 1755 e
562 1690 758 1756 Wakefieldii
775 1690 950 1756 coniectura
966 1688 1067 1753 editur

28 1822 59 1870 s·
105 1798 218 1864 Verum
241 1817 300 1863 non
323 1799 425 1882 agitur
454 1797 491 1860 de
514 1796 636 1861 Creusae
660 1795 789 1877 Delphis
814 1795 951 1860 Athenas
976 1791 1065 1858 rede·

28 1905 80 1972 rtis
102 1907 196 1969 animi
219 1907 313 1982 statu,
336 1904 388 1968 sed
412 1902 450 1967 de
473 1907 621 1986 perpetuo
649 1901 744 1966 futuri
771 1903 917 1982 temporis
938 1900 1066 1976 habitu;

28 2012 109 2077 tiudo
125 2011 292 2094 requiritur
303 2007 430 2092 aliquid,
443 2008 522 2092 quod
536 2007 723 2073 contrarium
734 2008 776 2072 sit
787 2008 905 2071 nomini
920 1999 1066 2090 δόκησις.

28 2117 197 2204 :ribendum
222 2119 270 2182 est
292 2134 353 2180 una
374 2114 481 2179 littera
503 2114 624 2179 addita:

98 2219 141 2288 σύ
162 2214 238 2289 σἀὗ
259 2218 300 2287 σοὶ
326 2221 452 2304 σαυτῆς
474 2213 580 2307 α’νιίθ’
603 2214 709 2307 ἕχονσ’
731 2219 862 2308 εἰδῇς,
885 2211 997 2307 γύναι.

28 2342 94 2408 uthi
117 2341 235 2406 laetitiae
256 2343 287 2405 iu
312 2341 389 2404 falsa
411 2339 552 2423 opinione
575 2341 651 2404 uirae
674 2338 826 2404 contraria
845 2339 970 2420 ponitur
985 2340 1069 2403 certa

28 2467 122 2514 :eusae
145 2466 208 2513 suae
231 2445 390 2512 felicitatis
412 2445 553 2512 scientia.

454 2731 539 2812 Cap.
563 2730 608 2793 ll.

434 2849 600 2905 Herodotus.
609 2849 635 2912 *t

100 3000 248 3066 Herodoti
282 3020 381 3084 opus„
403 3001 484 3085 quod
517 3006 595 3077 tum,
633 3019 704 3066 cum
736 2997 922 3064 Adversaria
954 3000 1068 3065 (tritico

28 3108 135 3179 lebam,
158 3106 266 3172 multis
288 3109 376 3173 anuis
399 3107 543 3173 contiuua
565 3125 658 3191 opera
680 3124 738 3170 nou
759 3106 903 3189 legeram,
921 3106 1067 3189 proximis

28 3214 86 3278 ruis
119 3232 263 3279 converso
295 3215 333 3279 ad
367 3212 573 3297 antiquiorem
608 3213 734 3279 Graeoiae
769 3212 930 3278 historiam
963 3213 1067 3278 auimo

28 3320 135 3385 udioso
158 3322 344 3402 pertractavi
366 3323 398 3387 et
420 3323 487 3386 tum
511 3339 557 3404 ea,
572 3339 640 3403 queo
656 3319 708 3385 hio
723 3318 895 3399 subiiciam
910 3319 1068 3385 annotari.

28 3426 123 3491 titium
148 3428 251 3490 autom
281 3426 391 3492 faciam
419 3428 458 3492 ab
487 3427 638 3493 eiusmodi
665 3428 730 3493 loco
753 3427 792 3504 (Ι,
816 3426 871 3489 27:
902 3417 1067 3513 νησιώτας

28 3558 33 3595 ε
55 3533 89 3597 τί
111 3531 237 3605 δοκέεις
259 3529 421 3619 εὔχεσθαι
441 3530 524 3599 ἄλλο
539 3528 575 3616 ἦ,
592 3534 666 3599 ἐπεί
682 3559 718 3599 σε
735 3527 873 3619 τάχιοτα
889 3525 1067 3601 ἐπύθοντό

50 3800 76 3861 *ι
96 3803 163 3854 Cum
190 3802 219 3855 in
241 3801 357 3870 legendo
383 3801 520 3857 Herodoto
545 3808 638 3857 uterer
664 3811 784 3872 utroque
809 3804 904 3858 Steiuii
932 3805 1067 3874 exemplo,

98 3909 152 3947 uon
170 3910 259 3964 pauca
278 3894 426 3959 emendavi,
442 3910 503 3963 quae
515 3902 614 3966 postea
626 3895 680 3950 vidi
694 3912 711 3950 u
723 3896 933 3964 Veterensem,
942 3897 1065 3960 Reiskio‚

99 3985 233 4055 liudgero,
259 3986 321 4041 eliis
350 3996 498 4058 occupeta3
527 3989 582 4045 alia
609 3990 675 4044 mihi
699 3991 879 4060 praeripuerat
905 3991 971 4046 civis
989 4006 1067 4045 meus

98 4078 236 4146 Pingelius
250 4080 390 4149 partimin
408 4081 500 4134 libello
517 4083 690 4148 scholastico,
707 4082 753 4149 qui
766 4082 937 4137 inscribitur:
960 4085 1066 4137 Krimlre

96 4168 293 4238 trramaercnnqer
320 4175 349 4224 c't
373 4174 494 4225 Herodots
528 4174 581 4241 Me,
612 4174 659 4226 ode
686 4193 716 4241 oy
744 4174 792 4225 9de
810 4176 877 4242 Βοφ,
905 4175 1021 4230 Hauniae
1040 4192 1066 4231 a.

100 4264 168 4319 rata
187 4265 269 4329 edito,
289 4282 368 4334 quem
387 4266 536 4335 philologis
555 4266 657 4320 exteris
676 4267 844 4333 commendo,
858 4269 956 4338 partim
976 4269 1003 4322 iu
1022 4269 1066 4336 iis,

99 4373 160 4424 qnae
172 4418 174 4422 ,
187 4358 315 4426 privatim
343 4374 403 4412 curn
427 4359 556 4427 Siesbyeo
576 4361 790 4428 communicavit,
809 4360 883 4415 velut
902 4360 935 4415 de
954 4362 972 4417 l.
990 4362 1013 4430 1,
1030 4363 1070 4417 66

97 4447 210 4522 (ὀλίγῳ
229 4466 279 4520 pro
298 4448 411 4519 didymo)
439 4458 467 4505 et
492 4452 545 4506 105
571 4451 629 4518 (acri
648 4448 719 4521 ὁρᾶν
737 4453 882 4520 πάρεστι
901 4460 974 4519 τοῖς
993 4451 1068 4509 oim-

98 4541 321 4612 κνεσμένοις).
