2678 5016
260 267 319 331 138
614 265 678 321 Lib,
688 265 737 322 VI.
749 263 816 335 Cap.
827 266 880 321 111.

205 467 389 535 coniuncta.
444 454 577 528 Primus
611 462 708 527 Aedos
744 482 805 529 non
841 463 908 528 sino
944 482 1037 532 causa
1080 467 1284 551 Peerlkampo

216 573 315 638 mirus
338 573 423 637 viem
446 573 503 637 est.
524 576 541 650 )

316 678 384 746 lbd.
405 676 478 755 449,
500 674 576 740 450:
659 664 661 668 ’

503 782 600 847 cltum
621 780 735 867 strictis
757 780 837 845 alius
858 780 896 845 de
918 781 1058 847 cautibus
1078 781 1182 867 ignem

398 886 534 954 ostendit
558 885 638 951 foliis
660 889 692 952 et
713 885 828 950 sulfure
846 887 946 969 poscit
968 888 1079 958 amico.

300 994 386 1059 ·Non
408 992 628 1059 ostendebatur
660 992 741 1077 ignis
776 991 868 1069 foliis,
901 995 936 1055 ut
964 1010 1035 1057 enm
1056 993 1111 1058 illa
1132 993 1284 1066 viderent,

219 1117 318 1182 neque
338 1098 512 1164 hominibus
543 1098 684 1164 foliorum
706 1116 787 1180 ope;w
820 1096 943 1170 sedat
970 1099 1093 1174 sulfure,
1134 1099 1181 1164 ita
1202 1099 1284 1164 foliis

214 1203 312 1270 aridis
334 1224 426 1288 supra
447 1205 565 1270 iniectis
587 1203 821 1270 obstemsbatur
842 1204 874 1265 ot
894 1201 1044 1279 alebatur,
1065 1203 1121 1269 hoc
1144 1205 1207 1270 est:

617 1307 734 1373 strictis
751 1308 830 1373 alius
853 1306 891 1373 de
912 1308 1053 1374 cautibus
1074 1309 1180 1393 ignem

419 1415 551 1479 obtendit
574 1413 663 1479 foliis.

317 1522 383 1587 Ibd.
404 1522 476 1598 642,
512 1520 573 1582 643
596 1519 721 1604 Cyzicus
753 1538 807 1585 rex
833 1519 965 1587 eandem
996 1518 1058 1585 iere
1081 1522 1283 1592 sententiam,

214 1645 285 1709 quae
316 1630 364 1692 est
395 1628 476 1711 apud
498 1626 666 1710 Vergilium
694 1627 726 1689 in
754 1625 817 1690 his:
851 1623 918 1687 Nec
946 1636 1010 1687 tum
1039 1647 1161 1688 annaeus
1190 1647 1282 1711 equos

224 1731 253 1793 Τ
245 1735 317 1816 prta
336 1732 382 1795 sol
403 1734 502 1817 inopis
523 1733 562 1795 ab
583 1732 666 1806 urbo,
688 1730 733 1794 sic
756 1730 913 1813 exprimit:
1104 1795 1106 1798 ,

317 1836 385 1902 Non
407 1842 512 1904 tamen
534 1839 599 1902 haec
619 1837 695 1902 adeo
717 1836 835 1900 semota
857 1853 954 1918 neque
975 1836 1071 1900 ardua
1092 1835 1187 1902 tellus

317 1942 469 2028 longaque
489 1944 552 2008 iam
574 1942 694 2026 populis
716 1940 853 2024 inpervia
872 1940 949 2005 lucis
970 1940 1052 2006 uoae.

219 2046 279 2112 Pro
301 2046 393 2134 tonqo
414 2049 503 2115 Thilo
528 2070 623 2132 reqna
654 2046 777 2129 scripsit
808 2064 907 2128 neque
935 2046 1086 2128 probabili
1107 2049 1282 2115 mutatione

219 2171 319 2238 neque
365 2176 433 2239 qnae
473 2157 590 2219 rectam
640 2154 776 2218 efficeret
819 2151 1014 2217 sententiam.
1080 2154 1282 2222 Scribondum

217 2263 300 2326 erat:

370 2368 535 2451 Longaque
557 2375 620 2426 um
641 2364 760 2457 populis
781 2363 859 2425 inter
879 2366 930 2424 voh
949 2363 1028 2429 lncis
1047 2365 1127 2429 an.

318 2472 387 2537 Non
420 2475 485 2535 tam
517 2472 641 2554 longam
673 2469 756 2534 viam
788 2469 908 2552 populis
939 2469 1017 2534 lucis
1045 2472 1116 2535 an
1140 2471 1211 2541 (hoc
1235 2476 1283 2537 est

219 2577 294 2654 suis,
317 2576 476 2653 Asiaticis)
499 2575 678 2640 interiacens
701 2577 733 2638 et
754 2593 804 2638 eos
833 2593 852 2639 a
886 2577 997 2640 ceteris
1023 2576 1283 2644 occidentalibus·

223 2703 281 2767 que
302 2701 445 2766 separare
468 2681 553 2746 dicit,
588 2679 670 2744 Nam
692 2680 745 2758 sic,
776 2698 836 2744 non
852 2681 986 2764 populos
1008 2682 1085 2742 inter
1107 2683 1167 2755 oio,
1192 2683 1283 2764 paulo

219 2790 322 2853 minus
342 2791 415 2870 apte
436 2788 475 2853 ad
498 2786 695 2862 sententiam,
718 2785 878 2868 sumpsisse
901 2787 1057 2851 Valerium
1079 2789 1171 2870 puto,
1206 2790 1284 2850 inte

221 2911 275 2977 pro
297 2892 440 2958 adverbio
462 2894 569 2976 posito,
600 2895 635 2957 ut
656 2892 776 2954 interm
798 2891 999 2975 intelligatur.
1050 2894 1107 2958 llst
1128 2893 1211 2959 enim
1234 2894 1284 2959 hio

222 2997 360 3086 proprius
393 2999 508 3064 Valerii
541 2998 632 3063 buius
665 2996 806 3061 vocabuli
834 3015 918 3074 usus,
954 3000 1101 3081 quattuor
1136 3001 1284 3077 exemplis

217 3105 430 3181 confirmatus,
462 3122 588 3187 quorum
621 3103 683 3167 tria
709 3103 791 3186 apud
812 3103 998 3168 Fecundinm
1024 3105 1172 3170 annotata
1193 3105 1284 3171 video

222 3212 273 3287 (V,
296 3209 367 3285 337,
397 3211 450 3286 Vl,
473 3208 544 3282 aab,
578 3209 659 3285 Vlll,
681 3208 768 3291 382),
804 3213 947 3292 quartum
970 3213 1018 3275 cst
1038 3211 1070 3274 iu
1093 3210 1180 3287 VIII,
1204 3208 1281 3274 303:

219 3337 274 3379 uec
306 3315 426 3399 loupiac
460 3317 547 3393 inter,
580 3336 674 3399 queam
700 3315 783 3399 quod
819 3313 877 3377 teto
902 3325 984 3392 oum,
1018 3325 1152 3399 superest
1187 3338 1285 3394 mure,

217 3541 419 3553 ————--

246 3697 268 3766 ¹)
286 3697 319 3754 V.
337 3699 398 3765 439,
426 3695 474 3749 ubi
502 3709 624 3764 perverse
643 3693 817 3749 Samothraca
844 3697 920 3749 vates
937 3696 1097 3767 appellatur,
1114 3696 1286 3752 scribendum

290 3792 488 3849 metanoeam,
506 3786 576 3856 qnod
594 3802 664 3840 nunc
682 3786 760 3842 video
778 3803 795 3843 a
813 3788 959 3843 Schradsro
971 3791 1153 3859 proseptum:

373 3881 512 3935 Hactenus
529 3881 557 3933 in
576 3878 690 3948 populos
709 3884 768 3943 voci,
787 3880 968 3945 Samothraca,
986 3881 1110 3952 diemque

369 3973 451 4026 missa
468 3988 553 4034 mano,
572 3973 706 4041 sacrisque
723 3973 825 4027 metum
845 3990 979 4028 servemus
997 3974 1107 4044 open-tls.

290 4061 359 4123 Sibi,
378 4064 441 4128 nati,
460 4066 591 4119 hactenus
608 4065 710 4120 dictam
729 4081 785 4121 esse
804 4066 865 4120 vulo
885 4067 1094 4121 Samothracam.
