2656 5056
312 710 326 736 “
449 661 643 782 Quintilianus.
969 715 1029 779 537

327 786 453 858 'sat

30 915 74 976 at:
135 911 222 976 Haec
275 910 321 976 de
372 883 624 996 grammatice
676 931 787 1014 qnam
840 914 1073 984 brevissimo
1167 956 1214 971 .-

38 1018 137 1093 θεαί,
159 1036 232 1083 non
255 1021 313 1084 oet.

111 1122 178 1187 Lib.
201 1123 305 1197 Iliso,
329 1125 363 1186 8:
390 1123 543 1208 ltaque,
565 1125 601 1190 si
623 1125 737 1207 plura
759 1125 823 1191 vel
844 1124 1073 1191 obiicienda
1205 1196 1212 1209 ί

35 1233 111 1293 unt
132 1230 197 1294 vel
218 1228 425 1308 diluenda,
447 1234 483 1296 et
517 1231 632 1300 utilis
654 1236 692 1295 ot
713 1231 880 1296 ineunda
901 1231 1072 1314 partitio

34 1336 87 1412 st,
111 1339 166 1413 ut,
189 1335 280 1420 quid
303 1353 449 1419 quaque
476 1336 580 1403 dere
602 1338 750 1403 dioturi
773 1339 906 1411 simus,
940 1337 1073 1402 ordine

34 1445 208 1525 ppareat.
245 1439 326 1519 Nou,
347 1445 383 1508 ut
403 1442 507 1508 ordine
528 1443 645 1528 aliquid
667 1447 820 1528 appareat,
842 1443 966 1527 partitio
989 1443 1072 1516 fauit,
1175 1435 1186 1460 ⁸

30 1549 66 1614 od
97 1548 276 1628 utstatim,
311 1567 381 1614 oum
404 1549 526 1614 auditur
558 1550 692 1633 partitio,
725 1553 878 1634 appareat.
910 1567 976 1622 nee,
1000 1547 1073 1631 quid

29 1655 123 1720 iotnri
155 1654 269 1732 simus,
306 1655 431 1739 partitio
452 1656 601 1731 ostendit,
635 1656 690 1725 sed
713 1675 772 1739 quo
802 1655 924 1734 ordine;
949 1657 990 1720 et
1017 1655 1073 1720 hoo

30 1760 218 1840 luintilianua
240 1762 375 1845 scripsit:
413 1764 470 1837 ut,
505 1784 575 1846 quo
612 1780 760 1846 quaque
788 1760 830 1826 do
857 1781 897 1827 re
927 1760 1073 1827 dicturi

31 1868 133 1932 imus
156 1866 303 1945 ordine,
322 1871 519 1951 appareat.
544 1868 615 1934 Cod.
637 1869 728 1933 Bern.
752 1868 866 1951 quod,
888 1888 947 1933 non
970 1868 1072 1952 ontio.

111 1973 178 2038 Lib.
200 1975 243 2049 V,
280 1975 329 2054 10,
351 1975 408 2040 64:
445 1979 484 2038 et
514 1974 636 2053 ratio,
674 1974 1073 2056 quamvisitaordi·

35 2098 139 2156 orso,
176 2079 308 2145 eadem
341 2081 410 2145 est.
454 2079 613 2169 Halmius:
646 2081 821 2164 quamvis
855 2081 911 2146 sit
942 2099 984 2146 ex
1011 2080 1073 2152 ‹li-

36 2206 133 2253 erso.
192 2186 338 2252 Praestat:
382 2186 560 2268 quamvis
598 2187 672 2249 sito
714 2205 755 2252 en
795 2186 965 2263 diverso,
1009 2206 1071 2252 ea·
1211 2189 1226 2261 ᾗ
1265 2221 1267 2231 ¹

38 2313 94 2359 0¹11
111 2294 188 2464 Ιθὴεᾱι
201 2399 249 2476 14,
275 2397 328 2461 lt:
375 2398 448 2463 llio
469 2400 604 2482 potest
624 2398 754 2464 videri
777 2397 819 2464 <le
847 2417 887 2463 re
908 2400 1073 2465 eonten-

30 2505 78 2571 io.
123 2507 265 2589 Ineptum
287 2507 336 2570 est
367 2504 410 2569 de
431 2522 487 2584 re,
524 2523 581 2569 neo
613 2505 713 2570 minus
746 2505 967 2583 eontentio;
1000 2525 1072 2572 nam

29 2614 42 2676 t
74 2629 110 2675 ex
141 2613 207 2677 toto
245 2611 310 2677 loeo
348 2614 380 2677 ot
417 2629 452 2676 ex
486 2611 543 2685 iis,
580 2630 646 2694 quaa
678 2611 815 2694 proxima
848 2611 1074 2695 subsequuntur
1166 2624 1170 2631 ’

30 2717 155 2800 potnit
187 2717 286 2782 enim
309 2718 368 2783 sio
401 2717 591 2782 constitui
613 2718 891 2783 ratiocinatio:
928 2718 1071 2783 animal

34 2827 72 2889 st
105 2823 285 2900 mundum
318 2822 446 2898 omnia
468 2822 568 2886 onim
588 2826 672 2900 oet),
706 2825 902 2906 perspicuum
929 2826 987 2900 est,
1020 2824 1072 2908 agi

30 2947 47 2993 e
79 2928 178 2995 forma
198 2929 369 3019 syllogismi
400 2928 438 2993 ad
471 2929 612 3012 speeiem.
637 2928 738 2994 minus
770 2931 872 3013 plena,
899 2928 978 3011 quod
1010 2946 1070 2992 uon

29 3036 208 3102 raemittitur
240 3037 305 3102 eiua
337 3037 395 3111 rei,
434 3055 500 3120 quoa
536 3035 774 3102 demonstranda
805 3041 863 3116 ost,
895 3034 1071 3118 propositio,

30 3161 65 3208 oc
96 3144 161 3221 est,
202 3142 342 3208 intentio.
400 3142 466 3207 lam
506 3161 544 3207 re
582 3143 614 3206 in
651 3144 855 3210 Ambrosiano
899 3142 930 3206 in
967 3159 1072 3206 rasura

30 3249 156 3331 eriptam
189 3251 246 3313 ost.
306 3249 455 3314 Posuerat
474 3247 697 3329 Quintilianus:
741 3250 812 3314 Hie
845 3251 983 3332 potest
1013 3248 1071 3313 vi·

35 3355 95 3419 ori
119 3355 246 3419 deesse
270 3355 448 3421 intenlio.
501 3352 679 3439 attigerant
708 3355 771 3420 veri
792 3358 894 3439 partes
917 3356 1070 3422 Gesnerus

32 3460 278 3546 tSpaldingius.

109 3567 176 3634 Lib.
199 3568 252 3646 Vl,
274 3567 304 3644 3,
329 3566 403 3630 102:
427 3566 564 3650 ltaque
585 3567 671 3642 haeo,
693 3587 740 3632 ne
763 3568 944 3633 omisisse
965 3563 1068 3630 ride·

30 3693 86 3752 er,
118 3675 257 3759 attigi3
279 3673 353 3738 illa
374 3674 510 3746 autem,
536 3676 615 3756 quae
638 3675 681 3740 de
701 3694 769 3739 usu
791 3674 878 3756 ipso
900 3676 939 3738 ot
960 3672 1069 3737 modo

30 3779 167 3845 >candi
190 3781 537 3871 complexussum,
570 3786 660 3845 arleo
685 3780 892 3846 infinita*
916 3780 934 3819 *
957 3779 1070 3861 plano
1099 3806 1121 3840 a·
1174 3769 1190 3836 .'
1232 3753 1243 3781 '

32 3887 245 3952 eoessaria.
296 3886 348 3952 Sio
370 3887 527 3961 Halmius·
555 3887 658 3970 quiin
681 3887 755 3959 loeo,
779 3905 870 3969 quem
893 3886 1069 3951 lacunosum

30 3993 148 4070 utabat,
167 3993 362 4058 Ambrosiani
374 3993 555 4076 scripturam
564 3992 694 4058 retinere
717 3993 849 4059 debebat
862 3991 1070 4056 infirmare

30 4098 130 4163 lamb.
173 4097 437 4177 infirmarem)
479 4106 544 4183 pro'
574 4098 753 4163 infinita.
798 4097 843 4162 llx
882 4117 919 4163 ea
963 4115 1069 4163 verum

30 4204 165 4287 erspieuo
207 4205 347 4283 elicitur,
389 4206 513 4271 invento
551 4205 584 4271 in
616 4205 710 4271 adeo
749 4203 852 4269 mendi
884 4207 916 4268 et
954 4221 1069 4268 correo·

30 4311 99 4376 onis
143 4309 249 4376 initio:
297 4331 375 4395 quae
418 4310 460 4378 de
502 4332 571 4379 usn
608 4313 695 4395 ipso
844 4309 1069 4394 complexus

30 4437 104 4491 um,
141 4415 265 4480 audeo
313 4417 563 4501 confirmare
606 4419 717 4503 plane
762 4415 889 4502 [esse]
934 4435 1068 4482 neees-
