2648 5084
255 315 317 379 590
520 300 521 303 ‘
631 305 827 376 neruoso.
842 307 866 360 1.
927 392 929 398 ‚

10 480 22 507 ’
47 518 85 543 ··
111 554 120 578 ,
214 532 305 597 quarn
328 508 606 594 deprecatione
624 505 995 594 exsecrationeque,
1020 508 1059 570 ut
1081 505 1267 590 intelligantur

21 616 28 636 ⁸
93 604 102 619 ⁹
210 603 296 692 'dirce
320 636 396 702 quas
418 616 536 682 Plinius
559 613 705 697 appellat,
728 612 970 694 deprecationes.

314 723 383 789 Ibd.
409 723 457 797 12,
481 724 515 783 l:
539 719 662 804 quiin
691 768 718 784 ..
737 738 776 783 eo
798 737 888 783 casu
910 719 1061 784 civilis
1085 720 1268 786 discordie

202 826 287 895 ‘nou
311 830 506 894 alterutra
528 828 637 910 parte
660 826 717 902 (ad
737 824 984 890 alterutram
1008 831 1167 908 partem
1184 827 1268 901 Groo.)

214 956 303 1003 sese
338 934 586 1009 adiunxerit,
619 931 688 997 sed
723 929 928 1002 solitarius
953 937 1269 1018 separatusquer

216 1042 407 1107 communi
450 1041 551 1105 malo
594 1039 776 1104 civitatis
809 1040 1051 1118 secesserit,
1096 1042 1131 1106 is
1170 1042 1270 1111 domo,

215 1149 364 1232 patria,
386 1146 641 1228 fortunisque
662 1146 841 1209 omuibus
863 1149 1009 1210 cereto.
1075 1148 1147 1213 Nou
1169 1167 1188 1211 a
1207 1146 1270 1212 nolo

217 1254 370 1318 communi
403 1252 485 1317 cives
508 1251 649 1317 secedere
671 1254 823 1324 reantur,
857 1250 911 1315 sed
933 1271 953 1315 a
976 1255 1159 1318 communis
1181 1252 1271 1317 salutis

216 1362 322 1424 contra
356 1360 472 1424 malum
506 1358 690 1424 defensione.
739 1358 836 1422 Valde
872 1359 1014 1439 suspicor
1054 1361 1163 1425 malo
1191 1361 1272 1426 alieno

216 1485 310 1530 manu
321 1465 460 1530 additum
476 1484 554 1540 esse,
576 1483 646 1529 curn
659 1464 775 1530 Gellius
791 1464 965 1545 scripsisset
984 1467 1131 1532 tantum:
1155 1488 1174 1533 s
1194 1487 1271 1532 cour

216 1573 319 1636 muni
342 1572 539 1645 civitatis,
562 1563 631 1636 dno*
654 1572 717 1637 τοῦ
738 1572 853 1636 κοινοῦ
874 1573 935 1655 τῆς
957 1565 1106 1647 πόλεως.

316 1678 381 1742 Ibd.
406 1676 454 1750 20,
487 1676 506 1738 6
540 1677 585 1754 (in
607 1678 779 1762 fragmento
811 1696 845 1742 ex
877 1677 1032 1760 Scipionis
1057 1682 1225 1758 oratiouerz
1244 1681 1271 1743 in

216 1785 275 1848 his
309 1784 544 1867 regionibus
581 1784 855 1864 excelsissimo
890 1785 978 1849 loeo
1013 1804 1168 1851 murum
1204 1791 1272 1851 sta·

216 1894 336 1955 tuero,
368 1891 520 1967 aicbat3
563 1890 652 1954 iude
688 1892 888 1974 corrigere
922 1893 1044 1968 riam,
1091 1893 1188 1959 aliis
1221 1911 1272 1976 per

216 1996 351 2060 vineas
379 1997 543 2071 medias,
578 1996 671 2061 aliis
702 2015 768 2079 per
795 1997 1040 2063 roborarium
1082 2004 1204 2084 atque
1224 2000 1272 2082 pi·

217 2102 384 2176 sciuam,
421 2102 770 2185 aliisperrillam.
814 2103 922 2186 Inepte
942 2106 1024 2169 muri
1048 2106 1156 2172 subito
1179 2104 1272 2171 statuti

217 2211 249 2272 et
270 2209 336 2284 viae,
366 2228 433 2292 quse
463 2208 533 2274 inde
563 2207 741 2292 corrigatur,
764 2209 876 2273 mentio
900 2212 956 2274 est.
1007 2209 1143 2277 Codices
1185 2213 1273 2277 loco·

216 2313 1272 2401 rummustatuere.Subest:excelsissimolocoprumou

216 2423 396 2486 statuere
422 2423 569 2498 siebat,
605 2422 696 2486 iude
727 2420 1050 2504 corrigereriam
1075 2428 1134 2488 oet.
1175 2425 1272 2509 Agitur

216 2525 254 2590 de
276 2546 419 2610 agrorum
442 2528 575 2593 divisore
597 2530 629 2592 et
654 2546 794 2593 mensore
815 2526 944 2608 superbe
967 2527 1046 2591 nulli
1069 2531 1116 2594 rei
1139 2534 1272 2613 parcente

216 2632 270 2697 sed
291 2634 336 2697 ita
358 2634 438 2697 riom
462 2636 647 2719 corrigente,
683 2635 719 2697 ut
750 2633 878 2697 oliorum
907 2632 1012 2696 vineas
1046 2635 1171 2702 medias
1193 2640 1271 2708 secet

201 2739 344 2822 valiorum
368 2740 486 2815 villam,
509 2744 566 2806 cet.
611 2740 756 2804 Fortasse
779 2740 851 2803 ruit:
873 2738 960 2802 inde
981 2738 1170 2825 deripere
1191 2764 1219 2810 v.

316 2846 381 2910 lbd.
415 2847 464 2922 21,
495 2847 529 2912 9:
563 2845 635 2912 hoo
667 2844 795 2920 sidus,
831 2845 931 2928 quod
959 2864 978 2909 a
1009 2845 1144 2931 figure
1176 2847 1270 2933 posi-

214 2953 382 3035 turaque
424 2954 523 3037 ipsa,
570 2954 660 3037 quia
702 2953 832 3017 simile
871 2952 1047 3036 plaustri
1085 2955 1269 3026 videatur,

215 3059 376 3141 antiqui
434 3061 658 3126 Graeoorum
723 3053 896 3144 ἅμαξαν
941 3058 1160 3127 dixerunt.
1228 3059 1269 3125 Sic

215 3165 359 3229 Hertzius
414 3187 430 3232 e
482 3166 638 3233 codicibus
686 3185 739 3249 pro
790 3165 953 3231 videtur.
1019 3166 1166 3234 Debebst
1213 3164 1268 3232 fieri

213 3271 427 3334 videbatur.

313 3379 380 3443 Ibd.
410 3378 466 3452 22,
499 3378 550 3457 21,
577 3378 630 3443 ubi
659 3378 760 3463 agitur
792 3378 1018 3442 deventurum
1050 3379 1267 3446 nominibusiu

213 3478 305 3552 certis
335 3484 411 3550 locis
448 3486 612 3567 usurpatis,
641 3484 763 3550 codices
793 3484 912 3567 optimi,
945 3482 1218 3551 Rottendorfiauus
1242 3486 1268 3547 et

213 3592 406 3668 Porisiensis
443 3591 487 3657 sic
516 3592 664 3674 scriptum
686 3578 816 3656 habeut:
860 3589 1016 3673 lapigia
1055 3589 1105 3668 (R
1134 3592 1267 3676 Iapige

211 3698 337 3781 ipsius
373 3716 435 3763 ore
471 3698 751 3782 proficiscente
794 3695 904 3780 quasi
943 3693 1098 3760 finibus
1137 3696 1268 3783 Apulia

212 3803 359 3882 eodem,
394 3823 465 3888 quo
487 3804 563 3888 ipsi
600 3807 706 3882 sunt,
740 3807 893 3870 nomino
927 3801 1268 3885 iapygcmoicunt

211 3910 349 3974 Primum
373 3910 588 3975 scribendum:
618 3904 676 3972 Es
696 3910 855 3995 (precedit
876 3907 1087 3991 vertigine)
1110 3911 1270 3996 Iapygia

211 4016 339 4098 ipsius
362 4040 429 4079 ore
455 4017 778 4101 proficiscentem
879 4013 1010 4099 Apuli
1031 4017 1187 4094 eodem,
1208 4032 1271 4100 quo

209 4121 283 4203 ipsi
306 4128 409 4195 suut,
432 4125 587 4188 nomine
610 4124 794 4217 Iapygeur
817 4121 963 4189 dicuut.
1009 4122 1049 4186 Et
1072 4126 1193 4207 Apuli
1214 4124 1270 4188 iam
