2678 5018
512 645 656 713 Vergilius.
773 594 792 650 ἒ
1040 649 1079 709 47

362 734 374 764 Ι

51 844 130 908 diosc
153 844 307 917 tractavi,
345 844 439 915 etiam
464 842 543 926 qnod
565 861 613 906 res
635 845 786 925 expositus
807 865 914 929 parum
939 865 1122 932 cognoram3
1189 908 1196 922 ,

55 950 112 1016 Sed
136 953 261 1023 tamen,
285 960 358 1014 oum
380 951 493 1014 iterum
516 950 660 1032 legerem,
682 968 780 1030 pauca
804 951 868 1017 haec
890 952 1040 1016 annotavi.

153 1053 182 1130 1,
205 1054 271 1116 316
294 1076 378 1139 sqq:

138 1162 228 1244 Saepe
252 1180 339 1250 ego.
363 1209 403 1225 ..

142 1268 250 1331 omnia
271 1272 436 1332 ventorum
457 1286 633 1332 concurrere
657 1269 763 1350 proelia
785 1269 859 1345 vidi,

143 1394 212 1457 qnae
235 1373 395 1459 gramdam
416 1373 479 1437 labe
499 1377 635 1458 segetem
658 1375 697 1437 ab
719 1375 870 1440 radicibus
892 1376 962 1440 imis
996 1380 998 1387 “

144 1480 311 1545 sublimem
334 1481 492 1563 expulsam
515 1481 670 1552 eruerent;
693 1480 737 1544 ita
759 1483 879 1546 turbine
901 1483 987 1566 nigro

143 1586 239 1651 ferret
257 1588 356 1651 hiems
379 1587 573 1667 culmumque
596 1585 695 1649 levem
717 1588 907 1670 stipulasque
928 1589 1070 1654 voluntis.

163 1692 244 1756 Mire
266 1697 297 1757 et
316 1694 420 1775 inepte
442 1711 527 1774 seges
550 1693 708 1775 ventorum
732 1694 760 1757 vi
783 1695 821 1758 ab
842 1694 995 1759 radicibus
1018 1697 1122 1761 evulsa

63 1800 93 1861 et
125 1798 244 1862 iactata
275 1800 469 1881 comparatur
491 1800 534 1873 (et
562 1803 753 1880 comparatur
787 1800 990 1865 condicionali
1012 1802 1121 1866 formo:

56 1903 165 1986 ferreo)
196 1923 268 1967 cum
291 1906 340 1978 iis.
373 1923 440 1986 quoe
472 1903 537 1985 ipsa
567 1904 622 1968 tali
644 1907 758 1988 segetis
780 1907 928 1971 evulsioni
959 1911 990 1971 et
1021 1906 1123 1972 deiec-

64 2010 137 2073 tioni
160 2011 271 2074 natura
292 2009 436 2074 adiuncta
460 2014 541 2083 sunt,
568 1998 627 2075 ulio
651 2012 786 2093 tempore
811 2012 1027 2090 accidentibus,
1063 2015 1121 2101 etsi

64 2116 129 2199 ipsa
151 2117 207 2180 illa
230 2117 307 2182 alius
330 2116 477 2198 temporis
502 2116 685 2200 significatio
707 2137 828 2200 prorsus
850 2119 933 2183 nulla
958 2121 1014 2193 est,
1049 2138 1123 2201 quo-

63 2222 146 2285 niam
169 2225 328 2286 ventorum
363 2222 605 2305 deproeliantinm
634 2224 752 2288 saevitia
773 2224 840 2305 ipsa
863 2224 958 2289 hiems
983 2225 1122 2309 appella-

62 2331 124 2401 tur;
161 2331 193 2392 et
228 2327 305 2392 unde
338 2348 409 2392 vera
430 2327 529 2392 hieme
554 2329 674 2393 culmus
696 2329 836 2410 levesque
857 2328 1000 2410 stipulae?
1057 2331 1122 2412 Ap-

63 2439 160 2518 paret,
191 2454 259 2517 quae
282 2434 516 2515 comparationis
539 2454 630 2499 causa
652 2435 755 2499 addita
777 2437 933 2516 putantur,
955 2437 1124 2500 necessario

62 2541 216 2623 pertinere
232 2540 272 2604 ad
296 2542 394 2622 ipsam
416 2541 459 2603 rei
479 2540 714 2623 descriptionem
736 2541 964 2611 absolvendam,
987 2543 1124 2606 scriben-

65 2647 197 2729 dumque
222 2666 304 2711 esse:
1035 2659 1038 2666 '

298 2753 455 2834 expulsam
477 2756 628 2830 eruerent,
653 2764 683 2814 ot
706 2753 826 2816 turbine
848 2753 933 2837 nigro
984 2757 988 2766 '

146 2859 240 2922 ferret
261 2858 359 2923 hiems
382 2860 576 2941 culmumque
599 2859 695 2923 levem
718 2858 1068 2941 stipulasque'volantis.

165 2964 243 3029 Cum
267 2966 347 3030 inter
378 2975 411 3025 nt
433 2968 463 3028 et
486 2975 516 3025 ru
538 2965 646 3028 elisum
670 2968 752 3029 esset
773 2974 813 3037 ut,
838 2984 941 3029 versus
964 2965 1124 3048 supplendi

64 3091 155 3136 causa
176 3071 317 3136 additum
340 3073 388 3136 est
410 3072 459 3132 ito.
504 3070 597 3134 Video
632 3088 722 3146 nuno,
757 3070 862 3134 mirari
883 3070 1046 3154 Heynium
1070 3089 1125 3134 ne·

64 3179 179 3242 minem
210 3180 277 3240 tam
313 3177 458 3242 audacem
482 3177 584 3249 fuisse,
618 3178 654 3238 ut
681 3175 724 3239 sic
747 3175 920 3258 corrigeret.
967 3177 1044 3259 lpse,
1068 3196 1126 3260 quo

65 3289 127 3349 erat
149 3283 275 3368 ingenio
296 3284 334 3347 ad
357 3303 437 3359 vera,
460 3285 486 3348 si
507 3285 708 3355 occurrerant,
736 3282 865 3346 firmiter
887 3282 1056 3365 arripienda
1078 3282 1125 3366 ig-

10 3424 11 3470 3
65 3409 151 3465 naro,
174 3409 236 3453 non
259 3390 307 3454 est
328 3408 419 3452 ausus
444 3389 602 3472 longisque
625 3388 783 3452 uerborum
806 3388 987 3471 ambagibus
1009 3407 1042 3452 se
1064 3388 1125 3452 im-

65 3495 171 3577 plicuit
194 3495 273 3558 nihil
295 3495 470 3578 expediens;
493 3495 586 3559 ccteri
606 3495 757 3559 incuriose
780 3495 982 3574 coniecturam
1003 3494 1125 3577 neglex-

66 3603 161 3666 erunt.

124 3772 127 3776 ,
165 3704 212 3780 ΙΙ,
235 3707 294 3769 *266
317 3700 400 3791 sqq:

145 3815 220 3877 ante
241 3814 340 3887 locum
363 3812 495 3896 similem
516 3813 684 3894 exquirunt,
706 3814 758 3877 ubi
781 3815 880 3895 prima
901 3815 1024 3896 paretur

145 3920 306 3984 arboribus
327 3939 415 4003 seges
438 3922 470 3983 et
492 3937 549 4001 quo
571 3937 640 3981 mox
660 3918 779 4002 digesta
800 3919 922 3995 feratur,

0 4111 1 4116 ἵ
145 4028 302 4090 mutatam
324 4026 466 4110 ignorent
487 4025 587 4089 subito
611 4043 646 4089 ne
669 4025 788 4090 semina
811 4028 950 4090 matrem.

0 4128 1 4187 ἶ
52 4143 57 4179 2
163 4131 294 4195 Minime
331 4152 409 4197 unus
442 4132 527 4195 locus
550 4120 607 4207 est,
639 4131 670 4194 in
701 4150 759 4214 quo
786 4132 919 4212 primum
940 4135 1051 4195 tenerae
1076 4148 1130 4194 ar·-

4 4302 6 4304 ,
66 4233 170 4304 borum
204 4238 319 4321 plantae
353 4242 514 4321 parantur,
559 4241 590 4301 et
621 4237 653 4300 in
694 4255 785 4319 quem
817 4240 924 4317 postea
961 4235 1030 4300 iude
1079 4242 1127 4310 (er

67 4345 242 4423 seminario)
271 4345 400 4427 digestae
432 4344 580 4420 feruntur,
615 4362 670 4406 nec
700 4341 801 4416 locus,
839 4340 889 4422 qui
925 4339 1136 4410 conserendus

6 4499 7 4502 η
68 4452 95 4515 et
114 4455 145 4516 in
167 4463 230 4541 quo
250 4451 319 4534 ipsa
345 4449 424 4514 silva
452 4450 555 4514 futura
583 4452 647 4525 est,
682 4446 846 4529 exquiritur
866 4446 1007 4525 (babetur
1023 4447 1126 4520 enim),
