<?xml version="1.0" encoding="UTF-8"?>
<!DOCTYPE html PUBLIC "-//W3C//DTD XHTML 1.0 Transitional//EN"
    "http://www.w3.org/TR/xhtml1/DTD/xhtml1-transitional.dtd">
<html xmlns="http://www.w3.org/1999/xhtml" xml:lang="en" lang="en">
 <head>
  <title>
</title>
<meta http-equiv="Content-Type" content="text/html;charset=utf-8" />
  <meta name='ocr-system' content='tesseract 3.04.00' />
  <meta name='ocr-capabilities' content='ocr_page ocr_carea ocr_par ocr_line ocrx_word'/>
</head>
<body>
  <div class='ocr_page' id='page_1' title='image "./ioniemadvigiiad00madvgoog_0555.png"; bbox 0 0 2656 5056; ppageno 0'>
   <div class='ocr_carea' id='block_1_1' title="bbox 61 259 1267 969">
    <p class='ocr_par' dir='ltr' id='par_1_1' title="bbox 61 230 1267 969">
     <span class='ocr_line' id='line_1_1' title="bbox 69 259 886 334; baseline 0.002 -15"><span class='ocrx_word' id='word_1_1' title='bbox 69 259 76 271; x_wconf 73' lang='lat'><strong>‘</strong></span> <span class='ocrx_word' id='word_1_2' title='bbox 247 267 309 331; x_wconf 78' lang='lat'>544</span> <span class='ocrx_word' id='word_1_3' title='bbox 608 261 886 334; x_wconf 60' lang='lat' dir='ltr'>nummosque</span> 
     </span>
     <span class='ocr_line' id='line_1_2' title="bbox 61 378 125 412; baseline -0.078 0"><span class='ocrx_word' id='word_1_4' title='bbox 61 378 81 412; x_wconf 65' lang='lat' dir='ltr'>t.</span> <span class='ocrx_word' id='word_1_5' title='bbox 119 392 125 407; x_wconf 51' lang='grc' dir='ltr'><em>ψ</em></span> 
     </span>
     <span class='ocr_line' id='line_1_3' title="bbox 258 450 1265 545; baseline -0.003 -15"><span class='ocrx_word' id='word_1_6' title='bbox 258 450 261 456; x_wconf 64' lang='grc'><strong>’</strong></span> <span class='ocrx_word' id='word_1_7' title='bbox 302 465 374 530; x_wconf 76' lang='lat' dir='ltr'>Lib.</span> <span class='ocrx_word' id='word_1_8' title='bbox 410 463 471 538; x_wconf 84' lang='lat'><em>111,</em></span> <span class='ocrx_word' id='word_1_9' title='bbox 507 461 563 543; x_wconf 63' lang='lat'>31:</span> <span class='ocrx_word' id='word_1_10' title='bbox 604 463 676 528; x_wconf 93' lang='lat' dir='ltr'>huc</span> <span class='ocrx_word' id='word_1_11' title='bbox 707 463 842 545; x_wconf 86' lang='lat' dir='ltr'>potius</span> <span class='ocrx_word' id='word_1_12' title='bbox 875 464 1138 541; x_wconf 70' lang='lat' dir='ltr'>intenderet,</span> <span class='ocrx_word' id='word_1_13' title='bbox 1178 463 1265 528; x_wconf 90' lang='lat' dir='ltr'>dien</span> 
     </span>
     <span class='ocr_line' id='line_1_4' title="bbox 206 569 1265 647; baseline -0.006 -10"><span class='ocrx_word' id='word_1_14' title='bbox 206 569 560 646; x_wconf 75' lang='lat' dir='ltr'>aedificationibus,</span> <span class='ocrx_word' id='word_1_15' title='bbox 592 571 739 636; x_wconf 89' lang='lat' dir='ltr'>noctem</span> <span class='ocrx_word' id='word_1_16' title='bbox 769 571 970 636; x_wconf 82' lang='lat' dir='ltr'>conviviis</span> <span class='ocrx_word' id='word_1_17' title='bbox 997 570 1173 636; x_wconf 69' lang='lat' dir='ltr'>&#39;trahere</span> <span class='ocrx_word' id='word_1_18' title='bbox 1195 569 1265 647; x_wconf 85' lang='lat' dir='ltr'>(edd.</span> 
     </span>
     <span class='ocr_line' id='line_1_5' title="bbox 208 675 1267 760; baseline -0.002 -18"><span class='ocrx_word' id='word_1_19' title='bbox 208 679 291 742; x_wconf 89' lang='lat' dir='ltr'>recte</span> <span class='ocrx_word' id='word_1_20' title='bbox 324 677 524 753; x_wconf 75' lang='lat' dir='ltr'>traheret),</span> <span class='ocrx_word' id='word_1_21' title='bbox 560 692 670 759; x_wconf 90' lang='lat' dir='ltr'>quam</span> <span class='ocrx_word' id='word_1_22' title='bbox 705 675 817 741; x_wconf 92' lang='lat' dir='ltr'>solus</span> <span class='ocrx_word' id='word_1_23' title='bbox 846 678 884 742; x_wconf 85' lang='lat' dir='ltr'>et</span> <span class='ocrx_word' id='word_1_24' title='bbox 904 675 1035 741; x_wconf 89' lang='lat' dir='ltr'>nullis</span> <span class='ocrx_word' id='word_1_25' title='bbox 1058 676 1267 760; x_wconf 84' lang='lat' dir='ltr'>voluptati·</span> 
     </span>
     <span class='ocr_line' id='line_1_6' title="bbox 208 778 1267 867; baseline -0.004 -17"><span class='ocrx_word' id='word_1_26' title='bbox 208 785 277 850; x_wconf 88' lang='lat' dir='ltr'>bus</span> <span class='ocrx_word' id='word_1_27' title='bbox 312 783 497 848; x_wconf 84' lang='lat' dir='ltr'>avocatus</span> <span class='ocrx_word' id='word_1_28' title='bbox 533 784 709 846; x_wconf 84' lang='lat' dir='ltr'>maestam</span> <span class='ocrx_word' id='word_1_29' title='bbox 746 778 1009 867; x_wconf 77' lang='lat' dir='ltr'><strong>vigilantiam</strong></span> <span class='ocrx_word' id='word_1_30' title='bbox 1170 802 1267 848; x_wconf 86' lang='lat' dir='ltr'>exer·</span> 
     </span>
     <span class='ocr_line' id='line_1_7' title="bbox 209 886 1266 969; baseline -0.001 -16"><span class='ocrx_word' id='word_1_31' title='bbox 209 890 325 953; x_wconf 87' lang='lat' dir='ltr'>oeret.</span> <span class='ocrx_word' id='word_1_32' title='bbox 379 886 559 969; x_wconf 75' lang='lat' dir='ltr'>corruptum</span> <span class='ocrx_word' id='word_1_33' title='bbox 595 905 662 952; x_wconf 90' lang='lat' dir='ltr'>esse</span> <span class='ocrx_word' id='word_1_34' title='bbox 694 887 1039 969; x_wconf 78' lang='lat' dir='ltr'>aedificationibus</span> <span class='ocrx_word' id='word_1_35' title='bbox 1073 890 1266 960; x_wconf 85' lang='lat' dir='ltr'>consentitur;</span> 
     </span>
    </p>
   </div>
   <div class='ocr_carea' id='block_1_2' title="bbox 1275 314 1289 371">
    <p class='ocr_par' dir='ltr' id='par_1_2' title="bbox 1275 314 1289 371">
     <span class='ocr_line' id='line_1_8' title="bbox 1275 314 1289 371; baseline 0 0"><span class='ocrx_word' id='word_1_36' title='bbox 1275 314 1289 371; x_wconf 73' lang='lat' dir='ltr'>t</span> 
     </span>
    </p>
   </div>
   <div class='ocr_carea' id='block_1_3' title="bbox 125 991 1271 3199">
    <p class='ocr_par' dir='ltr' id='par_1_3' title="bbox 125 991 1271 3199">
     <span class='ocr_line' id='line_1_9' title="bbox 209 991 1266 1077; baseline 0.001 -18"><span class='ocrx_word' id='word_1_37' title='bbox 209 994 264 1060; x_wconf 90' lang='lat' dir='ltr'>sed</span> <span class='ocrx_word' id='word_1_38' title='bbox 285 993 337 1077; x_wconf 89' lang='lat' dir='ltr'>qui</span> <span class='ocrx_word' id='word_1_39' title='bbox 359 991 513 1075; x_wconf 84' lang='lat' dir='ltr'>corrigere.</span> <span class='ocrx_word' id='word_1_40' title='bbox 530 993 632 1058; x_wconf 82' lang='lat' dir='ltr'>consti</span> <span class='ocrx_word' id='word_1_41' title='bbox 653 996 736 1067; x_wconf 83' lang='lat' dir='ltr'>sunt,</span> <span class='ocrx_word' id='word_1_42' title='bbox 758 1012 863 1060; x_wconf 88' lang='lat' dir='ltr'>omnes</span> <span class='ocrx_word' id='word_1_43' title='bbox 885 992 1002 1076; x_wconf 89' lang='lat' dir='ltr'>aliquid</span> <span class='ocrx_word' id='word_1_44' title='bbox 1025 995 1266 1062; x_wconf 84' lang='lat' dir='ltr'>substituendum</span> 
     </span>
     <span class='ocr_line' id='line_1_10' title="bbox 210 1097 1267 1184; baseline -0.002 -18"><span class='ocrx_word' id='word_1_45' title='bbox 210 1099 407 1183; x_wconf 86' lang='lat' dir='ltr'>putauerunt,</span> <span class='ocrx_word' id='word_1_46' title='bbox 442 1097 522 1181; x_wconf 91' lang='lat' dir='ltr'>quod</span> <span class='ocrx_word' id='word_1_47' title='bbox 552 1097 605 1161; x_wconf 83' lang='lat' dir='ltr'>a&#39;d‘</span> <span class='ocrx_word' id='word_1_48' title='bbox 623 1097 727 1164; x_wconf 89' lang='lat' dir='ltr'>lorum</span> <span class='ocrx_word' id='word_1_49' title='bbox 756 1099 1006 1183; x_wconf 79' lang='lat' dir='ltr'>voluptatemque</span> <span class='ocrx_word' id='word_1_50' title='bbox 1039 1102 1216 1184; x_wconf 68' lang='lat' dir='ltr'>pertineret,</span> <span class='ocrx_word' id='word_1_51' title='bbox 1242 1102 1267 1165; x_wconf 92' lang='lat' dir='ltr'>iu</span> 
     </span>
     <span class='ocr_line' id='line_1_11' title="bbox 210 1204 1267 1290; baseline -0.001 -20"><span class='ocrx_word' id='word_1_52' title='bbox 210 1225 269 1290; x_wconf 92' lang='lat' dir='ltr'>quo</span> <span class='ocrx_word' id='word_1_53' title='bbox 297 1204 437 1271; x_wconf 84' lang='lat' dir='ltr'>videntur</span> <span class='ocrx_word' id='word_1_54' title='bbox 466 1221 592 1268; x_wconf 87' lang='lat' dir='ltr'>errasse.</span> <span class='ocrx_word' id='word_1_55' title='bbox 651 1205 759 1288; x_wconf 86' lang='lat' dir='ltr'>Neque</span> <span class='ocrx_word' id='word_1_56' title='bbox 791 1206 873 1270; x_wconf 90' lang='lat' dir='ltr'>enim</span> <span class='ocrx_word' id='word_1_57' title='bbox 911 1204 1051 1271; x_wconf 83' lang='lat' dir='ltr'>homines</span> <span class='ocrx_word' id='word_1_58' title='bbox 1086 1206 1219 1272; x_wconf 89' lang='lat' dir='ltr'>Drusum</span> <span class='ocrx_word' id='word_1_59' title='bbox 1239 1224 1267 1271; x_wconf 86' lang='lat' dir='ltr'>se</span> 
     </span>
     <span class='ocr_line' id='line_1_12' title="bbox 211 1309 1267 1395; baseline -0.002 -17"><span class='ocrx_word' id='word_1_60' title='bbox 211 1314 310 1378; x_wconf 85' lang='lat' dir='ltr'>lotum</span> <span class='ocrx_word' id='word_1_61' title='bbox 343 1309 407 1373; x_wconf 92' lang='lat' dir='ltr'>dies</span> <span class='ocrx_word' id='word_1_62' title='bbox 439 1312 604 1392; x_wconf 88' lang='lat' dir='ltr'>noctesque</span> <span class='ocrx_word' id='word_1_63' title='bbox 627 1310 804 1377; x_wconf 68' lang='lat' dir='ltr'>&#39;huiusmodi</span> <span class='ocrx_word' id='word_1_64' title='bbox 833 1310 943 1377; x_wconf 87' lang='lat' dir='ltr'>studiis</span> <span class='ocrx_word' id='word_1_65' title='bbox 972 1314 1004 1376; x_wconf 92' lang='lat' dir='ltr'>et</span> <span class='ocrx_word' id='word_1_66' title='bbox 1026 1312 1267 1395; x_wconf 81' lang='lat' dir='ltr'>occupationibus</span> 
     </span>
     <span class='ocr_line' id='line_1_13' title="bbox 210 1410 1268 1502; baseline -0.001 -18"><span class='ocrx_word' id='word_1_67' title='bbox 210 1416 332 1493; x_wconf 75' lang='lat' dir='ltr'>tradere</span> <span class='ocrx_word' id='word_1_68' title='bbox 366 1410 520 1492; x_wconf 83' lang='lat' dir='ltr'>volebant,</span> <span class='ocrx_word' id='word_1_69' title='bbox 552 1417 607 1481; x_wconf 90' lang='lat' dir='ltr'>sed</span> <span class='ocrx_word' id='word_1_70' title='bbox 631 1416 752 1483; x_wconf 83' lang='lat' dir='ltr'>misceri</span> <span class='ocrx_word' id='word_1_71' title='bbox 773 1418 1016 1500; x_wconf 84' lang='lat' dir='ltr'>temperamento</span> <span class='ocrx_word' id='word_1_72' title='bbox 1048 1417 1156 1502; x_wconf 89' lang='lat' dir='ltr'>aliquo</span> <span class='ocrx_word' id='word_1_73' title='bbox 1174 1418 1268 1483; x_wconf 87' lang='lat' dir='ltr'>hilari·</span> 
     </span>
     <span class='ocr_line' id='line_1_14' title="bbox 210 1521 1267 1609; baseline -0.002 -20"><span class='ocrx_word' id='word_1_74' title='bbox 210 1523 292 1589; x_wconf 84' lang='lat' dir='ltr'>tatis·</span> <span class='ocrx_word' id='word_1_75' title='bbox 319 1524 351 1588; x_wconf 89' lang='lat' dir='ltr'>et</span> <span class='ocrx_word' id='word_1_76' title='bbox 373 1521 538 1604; x_wconf 86' lang='lat' dir='ltr'>voluptatis</span> <span class='ocrx_word' id='word_1_77' title='bbox 563 1521 686 1609; x_wconf 87' lang='lat' dir='ltr'>labores-</span> <span class='ocrx_word' id='word_1_78' title='bbox 715 1526 747 1590; x_wconf 89' lang='lat' dir='ltr'>et</span> <span class='ocrx_word' id='word_1_79' title='bbox 779 1543 866 1591; x_wconf 82' lang='lat' dir='ltr'>cures</span> <span class='ocrx_word' id='word_1_80' title='bbox 887 1523 1007 1588; x_wconf 85' lang='lat' dir='ltr'>iuuenis</span> <span class='ocrx_word' id='word_1_81' title='bbox 1031 1525 1171 1591; x_wconf 88' lang='lat' dir='ltr'>consulis</span> <span class='ocrx_word' id='word_1_82' title='bbox 1191 1528 1267 1609; x_wconf 80' lang='lat' dir='ltr'>patus</span> 
     </span>
     <span class='ocr_line' id='line_1_15' title="bbox 175 1622 1268 1714; baseline -0.002 -19"><span class='ocrx_word' id='word_1_83' title='bbox 175 1645 176 1648; x_wconf 72' lang='grc'>’</span> <span class='ocrx_word' id='word_1_84' title='bbox 212 1631 338 1696; x_wconf 84' lang='lat' dir='ltr'>absente</span> <span class='ocrx_word' id='word_1_85' title='bbox 370 1628 477 1692; x_wconf 90' lang='lat' dir='ltr'>urbem</span> <span class='ocrx_word' id='word_1_86' title='bbox 514 1629 657 1712; x_wconf 87' lang='lat' dir='ltr'>rogantis.</span> <span class='ocrx_word' id='word_1_87' title='bbox 686 1622 691 1630; x_wconf 66' lang='grc'><em>“</em></span> <span class='ocrx_word' id='word_1_88' title='bbox 723 1631 831 1714; x_wconf 90' lang='lat' dir='ltr'>ltaque</span> <span class='ocrx_word' id='word_1_89' title='bbox 863 1632 934 1694; x_wconf 86' lang='lat' dir='ltr'>ante</span> <span class='ocrx_word' id='word_1_90' title='bbox 974 1631 1150 1712; x_wconf 86' lang='lat' dir='ltr'>permultos</span> <span class='ocrx_word' id='word_1_91' title='bbox 1185 1648 1268 1696; x_wconf 88' lang='lat' dir='ltr'>anuos</span> 
     </span>
     <span class='ocr_line' id='line_1_16' title="bbox 211 1733 1266 1809; baseline -0.001 -9"><span class='ocrx_word' id='word_1_92' title='bbox 211 1735 324 1803; x_wconf 86' lang='lat' dir='ltr'>conieci</span> <span class='ocrx_word' id='word_1_93' title='bbox 364 1733 573 1799; x_wconf 85' lang='lat' dir='ltr'>scribendum:</span> <span class='ocrx_word' id='word_1_94' title='bbox 608 1734 711 1802; x_wconf 68' lang='lat' dir='ltr'>diem*</span> <span class='ocrx_word' id='word_1_95' title='bbox 739 1735 1082 1809; x_wconf 71' lang='lat' dir='ltr'>meditationibus,</span> <span class='ocrx_word' id='word_1_96' title='bbox 1120 1740 1266 1804; x_wconf 88' lang='lat' dir='ltr'>noctem</span> 
     </span>
     <span class='ocr_line' id='line_1_17' title="bbox 213 1838 1268 1926; baseline -0.002 -21"><span class='ocrx_word' id='word_1_97' title='bbox 213 1838 412 1906; x_wconf 84' lang='lat' dir='ltr'>conuiuiis</span> <span class='ocrx_word' id='word_1_98' title='bbox 434 1841 622 1923; x_wconf 78' lang='lat' dir='ltr'>traheret</span> <span class='ocrx_word' id='word_1_99' title='bbox 667 1843 708 1909; x_wconf 79' lang='lat' dir='ltr'>nt</span> <span class='ocrx_word' id='word_1_100' title='bbox 727 1842 842 1926; x_wconf 86' lang='lat' dir='ltr'>scripto</span> <span class='ocrx_word' id='word_1_101' title='bbox 872 1842 970 1909; x_wconf 85' lang='lat' dir='ltr'>semel</span> <span class='ocrx_word' id='word_1_102' title='bbox 991 1864 1023 1902; x_wconf 85' lang='lat' dir='ltr'>m</span> <span class='ocrx_word' id='word_1_103' title='bbox 1053 1841 1268 1922; x_wconf 82' lang='lat' dir='ltr'>(diomedit)</span> 
     </span>
     <span class='ocr_line' id='line_1_18' title="bbox 213 1931 1267 2039; baseline 0.001 -29"><span class='ocrx_word' id='word_1_104' title='bbox 213 1945 358 2039; x_wconf 77' lang='lat' dir='ltr'>facillime</span> <span class='ocrx_word' id='word_1_105' title='bbox 394 1931 436 2010; x_wconf 85' lang='lat' dir='ltr'>eu¹</span> <span class='ocrx_word' id='word_1_106' title='bbox 469 1946 756 2015; x_wconf 89' lang='lat' dir='ltr'>editatiouibus</span> <span class='ocrx_word' id='word_1_107' title='bbox 789 1949 875 2014; x_wconf 88' lang='lat' dir='ltr'>nasei</span> <span class='ocrx_word' id='word_1_108' title='bbox 909 1947 1009 2032; x_wconf 90' lang='lat' dir='ltr'>potuit</span> <span class='ocrx_word' id='word_1_109' title='bbox 1050 1946 1267 2014; x_wconf 79' lang='lat' dir='ltr'>edificatio·</span> 
     </span>
     <span class='ocr_line' id='line_1_19' title="bbox 125 2052 1172 2129; baseline 0.006 -19"><span class='ocrx_word' id='word_1_110' title='bbox 125 2096 131 2110; x_wconf 93' lang='lat'><strong>.</strong></span> <span class='ocrx_word' id='word_1_111' title='bbox 213 2052 337 2117; x_wconf 93' lang='lat' dir='ltr'>nibus.</span> <span class='ocrx_word' id='word_1_112' title='bbox 903 2091 905 2095; x_wconf 92' lang='lat'><em>-</em></span> <span class='ocrx_word' id='word_1_113' title='bbox 1158 2097 1172 2129; x_wconf 81' lang='grc'><strong>.</strong></span> 
     </span>
     <span class='ocr_line' id='line_1_20' title="bbox 314 2155 1267 2242; baseline 0.004 -23"><span class='ocrx_word' id='word_1_114' title='bbox 314 2155 381 2223; x_wconf 92' lang='lat' dir='ltr'>Ibd.</span> <span class='ocrx_word' id='word_1_115' title='bbox 416 2158 473 2223; x_wconf 80' lang='lat'>50:</span> <span class='ocrx_word' id='word_1_116' title='bbox 517 2157 609 2223; x_wconf 84' lang='lat' dir='ltr'>Vite</span> <span class='ocrx_word' id='word_1_117' title='bbox 640 2160 794 2227; x_wconf 88' lang='lat' dir='ltr'>Lutorii</span> <span class='ocrx_word' id='word_1_118' title='bbox 815 2161 854 2224; x_wconf 92' lang='lat' dir='ltr'>iu</span> <span class='ocrx_word' id='word_1_119' title='bbox 885 2160 1046 2242; x_wconf 83' lang='lat' dir='ltr'>integro</span> <span class='ocrx_word' id='word_1_120' title='bbox 1070 2159 1157 2223; x_wconf 80' lang='lat' dir='ltr'>est</span> <span class='ocrx_word' id='word_1_121' title='bbox 1184 2159 1267 2223; x_wconf 81' lang='lat' dir='ltr'>Recto</span> 
     </span>
     <span class='ocr_line' id='line_1_21' title="bbox 154 2250 1268 2349; baseline -0.004 -18"><span class='ocrx_word' id='word_1_122' title='bbox 154 2250 156 2253; x_wconf 43' lang='grc'>’</span> <span class='ocrx_word' id='word_1_123' title='bbox 213 2265 252 2332; x_wconf 93' lang='lat' dir='ltr'>ad</span> <span class='ocrx_word' id='word_1_124' title='bbox 275 2264 459 2331; x_wconf 89' lang='lat' dir='ltr'>senteutiam</span> <span class='ocrx_word' id='word_1_125' title='bbox 483 2264 604 2348; x_wconf 88' lang='lat' dir='ltr'>Lipsius</span> <span class='ocrx_word' id='word_1_126' title='bbox 626 2268 726 2339; x_wconf 89' lang='lat' dir='ltr'>osto,</span> <span class='ocrx_word' id='word_1_127' title='bbox 757 2266 816 2331; x_wconf 90' lang='lat' dir='ltr'>nisi</span> <span class='ocrx_word' id='word_1_128' title='bbox 838 2264 918 2349; x_wconf 94' lang='lat' dir='ltr'>quod</span> <span class='ocrx_word' id='word_1_129' title='bbox 939 2263 1112 2330; x_wconf 83' lang='lat' dir='ltr'>modestius</span> <span class='ocrx_word' id='word_1_130' title='bbox 1136 2264 1169 2329; x_wconf 94' lang='lat' dir='ltr'>in</span> <span class='ocrx_word' id='word_1_131' title='bbox 1190 2280 1268 2328; x_wconf 87' lang='lat' dir='ltr'>sens-</span> 
     </span>
     <span class='ocr_line' id='line_1_22' title="bbox 214 2369 1269 2456; baseline -0.003 -19"><span class='ocrx_word' id='word_1_132' title='bbox 214 2373 288 2437; x_wconf 83' lang='lat' dir='ltr'>loris</span> <span class='ocrx_word' id='word_1_133' title='bbox 320 2390 372 2436; x_wconf 88' lang='lat' dir='ltr'>ore</span> <span class='ocrx_word' id='word_1_134' title='bbox 394 2375 426 2437; x_wconf 92' lang='lat' dir='ltr'>et</span> <span class='ocrx_word' id='word_1_135' title='bbox 458 2372 687 2437; x_wconf 86' lang='lat' dir='ltr'>convenientius</span> <span class='ocrx_word' id='word_1_136' title='bbox 723 2373 759 2446; x_wconf 92' lang='lat' dir='ltr'>ei,</span> <span class='ocrx_word' id='word_1_137' title='bbox 794 2371 873 2456; x_wconf 92' lang='lat' dir='ltr'>quod</span> <span class='ocrx_word' id='word_1_138' title='bbox 902 2369 1089 2448; x_wconf 86' lang='lat' dir='ltr'>eontrarium</span> <span class='ocrx_word' id='word_1_139' title='bbox 1118 2370 1269 2435; x_wconf 83' lang='lat' dir='ltr'>subiicitur</span> 
     </span>
     <span class='ocr_line' id='line_1_23' title="bbox 214 2474 1269 2561; baseline 0.003 -18"><span class='ocrx_word' id='word_1_140' title='bbox 214 2478 343 2561; x_wconf 86' lang='lat' dir='ltr'>(cedat</span> <span class='ocrx_word' id='word_1_141' title='bbox 364 2479 517 2554; x_wconf 83' lang='lat' dir='ltr'>tamen).</span> <span class='ocrx_word' id='word_1_142' title='bbox 542 2480 591 2542; x_wconf 88' lang='lat' dir='ltr'>est</span> <span class='ocrx_word' id='word_1_143' title='bbox 612 2477 675 2543; x_wconf 88' lang='lat' dir='ltr'>sit.</span> <span class='ocrx_word' id='word_1_144' title='bbox 712 2477 884 2559; x_wconf 78' lang='lat' dir='ltr'>(Quomodo</span> <span class='ocrx_word' id='word_1_145' title='bbox 917 2475 1124 2560; x_wconf 88' lang='lat' dir='ltr'>Nipperdeius</span> <span class='ocrx_word' id='word_1_146' title='bbox 1148 2474 1269 2546; x_wconf 68' lang='lat' dir='ltr'>ensnet</span> 
     </span>
     <span class='ocr_line' id='line_1_24' title="bbox 214 2580 1269 2668; baseline -0.005 -19"><span class='ocrx_word' id='word_1_147' title='bbox 214 2602 309 2667; x_wconf 89' lang='lat' dir='ltr'>neque</span> <span class='ocrx_word' id='word_1_148' title='bbox 342 2583 453 2648; x_wconf 86' lang='lat' dir='ltr'>dicitur</span> <span class='ocrx_word' id='word_1_149' title='bbox 483 2581 546 2643; x_wconf 81' lang='lat' dir='ltr'>viso</span> <span class='ocrx_word' id='word_1_150' title='bbox 572 2583 604 2643; x_wconf 80' lang='lat' dir='ltr'>in</span> <span class='ocrx_word' id='word_1_151' title='bbox 626 2584 744 2668; x_wconf 77' lang='lat' dir='ltr'>insepro</span> <span class='ocrx_word' id='word_1_152' title='bbox 769 2605 838 2660; x_wconf 78' lang='lat' dir='ltr'>esse,</span> <span class='ocrx_word' id='word_1_153' title='bbox 871 2588 903 2649; x_wconf 91' lang='lat' dir='ltr'>et</span> <span class='ocrx_word' id='word_1_154' title='bbox 935 2583 1022 2648; x_wconf 84' lang='lat' dir='ltr'>deest</span> <span class='ocrx_word' id='word_1_155' title='bbox 1050 2581 1097 2648; x_wconf 88' lang='lat' dir='ltr'>sic</span> <span class='ocrx_word' id='word_1_156' title='bbox 1119 2580 1269 2646; x_wconf 82' lang='lat' dir='ltr'>sententia</span> 
     </span>
     <span class='ocr_line' id='line_1_25' title="bbox 213 2688 981 2774; baseline -0.001 -19"><span class='ocrx_word' id='word_1_157' title='bbox 213 2690 372 2755; x_wconf 83' lang='lat' dir='ltr'>senatoriae</span> <span class='ocrx_word' id='word_1_158' title='bbox 393 2688 491 2753; x_wconf 84' lang='lat' dir='ltr'>altera</span> <span class='ocrx_word' id='word_1_159' title='bbox 513 2708 591 2772; x_wconf 85' lang='lat' dir='ltr'>pars,</span> <span class='ocrx_word' id='word_1_160' title='bbox 615 2709 675 2774; x_wconf 88' lang='lat' dir='ltr'>qua</span> <span class='ocrx_word' id='word_1_161' title='bbox 697 2690 761 2755; x_wconf 86' lang='lat' dir='ltr'>vita</span> <span class='ocrx_word' id='word_1_162' title='bbox 782 2690 981 2766; x_wconf 83' lang='lat' dir='ltr'>couoedatm.)</span> 
     </span>
     <span class='ocr_line' id='line_1_26' title="bbox 313 2790 1270 2880; baseline -0.005 -22"><span class='ocrx_word' id='word_1_163' title='bbox 313 2794 379 2859; x_wconf 88' lang='lat' dir='ltr'>Ibd.</span> <span class='ocrx_word' id='word_1_164' title='bbox 403 2793 459 2860; x_wconf 83' lang='lat'>66:</span> <span class='ocrx_word' id='word_1_165' title='bbox 494 2812 577 2871; x_wconf 84' lang='lat' dir='ltr'>mor</span> <span class='ocrx_word' id='word_1_166' title='bbox 611 2795 742 2861; x_wconf 87' lang='lat' dir='ltr'>Seiani</span> <span class='ocrx_word' id='word_1_167' title='bbox 773 2790 1270 2880; x_wconf 83' lang='lat' dir='ltr'>potentiaseuatcr(1uuius</span> 
     </span>
     <span class='ocr_line' id='line_1_27' title="bbox 213 2889 1270 2984; baseline -0.004 -17"><span class='ocrx_word' id='word_1_168' title='bbox 213 2900 305 2979; x_wconf 89' lang='lat' dir='ltr'>Otho)</span> <span class='ocrx_word' id='word_1_169' title='bbox 336 2900 505 2966; x_wconf 89' lang='lat' dir='ltr'>obscura</span> <span class='ocrx_word' id='word_1_170' title='bbox 540 2901 657 2967; x_wconf 86' lang='lat' dir='ltr'>initia</span> <span class='ocrx_word' id='word_1_171' title='bbox 700 2889 998 2984; x_wconf 89' lang='lat' dir='ltr'>impudentibus</span> <span class='ocrx_word' id='word_1_172' title='bbox 1042 2901 1154 2967; x_wconf 85' lang='lat' dir='ltr'>ausis</span> <span class='ocrx_word' id='word_1_173' title='bbox 1197 2917 1270 2983; x_wconf 83' lang='lat' dir='ltr'>pro</span> 
     </span>
     <span class='ocr_line' id='line_1_28' title="bbox 213 3007 1271 3092; baseline 0 -20"><span class='ocrx_word' id='word_1_174' title='bbox 213 3007 425 3090; x_wconf 86' lang='lat' dir='ltr'>polluebat.</span> <span class='ocrx_word' id='word_1_175' title='bbox 479 3008 586 3092; x_wconf 90' lang='lat' dir='ltr'>Neque</span> <span class='ocrx_word' id='word_1_176' title='bbox 622 3007 896 3092; x_wconf 86' lang='lat' dir='ltr'>propolluere‚</span> <span class='ocrx_word' id='word_1_177' title='bbox 930 3007 1010 3092; x_wconf 90' lang='lat' dir='ltr'>quod</span> <span class='ocrx_word' id='word_1_178' title='bbox 1042 3007 1190 3074; x_wconf 89' lang='lat' dir='ltr'>Halmius</span> <span class='ocrx_word' id='word_1_179' title='bbox 1217 3007 1271 3072; x_wconf 83' lang='lat' dir='ltr'>fru-</span> 
     </span>
     <span class='ocr_line' id='line_1_29' title="bbox 213 3103 1270 3199; baseline -0.005 -21"><span class='ocrx_word' id='word_1_180' title='bbox 213 3116 279 3178; x_wconf 84' lang='lat' dir='ltr'>stra</span> <span class='ocrx_word' id='word_1_181' title='bbox 300 3103 419 3178; x_wconf 75' lang='lat' dir='ltr'>tut&#39;elur</span> <span class='ocrx_word' id='word_1_182' title='bbox 440 3114 664 3197; x_wconf 89' lang='lat' dir='ltr'>comparatione</span> <span class='ocrx_word' id='word_1_183' title='bbox 681 3133 766 3198; x_wconf 87' lang='lat' dir='ltr'>aeque</span> <span class='ocrx_word' id='word_1_184' title='bbox 789 3109 876 3196; x_wconf 86' lang='lat' dir='ltr'>pravi</span> <span class='ocrx_word' id='word_1_185' title='bbox 895 3114 1100 3199; x_wconf 77' lang='lat' dir='ltr'>provisore</span> <span class='ocrx_word' id='word_1_186' title='bbox 1123 3113 1207 3187; x_wconf 80' lang='lat' dir='ltr'>eVi,</span> <span class='ocrx_word' id='word_1_187' title='bbox 1228 3113 1270 3184; x_wconf 74' lang='lat' dir='ltr'>lb,</span> 
     </span>
    </p>
   </div>
   <div class='ocr_carea' id='block_1_4' title="bbox 1318 3211 1320 3296">
    <p class='ocr_par' dir='ltr' id='par_1_4' title="bbox 1318 3211 1320 3350">
     <span class='ocr_line' id='line_1_30' title="bbox 1318 3211 1320 3296; baseline 0 7"><span class='ocrx_word' id='word_1_188' title='bbox 1318 3211 1320 3296; x_wconf 73' lang='lat' dir='ltr'>l</span> 
     </span>
    </p>
   </div>
   <div class='ocr_carea' id='block_1_5' title="bbox 214 3318 413 3327">
    <p class='ocr_par' dir='ltr' id='par_1_5' title="bbox 214 3318 413 3327">
     <span class='ocr_line' id='line_1_31' title="bbox 214 3318 413 3327; baseline -0.005 -1"><span class='ocrx_word' id='word_1_189' title='bbox 214 3318 413 3327; x_wconf 53' lang='lat'>—-—-—-·--</span> 
     </span>
    </p>
   </div>
   <div class='ocr_carea' id='block_1_6' title="bbox 207 3444 1320 4151">
    <p class='ocr_par' dir='ltr' id='par_1_6' title="bbox 207 3444 1320 4151">
     <span class='ocr_line' id='line_1_32' title="bbox 284 3444 1273 3514; baseline -0.002 -12"><span class='ocrx_word' id='word_1_190' title='bbox 284 3444 497 3503; x_wconf 85' lang='lat' dir='ltr'>lnscctsndi</span> <span class='ocrx_word' id='word_1_191' title='bbox 522 3462 576 3501; x_wconf 89' lang='lat' dir='ltr'>non</span> <span class='ocrx_word' id='word_1_192' title='bbox 599 3444 685 3501; x_wconf 89' lang='lat' dir='ltr'>solnm</span> <span class='ocrx_word' id='word_1_193' title='bbox 715 3446 912 3501; x_wconf 83' lang='lat' dir='ltr'>constructione</span> <span class='ocrx_word' id='word_1_194' title='bbox 942 3450 1041 3514; x_wconf 84' lang='lat' dir='ltr'>peccat,</span> <span class='ocrx_word' id='word_1_195' title='bbox 1071 3447 1118 3502; x_wconf 81' lang='lat' dir='ltr'>ssd</span> <span class='ocrx_word' id='word_1_196' title='bbox 1147 3447 1273 3503; x_wconf 75' lang='lat' dir='ltr'>sentemis</span> 
     </span>
     <span class='ocr_line' id='line_1_33' title="bbox 286 3537 1320 3611; baseline -0.002 -17"><span class='ocrx_word' id='word_1_197' title='bbox 286 3540 451 3611; x_wconf 74' lang='lat' dir='ltr'>grarimime,</span> <span class='ocrx_word' id='word_1_198' title='bbox 478 3554 526 3594; x_wconf 89' lang='lat' dir='ltr'>neo</span> <span class='ocrx_word' id='word_1_199' title='bbox 544 3538 641 3604; x_wconf 88' lang='lat' dir='ltr'>minus,</span> <span class='ocrx_word' id='word_1_200' title='bbox 669 3538 740 3609; x_wconf 92' lang='lat' dir='ltr'>quod</span> <span class='ocrx_word' id='word_1_201' title='bbox 769 3538 893 3594; x_wconf 81' lang='lat' dir='ltr'>Halmius</span> <span class='ocrx_word' id='word_1_202' title='bbox 917 3537 1047 3594; x_wconf 87' lang='lat' dir='ltr'>substitui</span> <span class='ocrx_word' id='word_1_203' title='bbox 1066 3540 1136 3606; x_wconf 79' lang='lat' dir='ltr'>vult,</span> <span class='ocrx_word' id='word_1_204' title='bbox 1167 3542 1272 3595; x_wconf 86' lang='lat' dir='ltr'>inssc-</span> <span class='ocrx_word' id='word_1_205' title='bbox 1319 3548 1320 3551; x_wconf 74' lang='grc'>’</span> 
     </span>
     <span class='ocr_line' id='line_1_34' title="bbox 285 3630 1272 3703; baseline 0.001 -18"><span class='ocrx_word' id='word_1_206' title='bbox 285 3632 366 3686; x_wconf 80' lang='lat' dir='ltr'>tari.</span> <span class='ocrx_word' id='word_1_207' title='bbox 403 3630 497 3702; x_wconf 84' lang='lat' dir='ltr'>Neque</span> <span class='ocrx_word' id='word_1_208' title='bbox 524 3631 594 3686; x_wconf 87' lang='lat' dir='ltr'>enim</span> <span class='ocrx_word' id='word_1_209' title='bbox 623 3633 749 3703; x_wconf 76' lang='lat' dir='ltr'>Anguste</span> <span class='ocrx_word' id='word_1_210' title='bbox 778 3631 934 3687; x_wconf 84' lang='lat' dir='ltr'>Plancinam</span> <span class='ocrx_word' id='word_1_211' title='bbox 964 3633 1086 3698; x_wconf 85' lang='lat' dir='ltr'>monuit,</span> <span class='ocrx_word' id='word_1_212' title='bbox 1115 3636 1148 3687; x_wconf 88' lang='lat' dir='ltr'>ut</span> <span class='ocrx_word' id='word_1_213' title='bbox 1171 3630 1272 3688; x_wconf 79' lang='lat' dir='ltr'>smnu-</span> 
     </span>
     <span class='ocr_line' id='line_1_35' title="bbox 286 3723 1272 3794; baseline -0.003 -15"><span class='ocrx_word' id='word_1_214' title='bbox 286 3724 359 3780; x_wconf 89' lang='lat' dir='ltr'>tioue</span> <span class='ocrx_word' id='word_1_215' title='bbox 376 3723 502 3779; x_wconf 89' lang='lat' dir='ltr'>muliebri</span> <span class='ocrx_word' id='word_1_216' title='bbox 524 3723 700 3794; x_wconf 71' lang='lat' dir='ltr'>Agrippinam</span> <span class='ocrx_word' id='word_1_217' title='bbox 718 3727 909 3789; x_wconf 80' lang='lat' dir='ltr'>insectaretur,</span> <span class='ocrx_word' id='word_1_218' title='bbox 937 3740 995 3794; x_wconf 82' lang='lat' dir='ltr'>qua</span> <span class='ocrx_word' id='word_1_219' title='bbox 1023 3740 1077 3780; x_wconf 89' lang='lat' dir='ltr'>non</span> <span class='ocrx_word' id='word_1_220' title='bbox 1095 3725 1272 3782; x_wconf 70' lang='lat' dir='ltr'>admonitione</span> 
     </span>
     <span class='ocr_line' id='line_1_36' title="bbox 286 3816 1272 3887; baseline -0.003 -15"><span class='ocrx_word' id='word_1_221' title='bbox 286 3816 390 3883; x_wconf 82' lang='lat' dir='ltr'>alione,</span> <span class='ocrx_word' id='word_1_222' title='bbox 426 3816 471 3872; x_wconf 87' lang='lat' dir='ltr'>sed</span> <span class='ocrx_word' id='word_1_223' title='bbox 506 3832 555 3871; x_wconf 87' lang='lat' dir='ltr'>sus</span> <span class='ocrx_word' id='word_1_224' title='bbox 581 3819 675 3886; x_wconf 86' lang='lat' dir='ltr'>sponte</span> <span class='ocrx_word' id='word_1_225' title='bbox 711 3818 843 3882; x_wconf 85' lang='lat' dir='ltr'>nascitur,</span> <span class='ocrx_word' id='word_1_226' title='bbox 875 3816 924 3872; x_wconf 86' lang='lat' dir='ltr'>sed</span> <span class='ocrx_word' id='word_1_227' title='bbox 954 3818 1014 3887; x_wconf 82' lang='lat' dir='ltr'>ipse</span> <span class='ocrx_word' id='word_1_228' title='bbox 1046 3819 1218 3875; x_wconf 72' lang='lat' dir='ltr'>emulatione</span> <span class='ocrx_word' id='word_1_229' title='bbox 1247 3816 1272 3870; x_wconf 93' lang='lat' dir='ltr'>in</span> 
     </span>
     <span class='ocr_line' id='line_1_37' title="bbox 287 3909 1273 3983; baseline 0.001 -19"><span class='ocrx_word' id='word_1_230' title='bbox 287 3909 464 3980; x_wconf 74' lang='lat' dir='ltr'>Agrippinam</span> <span class='ocrx_word' id='word_1_231' title='bbox 490 3910 598 3965; x_wconf 80' lang='lat' dir='ltr'>incensa</span> <span class='ocrx_word' id='word_1_232' title='bbox 624 3913 652 3965; x_wconf 87' lang='lat' dir='ltr'>et</span> <span class='ocrx_word' id='word_1_233' title='bbox 676 3926 733 3966; x_wconf 86' lang='lat' dir='ltr'>eam</span> <span class='ocrx_word' id='word_1_234' title='bbox 760 3911 894 3966; x_wconf 86' lang='lat' dir='ltr'>inssctsus</span> <span class='ocrx_word' id='word_1_235' title='bbox 919 3911 1090 3977; x_wconf 81' lang='lat' dir='ltr'>Plancinam,</span> <span class='ocrx_word' id='word_1_236' title='bbox 1118 3912 1186 3983; x_wconf 92' lang='lat' dir='ltr'>quid</span> <span class='ocrx_word' id='word_1_237' title='bbox 1209 3911 1273 3966; x_wconf 81' lang='lat' dir='ltr'>isoe-</span> 
     </span>
     <span class='ocr_line' id='line_1_38' title="bbox 286 4002 1274 4075; baseline 0.001 -19"><span class='ocrx_word' id='word_1_238' title='bbox 286 4006 336 4066; x_wconf 84' lang='lat' dir='ltr'>ret,</span> <span class='ocrx_word' id='word_1_239' title='bbox 365 4002 481 4067; x_wconf 87' lang='lat' dir='ltr'>monuit,</span> <span class='ocrx_word' id='word_1_240' title='bbox 510 4006 541 4058; x_wconf 87' lang='lat' dir='ltr'>ut</span> <span class='ocrx_word' id='word_1_241' title='bbox 567 4002 692 4058; x_wconf 86' lang='lat' dir='ltr'>Pisonem</span> <span class='ocrx_word' id='word_1_242' title='bbox 718 4019 735 4057; x_wconf 82' lang='lat' dir='ltr'>s</span> <span class='ocrx_word' id='word_1_243' title='bbox 760 4003 869 4059; x_wconf 81' lang='lat' dir='ltr'>Tiberio</span> <span class='ocrx_word' id='word_1_244' title='bbox 896 4005 1029 4058; x_wconf 83' lang='lat' dir='ltr'>monitum</span> <span class='ocrx_word' id='word_1_245' title='bbox 1058 4004 1172 4075; x_wconf 77' lang='lat' dir='ltr'>qnidam</span> <span class='ocrx_word' id='word_1_246' title='bbox 1197 4002 1274 4060; x_wconf 79' lang='lat' dir='ltr'>orodi·</span> 
     </span>
     <span class='ocr_line' id='line_1_39' title="bbox 207 4091 1030 4151; baseline 0 -3"><span class='ocrx_word' id='word_1_247' title='bbox 207 4138 208 4141; x_wconf 14' lang='grc' dir='ltr'>η</span> <span class='ocrx_word' id='word_1_248' title='bbox 287 4091 393 4151; x_wconf 87' lang='lat' dir='ltr'>derunt.</span> <span class='ocrx_word' id='word_1_249' title='bbox 1027 4093 1030 4101; x_wconf 88' lang='lat'>&#39;</span> 
     </span>
    </p>
   </div>
   <div class='ocr_carea' id='block_1_7' title="bbox 0 0 1345 5056">
    <p class='ocr_par' dir='ltr' id='par_1_7' title="bbox 0 0 1345 5056">
     <span class='ocr_line' id='line_1_40' title="bbox 0 0 1345 5056; baseline 0 0"><span class='ocrx_word' id='word_1_250' title='bbox 0 0 1345 5056; x_wconf 95' lang='lat' dir='ltr'> </span> 
     </span>
    </p>
   </div>
  </div>
 </body>
</html>
