2656 5056
260 271 321 334 556
614 271 898 343 Lib.v111.cap.vr.

218 485 269 568 qui
292 483 372 548 inter
393 482 465 547 His
488 480 520 544 et
540 481 725 556 tanquam
748 472 865 537 lacunae
889 475 978 558 signa
999 479 1117 560 posuit.
1162 481 1283 547 Dolori

217 589 316 654 forma
337 607 395 654 non
434 585 550 658 dubito,
584 600 639 645 nce
668 579 832 643 admodum
864 580 1032 648 difficulter
1057 606 1095 651 ex
1119 607 1282 653 rumores

219 696 302 767 nasei
336 694 438 776 potuit
460 679 551 755 sunt
578 688 654 759 bis3
688 685 715 748 si
739 685 807 767 quis
829 689 932 751 tamm
955 691 1083 773 propius
1107 694 1148 758 ad
1171 696 1282 760 littera·

218 820 285 864 rum
309 800 439 882 vestigia
472 792 647 867 accesserit,
678 790 811 854 libenter
831 793 992 874 accipiam.
1051 799 1138 864 Illud
1159 802 1281 866 sonam

218 907 439 978 annotandum,
461 902 549 966 buius
573 901 603 963 et
626 896 777 962 inferioris
800 897 900 961 aetatis
922 901 1086 982 scriptores
1102 908 1177 987 post
1190 909 1280 991 opini-

217 1013 292 1079 onis.
315 1012 403 1076 famae
426 1008 598 1073 similemve
620 1003 876 1087 significationem
911 1024 992 1086 saepe
1023 1011 1212 1095 tanquam
1233 1018 1281 1078 aut

218 1118 332 1202 quasi
353 1133 475 1200 ponere,
498 1112 548 1176 nbi
570 1111 754 1193 antiquiores
776 1111 961 1175 sententiam
984 1111 1144 1182 infinitam
1168 1121 1282 1202 posuis·

217 1222 400 1297 sent3‘velut
411 1219 508 1284 Tacit.
519 1217 654 1287 annlll,
665 1215 704 1276 12
715 1216 903 1301 (differrique
908 1236 967 1299 par
979 1227 1128 1296 colonos,
1140 1236 1278 1309 tanquam

216 1349 324 1390 ameno
346 1327 523 1409 interceptus
546 1328 640 1400 cocat),
672 1321 756 1394 XIV,
781 1321 820 1383 22
842 1323 892 1399 (da
913 1345 971 1407 quo
997 1325 1085 1410 oulya‘
1106 1335 1213 1418 opinio
1233 1343 1277 1405 eet,

217 1444 361 1517 conquam
462 1430 647 1518 portendat),
669 1428 741 1493 hist.
767 1429 814 1501 ΙΙ.Ι
850 1427 890 1489 65
922 1429 1086 1505 (detulerat
1113 1444 1277 1520 ἰαπφιαηι),

216 1539 321 1605 Senec.
347 1541 450 1622 quaest.
471 1539 535 1602 nat.
557 1535 600 1613 ΙΙ,
623 1534 677 1611 3‘2,
712 1534 741 1608 2,
775 1533 854 1600 Geli.
878 1533 934 1607 Ill,
956 1534 977 1595 9
1000 1536 1189 1619 (fama'.‚.
1217 1553 1278 1603 san-

216 1668 308 1728 qunm
410 1642 587 1726 properatae
611 1641 726 1725 forem
760 1639 881 1704 Sueten.
905 1643 982 1724 Aug.
1007 1641 1038 1718 6,
1062 1645 1114 1716 28,
1139 1649 1208 1713 Tib.
1233 1651 1276 1722 11,

216 1750 266 1822 21,
305 1750 345 1809 44
392 1748 518 1830 (ubique
556 1747 669 1831 quasi).
731 1747 966 1829 Quamquam
1004 1770 1061 1832 pro
1096 1759 1276 1839 tanquam

215 1852 308 1918 codex
331 1854 423 1918 etiarn
447 1852 515 1926 XV,
542 1855 552 1905 ἴ
562 1854 591 1919 9.

313 1961 380 2025 Lib.
403 1958 468 2035 XV,
494 1961 546 2022 12:
590 1959 666 2023 llle
695 1956 849 2038 (uorbolo)
963 1979 1040 2044 qua
1062 1968 1274 2046 proximum

215 2069 253 2130 et
289 2063 576 2131 commeatibus
613 2082 684 2128 non
723 2083 895 2148 egenum,
929 2068 1136 2150 regionem
1172 2073 1276 2139 Com-

214 2191 412 2255 magenam
561 2171 715 2252 petivit.
770 2171 1028 2238 Vixcredolerri
1051 2181 1274 2262 possoimper·

215 2274 362 2344 sonaliter
400 2278 534 2342 dictum:
580 2299 640 2361 quo
685 2274 908 2340 eorumeotidue‘
934 2301 994 2342 nori
1035 2303 1167 2365 cycnum
1207 2296 1274 2348 aar.

214 2385 322 2467 ltaque
356 2386 426 2447 anto
460 2388 499 2447 et
520 2382 666 2448 excidisse
688 2384 824 2464 suspicor
856 2388 929 2446 iter
951 2393 1037 2469 (qua
1059 2393 1276 2471 proximum

214 2490 444 2555 iteretcn
479 2495 546 2572 eg.)

316 2596 381 2661 Ibd.
405 2594 461 2656 21:
498 2593 823 2679 Decernaturquo
855 2600 894 2661 et
925 2605 1081 2666 mancat
1115 2606 1277 2684 proriu-

214 2702 387 2767 cialibus
409 2700 626 2783 poteutiam
662 2720 767 2765 suam
800 2701 876 2765 tali
906 2703 1016 2768 modo
1039 2708 1275 2773 ostentandi.

213 2808 279 2872 Hoc
291 2807 361 2871 ferri
373 2825 431 2870 non
445 2824 532 2890 posse
544 2807 604 2869 iarn
618 2805 1074 2890 adx111,26oixi‚praesernm
1089 2832 1163 2878 cum
1176 2835 1213 2879 nc
1233 2815 1273 2878 in·

213 2914 348 2979 finitivus
383 2912 504 2997 quidem
528 2914 627 2977 rectus
640 2912 728 2978 toret
760 2918 894 2992 (snoneoo
914 2919 1164 2999 provincialibus
1186 2932 1274 2984 orun-

213 3028 295 3096 rore).
344 3019 403 3083 Sed
425 3020 570 3083 mendum
595 3018 788 3084 manifestum
813 3020 966 3084 estetiam
982 3022 1015 3085 in
1038 3029 1272 3106 potentiane

212 3125 295 3189 nulla
327 3126 408 3189 enim
449 3127 478 3189 in
513 3126 570 3190 hac
608 3144 640 3190 re
674 3125 809 3206 potentia
843 3127 1076 3207 provincialium
1110 3140 1188 3209 erat,
1223 3132 1269 3196 sed

212 3231 377 3295 voluntatis
414 3234 445 3294 ot
481 3231 586 3296 iudicii
622 3230 819 3314 significatio,
855 3231 1011 3298 interdum
1048 3240 1188 3320 potentis
1223 3240 1270 3303 ant

210 3335 338 3419 gratiosi
372 3336 500 3400 bominis
531 3336 714 3403 auctoritate
737 3355 886 3419 expressa.
931 3339 1097 3423 Scripsisse
1132 3346 1266 3410 Tacitum

211 3442 331 3523 opinor:
370 3445 408 3506 ct
436 3446 593 3508 maneat
624 3443 948 3526 provincialibus
979 3458 1162 3529 potestas
1193 3472 1268 3514 ειη.

211 3546 498 3612 renriom'suam
529 3550 603 3612 tali
632 3548 740 3614 modo
763 3551 1010 3617 ostentandi.
1066 3555 1265 3637 (Potestas

211 3654 303 3718 etiam
329 3654 446 3718 Rittero
468 3655 498 3717 in
523 3659 657 3719 mentem
680 3659 814 3730 venerat,
837 3655 891 3719 sed
913 3655 1001 3741 longe
1022 3661 1141 3744 alitor.)

309 3754 375 3818 Ibd.
407 3756 462 3823 25:
506 3761 700 3843 Syriaque
734 3761 892 3826 excutio
926 3765 1025 3845 citio
1059 3765 1109 3841 (C.
1141 3768 1263 3833 Cestio

209 3859 334 3942 Pighius
362 3865 403 3940 et
435 3865 605 3947 Nipperd.),
651 3867 772 3948 copiae
816 3868 1015 3934 militares
1052 3869 1260 3939 Corbuloni

204 3966 417 4046 permissae.
486 3970 569 4034 Nibil
606 3989 729 4053 prorsus
772 3975 835 4046 est,
880 3975 1022 4058 quicquid
1066 3979 1259 4064 Nipperdeius

208 4069 341 4145 molitur,
374 4070 468 4155 Syriae
485 4077 690 4160 ¹(prouinciae)
723 4080 864 4157 enecatio,
899 4100 968 4147 cum
997 4087 1169 4166 prasertim
1193 4102 1257 4149 con·
