2626 5070
271 279 335 344 330
628 278 687 335 nro.
695 279 774 335 v111.
793 279 859 349 cap.
873 281 895 336 1.

233 479 468 545 deformiter
488 478 700 561 cogeretur.
743 475 813 543 Non
838 477 1089 554 alterumntrum,
1111 478 1262 544 sedutnu·

228 603 290 669 qus
314 585 415 650 facere
436 585 560 650 coactus
582 585 641 649 ese

332 688 399 755 lbd.
422 689 535 754 Damn.
559 690 575 750 1
601 688 694 754 scrib.
716 687 787 753 sed
810 697 841 750 et
862 688 1013 772 alioqui
1035 687 1096 754 vir
1116 684 1265 753 sinceris·

232 794 339 861 simae
359 795 449 860 vitae
471 798 511 858 et
533 795 580 859 ab
602 793 675 859 hac
705 793 929 876 suspicione
956 795 1097 876 procul
1117 792 1265 858 remotos

232 900 333 984 Vulgo
354 900 443 965 abest
464 899 502 963 et
521 899 620 982 priora
641 898 719 964 loco.

332 1003 400 1069 Ibd.
425 1005 516 1069 Amb.
549 1002 701 1069 2scrib.:
732 1004 825 1087 quia
856 1003 947 1085 ipse
979 1021 1102 1085 neque
1132 1004 1265 1069 liberare

233 1106 378 1174 duabus
400 1108 566 1173 caedibus
589 1109 898 1173 contaminatam
929 1125 1050 1190 nequo
1071 1109 1265 1191 puniretar

232 1213 338 1297 (vulgo
374 1222 466 1290 eam)
505 1213 607 1278 iusto
643 1212 774 1279 dolore
820 1212 1027 1295 impulsam
1071 1210 1265 1279 sustinebat

233 1318 388 1403 [Tamen]

333 1422 399 1487 [bd.
423 1423 452 1497 2,
475 1422 513 1486 2:
563 1422 667 1501 Quod
704 1423 738 1488 si
768 1423 901 1488 eadem
926 1422 1096 1488 formula
1123 1424 1263 1490 Varroe

234 1527 408 1593 damnari
453 1529 491 1592 et
521 1528 751 1594 adversaria
785 1528 934 1594 absolvi
970 1529 1185 1612 potuisset,
1219 1527 1264 1594 eiu

235 1652 385 1717 quoquc
421 1653 493 1699 non
521 1634 653 1699 dubito
675 1634 764 1717 quin
795 1637 946 1717 turpem
971 1636 1007 1699 et
1033 1636 1265 1700 inconcessur

235 1759 404 1805 errorem
440 1739 617 1805 libenter
659 1740 936 1824 castigaturus
977 1741 1109 1805 fuerit.
1176 1740 1265 1805 Tollen

235 1843 475 1920 adversaria,
498 1843 578 1927 quod
601 1864 692 1910 nemo
714 1844 828 1910 addere
850 1847 959 1928 potuit.
1014 1846 1230 1912 Scribendum:
1256 1860 1265 1904 e

235 1946 415 2013 damnari
450 1951 488 2013 et
518 1949 563 2011 ab
597 1950 825 2015 adversaria
860 1951 1031 2028 absolvi,
1070 1951 1128 2017 hoc
1162 1955 1224 2028 est,
1255 1965 1265 2010 e

228 2053 301 2119 eius
334 2055 493 2136 petitione,
530 2058 566 2121 ut
599 2056 679 2138 apud
713 2056 892 2122 Ciceronem
921 2076 976 2140 pro
1010 2059 1101 2123 Rosc.
1136 2058 1221 2124 Com,
1248 2053 1265 2114 θ’

231 2161 341 2225 'Senec
364 2181 410 2245 ep.
434 2160 485 2239 81,
506 2162 536 2223 4.
582 2162 641 2226 Pro
664 2179 833 2229 errorem
855 2162 1081 2229 restituendum
1096 2166 1265 2246 jeroorer

235 2266 394 2343 (Halmius
416 2273 602 2343 amorem.)

339 2372 404 2437 lbd.
427 2374 446 2434 'l
459 2392 600 2457 prooem:
623 2393 703 2456 quae
725 2373 902 2456 (industria)
918 2391 999 2437 curn
1021 2373 1074 2437 sit
1094 2374 1262 2454 perlecti

237 2478 336 2543 sima
357 2478 496 2553 virtus,
518 2480 747 2544 duramento
777 2479 836 2543 sui
868 2478 1085 2555 confirmat.
1143 2480 1265 2565 Corrigu

239 2584 510 2650 confirmatur.
570 2584 632 2649 Sed
653 2602 752 2668 neque
779 2583 932 2648 industria
961 2584 1189 2666 perfectissima
1209 2588 1265 2652 virt

238 2690 388 2773 appellari
420 2709 438 2754 a
460 2690 582 2756 Valerio
612 2689 721 2774 potuit,
743 2708 842 2771 neque
873 2690 1005 2755 causalis
1027 2690 1215 2774 significatio
1236 2712 1265 2776 ap

238 2797 298 2859 est.
328 2794 540 2861 'Scribendum
569 2799 656 2880 pulo:
689 2815 787 2880 quae,
826 2817 897 2880 quo
919 2797 972 2861 sit
1004 2795 1265 2877 perfectissin

241 2900 380 2978 virtus,
413 2903 640 2967 duramento
679 2902 741 2969 sui
775 2902 995 2967 confirmat.
1050 2901 1208 2967 Industria
1243 2924 1265 2968 r

242 3008 340 3070 tutem
364 3007 455 3073 durat
476 3012 509 3073 et
529 3009 701 3082 confirmat,
723 3027 781 3091 quo
805 3007 1032 3091 perfectissima
1053 3006 1104 3073 sit.

341 3112 406 3177 lbd.
429 3113 461 3177 3:
499 3115 704 3181 Terentius
719 3115 849 3179 autem
871 3115 1007 3191 Varro,
1028 3113 1199 3178 humanae
1221 3116 1258 3179 vi

234 3220 417 3301 exemplo
439 3224 481 3283 et
502 3220 632 3304 spatio
660 3218 931 3295 nominandus,
964 3238 1034 3284 non
1057 3218 1184 3296 annis,
1222 3240 1265 3304 qu

241 3326 309 3392 bus
331 3325 462 3391 saeculi
484 3327 637 3407 tempus
668 3326 851 3409 aequavit,
884 3344 994 3407 quam
1016 3324 1112 3391 stilo
1134 3326 1264 3392 vivaci

241 3431 324 3497 fuit.
383 3431 592 3497 Gerundivum
616 3430 897 3509 (nominandus)
930 3431 1046 3495 nullam
1069 3433 1192 3497 omnino
1217 3434 1265 3497 hal

242 3537 470 3614 auctoritatem,
505 3540 537 3602 in
574 3539 599 3602 B
632 3539 663 3603 in
700 3538 840 3623 margine
867 3535 1000 3603 secunda
1029 3556 1122 3601 manu
1151 3537 1265 3604 additu*

243 3661 299 3707 nec
334 3643 502 3727 exemplo
534 3644 623 3709 vitae
650 3642 911 3711 nominandus
939 3642 1013 3726 quid
1034 3643 1086 3720 sit,
1110 3643 1204 3708 facile
1226 3664 1265 3728 qu

243 3767 336 3832 quam
388 3749 505 3816 dixerit.
566 3748 698 3814 Videtur
749 3749 860 3815 fuisse:
919 3748 1132 3813 Terentius
1182 3750 1265 3814 aute

243 3853 380 3932 Varro,
412 3856 579 3920 humanu
611 3854 699 3920 vitoe
721 3855 933 3940 cuempiam
966 3857 1003 3919 et
1026 3855 1197 3935 (etiami)
1221 3873 1263 3937 sp

234 3957 315 4034 tio,
347 3977 418 4024 non
452 3960 561 4025 annis
666 3961 839 4034 vivacior
866 3958 951 4024 luit.
985 3960 1111 4025 .Var1·o
1140 3959 1179 4023 ob
1202 3959 1265 4024 mul
