2656 5056
500 1866 715 1943 LiberII.

414 2050 654 2116 Emendationes
675 2050 804 2116 Latinae.

542 2216 628 2298 Cap.
651 2217 675 2282 Ι.

413 2370 552 2426 Ciceronis
569 2371 635 2425 libri
653 2371 791 2428 rhetorici.

170 2522 428 2589 Emendationum
451 2522 631 2589 Latinarum
654 2525 685 2588 et
708 2524 840 2606 primam
870 2525 903 2588 et
924 2524 1015 2606 longe
1038 2522 1141 2605 copio-

64 2630 228 2697 sissimam
249 2632 368 2713 partem
389 2630 511 2695 Marcus
526 2629 632 2695 Cicero
654 2628 714 2694 sibi
731 2628 910 2704 vindicabit,
925 2631 1011 2694 cuius
1025 2630 1142 2705 temen,

64 2738 121 2820 qui
154 2736 193 2801 ad
226 2734 454 2820 philosophiam
476 2735 638 2820 portinent,
671 2736 766 2801 libros
790 2756 850 2801 non
873 2737 1082 2819 attingemns3
1104 2754 1140 2800 ex

65 2845 117 2919 iis,
153 2842 206 2925 qui
238 2842 338 2907 artem
360 2840 526 2907 oratoriam
560 2844 714 2924 exponunt
736 2843 768 2906 et
790 2842 908 2915 docent,
931 2842 1077 2924 qnoniam
1100 2839 1140 2906 ad

66 2968 130 3022 eos,
156 2947 209 3031 qai
230 2948 351 3029 proprie
378 2947 603 3012 rhetoricorum
632 2965 743 3012 nomen
772 2950 889 3019 tenent,
919 2947 1012 3031 volgo
1033 2948 1137 3012 antem

67 3054 107 3118 ds
143 3052 321 3119 inventione
356 3052 562 3136 appellantur,
600 3054 678 3119 nibil
715 3054 786 3119 nori
823 3053 989 3127 afferimus,
1026 3052 1136 3117 scriem

67 3158 182 3224 ducent
217 3161 281 3226 tros
314 3159 354 3226 de
376 3160 509 3227 oratore
541 3159 622 3239 libri,
658 3160 697 3225 ad
730 3180 807 3244 quos
839 3159 1033 3243 expoliandos
1069 3177 1139 3223 cum

67 3283 164 3347 prope
193 3266 370 3332 adolescens
393 3266 609 3332 Henrichsenii
631 3268 691 3333 mei
715 3268 820 3333 studia
841 3267 990 3332 adiuvans
1012 3284 1071 3329 non
1095 3264 1139 3328 ita

67 3389 167 3451 pauca
188 3371 398 3458 contulissem,
429 3377 536 3454 postea
563 3374 685 3456 parcius
708 3373 809 3458 attigi.
857 3374 917 3438 Eos
940 3371 1036 3455 igitur
1059 3371 1140 3434 tem-

67 3496 141 3559 pore
172 3478 334 3544 interiecto
369 3498 438 3544 cum
469 3480 565 3544 semel
594 3483 689 3564 atque
718 3482 832 3545 iterum
862 3477 993 3546 celerius
1014 3493 1138 3559 percur-

66 3585 189 3657 rissem,
222 3602 301 3649 anno
334 3584 398 3648 fere
433 3587 510 3648 1871
546 3589 694 3653 intentius
716 3587 915 3652 retractarem
938 3581 1139 3650 consideratis

67 3689 164 3754 otiam
197 3690 363 3774 diligenter
394 3691 507 3756 codicis
540 3693 742 3758 abrincensis
772 3693 940 3775 scripturis,
974 3690 1029 3773 qui
1060 3706 1139 3752 uinus

68 3795 278 3861 memorabilis
309 3816 366 3861 nec
388 3799 493 3862 tamen
517 3800 791 3879 praestantissimus
813 3797 1055 3864 instrumentum
1078 3793 1138 3857 cri·

67 3903 165 3967 ticum
193 3903 286 3977 auxit,
319 3901 394 3975 haec,
427 3921 495 3986 quae
517 3904 688 3984 subiiciam
712 3907 795 3971 certa
817 3909 872 3971 aut
893 3901 1044 3987 probabili
1066 3918 1139 3965 con-

66 4009 186 4074 iectura
216 4028 274 4074 nec
307 4009 345 4073 ab
378 4010 448 4074 aliis
479 4013 628 4093 occupata
662 4013 803 4096 expedire
836 4011 912 4077 mihi
946 4009 1029 4073 visus
1059 4025 1137 4071 sum.

68 4113 274 4198 Quamquam,
299 4134 392 4197 quem
425 4116 559 4197 primum
590 4136 701 4202 penam
736 4120 849 4199 locum,
883 4137 953 4182 cum
984 4132 1044 4179 non
1073 4114 1138 4176 tarn

65 4222 160 4303 plane
193 4221 334 4305 expedire
366 4241 491 4304 possum
525 4243 628 4307 quam,
662 4226 813 4310 quomodo
846 4243 919 4290 vera
952 4222 1018 4287 eins
1040 4221 1140 4286 forma

65 4327 266 4405 turbabant,
289 4329 441 4408 indicare;
464 4349 536 4394 nam

170 4433 224 4499 lib.
254 4435 271 4499 Ι
301 4437 321 4515 ξ
354 4436 414 4499 146
447 4455 493 4519 sq.
526 4437 592 4502 haec
627 4439 786 4522 leguntur:
823 4438 926 4520 quod
959 4434 1138 4513 (artificium

64 4538 227 4605 rhetorum
265 4542 477 4608 observatione
511 4544 544 4608 et
573 4562 665 4626 opera
695 4545 898 4610 constitutum
922 4547 953 4609 et
975 4544 1141 4620 traditum)
