2662 5046
287 229 348 293 258
633 232 903 304 montonem.

343 429 410 495 llud.
434 430 490 493 54:
513 448 606 514 quoa
629 432 667 496 et
688 448 795 514 quam
818 432 982 499 humiles
1004 439 1226 521 accepisset
1254 492 1280 510 ..

243 536 283 600 et
302 553 411 618 quam
440 537 477 600 in
509 535 700 612 fortunam
730 555 914 622 quemquo
947 541 985 604 in
1013 544 1280 626 amplitudine:

244 641 481 707 deduxisset.
526 639 726 718 Deducimus,
749 660 816 725 quae
839 644 957 711 exeolm
979 645 1044 712 loeo
1066 653 1148 726 sunt
1176 652 1208 717 in
1230 654 1280 719 ini

240 748 366 824 riorem;
401 766 436 812 ex
457 745 598 811 interiore
619 747 651 811 in
672 749 859 831 supeniorem
892 749 1050 818 educimus
1083 758 1116 821 et
1137 758 1280 825 evehimn

240 854 282 918 Et
303 848 498 916 edocuisset
518 853 692 936 significent
713 853 830 919 codices
853 854 1029 934 deteriores,
1074 859 1107 924 in
1141 863 1269 945 quibus,

239 960 335 1024 semel
358 960 481 1042 scripto,
510 960 559 1023 cst
580 958 948 1043 amplitudinemque
969 961 1134 1032 duxisse.
1186 970 1280 1036 uada

239 1066 385 1130 correctio
407 1064 579 1130 adhibenda
600 1068 649 1129 est
670 1083 696 1129 o.
720 1064 770 1142 68,
793 1067 829 1129 ut
848 1065 1017 1132 scribatur:
1050 1069 1280 1156 impedimen

236 1172 289 1238 tis
329 1173 365 1236 in
402 1170 611 1254 proximum
655 1171 789 1235 collem
833 1170 977 1234 eductis
1019 1193 1074 1257 pro
1114 1177 1274 1245 deducti

236 1277 324 1343 Idem
346 1296 429 1343 error
449 1276 604 1342 tollendus
627 1276 686 1340 orit
707 1294 724 1340 s
745 1275 869 1340 Senecae
895 1293 975 1344 cons.
1008 1280 1048 1345 ad
1070 1281 1181 1366 Polyb.
1204 1284 1241 1362 6,
1273 1286 1280 1346 ἱ

336 1383 403 1449 lbd.
429 1383 485 1445 56:
528 1380 620 1447 Nam
648 1383 690 1446 ut
719 1383 948 1448 commutato
978 1387 1142 1452 oonsilio
1168 1388 1276 1455 iteri

222 1489 469 1573 ,provinciam
491 1489 749 1565 converteret,
783 1489 823 1553 ut
847 1506 894 1552 ne
927 1491 1028 1555 metu
1060 1492 1214 1575 quidem
1236 1515 1280 1562 ne

236 1595 407 1661 cessario
448 1593 666 1659 faciundum
707 1592 974 1673 existimabat,
1017 1615 1098 1663 cum
1141 1597 1278 1666 infami

235 1707 347 1786 atquo
369 1702 585 1785 indignitas
619 1698 675 1765 rei
707 1701 745 1763 et
775 1700 977 1783 oppositus
999 1722 1103 1769 mons
1126 1705 1277 1771 Couenn

233 1809 454 1889 viarumque
487 1805 707 1870 difficultas
740 1804 993 1887 impediebat,
1028 1812 1107 1875 tum
1137 1813 1275 1878 maxim

234 1912 330 1997 quod
357 1961 365 1978 .
394 1963 402 1978 .
427 1957 437 1977 .
464 1912 636 1977 timebat.
680 1908 732 1974 Sic
754 1909 894 1987 codices,
922 1912 983 1977 nisi
1011 1914 1092 1997 qnod
1114 1915 1280 1984 deteriores

233 2018 493 2103 converteret,
528 2017 566 2082 id
592 2034 637 2082 ns
668 2018 771 2082 metu
793 2015 943 2099 quidem
964 2020 1023 2084 oet.
1066 2020 1137 2088 Non
1158 2024 1280 2090 refellat

232 2145 329 2210 neque
354 2143 417 2202 eos,
443 2122 495 2208 qui
509 2125 558 2188 ut
583 2170 591 2187 .
612 2171 620 2188 .
639 2169 663 2197 .‚
686 2121 921 2205 impediebat
942 2125 1020 2189 mue
1041 2126 1220 2203 defendunt,
1240 2151 1280 2197 ne

229 2250 362 2315 queens,
385 2230 437 2314 qui
459 2229 605 2296 audacter
629 2232 669 2293 nt
695 2227 726 2292 iu
750 2246 793 2292 ne
814 2231 952 2304 mntnnt;
985 2231 1043 2297 hoc
1064 2252 1160 2299 nuum
1182 2235 1280 2302 dicam

229 2356 299 2402 cnm
324 2356 379 2420 per
400 2355 432 2401 so
453 2354 545 2419 praue
577 2335 635 2400 hoc
663 2335 729 2400 loco
749 2335 903 2417 interponi
930 2338 1060 2403 eliorum
1082 2344 1170 2422 (qnos
1193 2340 1279 2409 Gaess

227 2443 382 2508 consultos
404 2460 463 2507 non
488 2441 824 2526 significat)sententiae
846 2443 1049 2522 mentionem
1066 2444 1133 2511 sive
1154 2447 1272 2514 omnim

226 2550 282 2626 (ut
303 2566 408 2613 nemo
432 2567 503 2613 non
533 2598 540 2615 .
564 2598 570 2612 .
594 2597 603 2614 .
630 2547 891 2629 existimabat)
914 2547 978 2614 siue
999 2550 1217 2616 nonnullorum
1240 2558 1266 2632 (ι

156 2711 160 2720 .
225 2674 296 2721 non
326 2656 457 2737 nemo),
480 2657 546 2719 tum
571 2654 730 2738 perspicue
752 2653 904 2744 cohaerere
924 2652 1006 2719 haec:
1049 2655 1142 2722 Nam
1165 2660 1208 2722 nt
1235 2691 1258 2726 ,ι

224 2762 475 2838 converteret,
496 2759 541 2825 ne
640 2760 790 2844 quidem
812 2777 887 2824 noc
910 2759 1130 2825 faciundum
1152 2763 1252 2832 exist

223 2866 360 2931 maba't.
404 2866 472 2932 Hoc
492 2870 612 2950 reperto
633 2866 881 2948 conmmatoque,
902 2864 1013 2931 deinde
1033 2865 1168 2951 intelligi
1189 2868 1245 2943 del

222 2972 444 3037 necessario
465 2971 550 3037 nullo
572 2971 663 3036 modo
685 2990 755 3036 oum
776 2971 869 3036 uerbo
902 2970 1124 3037 faciundum
1155 2992 1211 3056 pro
1230 2991 1238 3038 ι

223 3076 325 3142 verbio
347 3078 490 3162 coniungi
511 3096 616 3159 posse;
650 3081 718 3143 tum
751 3077 835 3142 enim
866 3076 976 3142 subiici
1001 3095 1101 3142 causae
1122 3076 1232 3147 debete

70 3239 84 3253 „
122 3179 130 3192 ”
220 3202 288 3265 qnae
309 3185 526 3249 necessitatem
547 3184 667 3250 itineris
700 3184 732 3249 in
764 3182 952 3266 prouinciam
973 3182 1174 3248 convertendi
1195 3186 1224 3255 ts

220 3290 290 3354 rent
310 3291 365 3355 eut
389 3290 500 3354 saltem
523 3291 714 3381 minuerant3
738 3287 941 3354 subiiciuntur
961 3289 1079 3366 antem,
1102 3307 1171 3370 qnae
1193 3308 1217 3374 1¹

217 3394 278 3477 ipsi
312 3395 490 3460 necessitati
521 3395 685 3462 obstabant
720 3394 960 3477 suadebantque,
995 3396 1031 3459 ut
1070 3394 1211 3465 audacte

217 3501 363 3568 interiora
384 3501 493 3568 Galliae
515 3504 736 3584 penetraretur.
806 3499 1024 3566 Reaccendum
1046 3500 1141 3586 igitur
1164 3520 1203 3567 ef

218 3607 319 3672 cibus:
356 3606 394 3672 id
420 3609 487 3685 (hoo
515 3627 531 3673 e
553 3606 752 3674 deterioribus
779 3607 907 3688 prout)
931 3625 977 3671 ne
999 3608 1108 3672 metu
1129 3607 1195 3690 qui

216 3714 439 3778 necessario
471 3711 691 3778 faciundum
729 3711 992 3780 existimabat.
1037 3712 1188 3781 Concedit

214 3837 265 3884 sar
287 3820 472 3886 necessarias
499 3818 660 3886 metuendi
682 3836 789 3884 causas
811 3818 919 3896 suisse;
954 3818 1010 3885 sed
1034 3837 1072 3884 ne
1095 3819 1134 3884 iis
1158 3836 1183 3906 q

214 3923 381 3990 cedendum
398 3946 432 3991 so
447 3928 583 4009 putasse.
607 3913 731 4000 Restat,
749 3928 784 3991 ut
798 3944 869 3990 oum
881 3924 958 3991 Rob.
981 3922 1177 4009 stephanon?

213 4031 496 4097 tollaturmendum
519 4036 621 4099 ortum
645 4051 680 4098 ex
703 4032 812 4098 erroris
828 4049 1084 4113 causanonrsrn,
1107 4034 1169 4101 nte
