2656 5056
242 283 300 345 106
612 276 672 329 nin.
691 275 726 328 11.
747 274 815 344 unp.
835 276 857 328 r.

195 481 381 546 lescente
403 475 599 547 delicato,
628 473 694 556 qni
717 474 754 537 iu
778 471 914 538 litore
941 474 1166 539 ambulans
1185 472 1262 537 scal·

199 606 300 652 mum
343 583 597 666 repperisset
639 580 689 645 ob
732 598 903 662 eamque
954 600 1043 647 rem
1092 580 1263 646 aedificare

201 711 337 757 norem
383 687 705 769 concupivisset,
749 704 922 751 exorsus
960 691 1050 765 est,
1100 685 1263 754 similiter

198 797 419 863 Scaevolam
443 814 483 859 er
507 811 579 858 uuo
602 794 750 858 scalmo
772 793 983 874 captionis
1009 791 1264 861 centumvirale

201 903 397 969 iudicium
421 900 671 965 hereditatis
694 897 909 972 effecisse.
942 900 1025 967 hoc
1059 903 1100 966 in
1124 899 1265 966 illoini·

201 1013 259 1075 tio
281 1011 540 1082 consecutus,
564 1006 702 1071 inultis
724 1005 905 1071 eiusdem
932 1009 1115 1091 generis
1143 1008 1265 1072 senten·

199 1117 277 1181 tiis
300 1114 529 1178 delectarit
551 1112 783 1196 animosque
804 1113 998 1192 omnium,
1033 1115 1103 1198 qui
1125 1114 1266 1179 aderant

203 1225 240 1287 in
264 1220 519 1286 hilaritatem
549 1239 567 1283 a
594 1218 819 1284 severitate
846 1219 1062 1287 traduxit.
1126 1222 1169 1286 Ex
1195 1216 1267 1283 rente

204 1331 275 1394 lroc
308 1330 552 1392 consecutus
585 1325 672 1390 nulla
705 1324 826 1389 omnino
861 1329 1032 1392 sententia
1062 1329 1148 1393 effici
1177 1329 1267 1409 potat:

201 1454 274 1498 narn
306 1432 387 1515 qnod
418 1432 484 1507 luit¹
508 1434 559 1514 qui
582 1431 651 1496 hoo
673 1431 710 1494 de
733 1429 942 1495 delectatione
967 1435 1157 1500 animorum
1179 1428 1267 1497 intelli

205 1543 302 1625 geret.
326 1558 393 1623 quae
423 1542 528 1622 postea
557 1536 677 1621 proprio
704 1536 795 1600 verbo
829 1536 1052 1621 ablativisque
1083 1541 1115 1605 ei
1145 1535 1268 1604 adiunctis

205 1647 405 1732 significatur,
429 1647 611 1710 refutatione
630 1643 791 1727 indignum
807 1647 865 1707 est.
902 1643 947 1707 Et
965 1648 1082 1710 tamen
1099 1644 1270 1728 perspicuae

201 1759 254 1818 ost
275 1752 399 1817 initio
421 1770 492 1816 oum
514 1750 741 1816 delectarit
762 1749 1018 1833 coniungendum
1045 1771 1137 1828 esse;
1156 1748 1270 1815 namde

207 1859 331 1924 lectatio
354 1877 390 1923 ex
420 1859 550 1924 ridiculo
578 1857 633 1921 illo
662 1856 753 1921 initio
784 1858 865 1921 nasci
894 1857 1002 1937 ooepta
1034 1858 1162 1942 reliqna
1189 1853 1271 1922 deinde

201 1965 342 2030 oratione
372 1967 463 2030 aucta
492 1962 731 2046 confirmataque
761 1963 815 2028 est.
872 1961 1144 2043 Praepositionem
1166 1967 1202 2030 iu
1222 1965 1272 2028 ante

206 2072 330 2137 initio
364 2090 457 2153 praro
490 2071 560 2152 poni
594 2071 754 2136 lirnestius
781 2068 889 2135 sensit.
950 2069 1142 2153 scripserat
1174 2072 1272 2137 Cicero:

206 2178 277 2243 hoc
303 2177 362 2244 llle
385 2176 524 2263 (illicce)
547 2176 685 2252 initio,
716 2175 896 2244 consecutis
924 2178 1083 2244 multis
1115 2179 1273 2244 eiusdea

206 2285 369 2362 ueneris
402 2283 642 2358 sententiis,
671 2282 899 2347 delectarit
920 2287 981 2348 cet.
1041 2285 1143 2366 [llle
1171 2285 1273 2368 proin

205 2390 282 2454 illo
304 2391 498 2455 scribendum
528 2408 595 2454 esso
624 2389 684 2454 iarn
707 2390 760 2454 alii
783 2390 930 2470 suspicati
954 2393 1042 2457 sunt.
1093 2391 1188 2472 Quid.
1210 2388 1274 2474 qnod

208 2497 309 2579 ipsum
333 2495 567 2561 consecutis
590 2500 622 2560 ot
644 2515 679 2560 er
701 2495 806 2562 codice
827 2496 929 2578 aliquo
949 2498 1142 2581 etantiqua
1158 2498 1274 2564 editione

200 2604 346 2669 annotari
370 2602 471 2678 video,
493 2620 548 2684 pro
571 2601 822 2685 quoschuetzius
844 2603 1176 2687 consecutisqno
1198 2587 1273 2683 scrip

207 2710 272 2775 sit?
313 2708 435 2775 Nostrae
467 2707 568 2774 aetatis
597 2709 766 2774 editoribus
798 2706 855 2772 hoc
886 2726 926 2771 ne
960 2711 1133 2776 mentione
1166 2710 1272 2795 quiden

202 2816 336 2902 dignum
360 2817 459 2880 visum
483 2816 556 2895 ost]
607 2814 667 2880 Sed
698 2819 794 2880 restat
816 2813 967 2880 dubitatio
993 2814 1028 2879 iu
1052 2815 1274 2883 delectarit

202 2922 346 2989 absolute
367 2923 478 3004 posito,
501 2940 572 2985 curn
595 2925 762 3003 prasertim
791 2919 941 2985 obiectum
972 2920 1048 2987 huic
1072 2925 1173 2989 verbo
1194 2923 1274 3006 aptis·

207 3030 319 3094 simum
342 3028 522 3095 subiiciatnr
544 3025 598 3090 alii
621 3028 713 3093 verbo
737 3026 947 3111 (traduxit)
970 3025 1175 3096 adiunctum.
1216 3030 1273 3094 Sine

202 3133 300 3199 dnbio
322 3135 516 3201 scribendum
546 3135 611 3199 est:
647 3131 874 3199 delectavit
902 3132 1062 3198 animos
1095 3136 1272 3202 omnium.

202 3239 275 3322 vqui
297 3240 482 3317 aderant,
511 3242 627 3323 <ct>
649 3242 688 3305 in
718 3239 974 3306 hilaritatem
1006 3258 1027 3305 a
1055 3242 1274 3309 severitate

206 3346 398 3411 traduxit.
666 3349 671 3356 '

308 3464 385 3528 lbid.
409 3464 486 3529 220:
509 3465 650 3548 itaquo
672 3483 756 3529 cnm
785 3464 819 3528 oi
842 3461 890 3545 (C.
912 3461 1059 3543 Curioni)
1082 3484 1161 3532 neo
1188 3462 1272 3530 oili·

200 3571 308 3636 cium
331 3571 493 3637 deesset
520 3572 559 3637 et
589 3572 793 3656 flagraret
821 3568 958 3634 studio
981 3567 1175 3651 dicendi,
1197 3588 1271 3654 per·

207 3696 333 3758 paucae
354 3679 398 3742 ad
423 3697 503 3744 curn
530 3697 649 3744 causae
673 3677 976 3748 deferebautrm
999 3681 1141 3744 orator
1162 3683 1272 3743 autera

201 3783 311 3847 uiris
334 3785 419 3850 eius
441 3784 663 3869 aequalibus
690 3784 881 3867 proximus
911 3781 1074 3865 optimis
1107 3800 1272 3849 numera·
1319 3776 1320 3791 ¹

207 3888 324 3953 batur
359 3893 772 3974 propterrerborum
811 3888 1038 3954 bonitatem
1075 3893 1138 3955 cet
1197 3885 1270 3968 Quod

199 3991 361 4077 ‘'Kayserus
395 3999 487 4063 rerba
512 3997 617 4063 viris
651 3999 737 4063 eius
769 3993 995 4079 equalibus
1030 3996 1123 4063 uncis
1146 3993 1271 4068 inclusit

199 4097 340 4177 delendi,
363 4121 431 4184 quae
452 4103 567 4169 nemini
589 4104 704 4169 addere
728 4103 759 4167 in
782 4105 917 4169 montem
934 4101 1039 4167 venire
1056 4105 1171 4188 potuit,
1186 4108 1272 4171 teme
1318 4158 1320 4182 p
