<?xml version="1.0" encoding="UTF-8"?>
<!DOCTYPE html PUBLIC "-//W3C//DTD XHTML 1.0 Transitional//EN"
    "http://www.w3.org/TR/xhtml1/DTD/xhtml1-transitional.dtd">
<html xmlns="http://www.w3.org/1999/xhtml" xml:lang="en" lang="en">
 <head>
  <title>
</title>
<meta http-equiv="Content-Type" content="text/html;charset=utf-8" />
  <meta name='ocr-system' content='tesseract 3.04.00' />
  <meta name='ocr-capabilities' content='ocr_page ocr_carea ocr_par ocr_line ocrx_word'/>
</head>
<body>
  <div class='ocr_page' id='page_1' title='image "./ioniemadvigiiad00madvgoog_0435.png"; bbox 0 0 2662 5062; ppageno 0'>
   <div class='ocr_carea' id='block_1_1' title="bbox 257 230 905 351">
    <p class='ocr_par' dir='ltr' id='par_1_1' title="bbox 257 230 905 351">
     <span class='ocr_line' id='line_1_1' title="bbox 257 230 905 351; baseline -0.003 -13"><span class='ocrx_word' id='word_1_1' title='bbox 257 230 321 348; x_wconf 51' lang='grc' dir='ltr'>ὠ</span> <span class='ocrx_word' id='word_1_2' title='bbox 577 249 905 351; x_wconf 58' lang='lat' dir='ltr'><strong>-mmmm</strong></span> 
     </span>
    </p>
   </div>
   <div class='ocr_carea' id='block_1_2' title="bbox 184 478 1327 2471">
    <p class='ocr_par' dir='ltr' id='par_1_2' title="bbox 216 478 1327 1307">
     <span class='ocr_line' id='line_1_2' title="bbox 216 478 1327 568; baseline -0.003 -17"><span class='ocrx_word' id='word_1_3' title='bbox 216 485 331 568; x_wconf 89' lang='lat' dir='ltr'><strong>nunc)</strong></span> <span class='ocrx_word' id='word_1_4' title='bbox 352 482 502 549; x_wconf 86' lang='lat' dir='ltr'><strong>lactum</strong></span> <span class='ocrx_word' id='word_1_5' title='bbox 523 479 720 563; x_wconf 80' lang='lat' dir='ltr'><strong>apparuit3</strong></span> <span class='ocrx_word' id='word_1_6' title='bbox 751 478 932 564; x_wconf 79' lang='lat' dir='ltr'><strong>ingratus</strong></span> <span class='ocrx_word' id='word_1_7' title='bbox 953 481 1132 548; x_wconf 86' lang='lat' dir='ltr'><strong>non-sine</strong></span> <span class='ocrx_word' id='word_1_8' title='bbox 1153 485 1268 550; x_wconf 86' lang='lat' dir='ltr'><strong>nostro</strong></span> <span class='ocrx_word' id='word_1_9' title='bbox 1326 521 1327 528; x_wconf 24' lang='grc' dir='ltr'><strong>κ</strong></span> 
     </span>
     <span class='ocr_line' id='line_1_3' title="bbox 216 576 1326 675; baseline 0 -20"><span class='ocrx_word' id='word_1_10' title='bbox 216 589 366 675; x_wconf 81' lang='lat' dir='ltr'><strong>pudore</strong></span> <span class='ocrx_word' id='word_1_11' title='bbox 411 584 675 672; x_wconf 88' lang='lat' dir='ltr'><strong>protrahitur;</strong></span> <span class='ocrx_word' id='word_1_12' title='bbox 711 583 891 670; x_wconf 88' lang='lat' dir='ltr'><strong>quoniam</strong></span> <span class='ocrx_word' id='word_1_13' title='bbox 931 585 1086 670; x_wconf 83' lang='lat' dir='ltr'><strong>quidem</strong></span> <span class='ocrx_word' id='word_1_14' title='bbox 1126 590 1271 675; x_wconf 86' lang='lat' dir='ltr'><strong>querela</strong></span> <span class='ocrx_word' id='word_1_15' title='bbox 1325 576 1326 579; x_wconf 28' lang='lat'>¹</span> 
     </span>
     <span class='ocr_line' id='line_1_4' title="bbox 217 689 1270 781; baseline 0 -21"><span class='ocrx_word' id='word_1_16' title='bbox 217 694 350 760; x_wconf 88' lang='lat' dir='ltr'><strong>amissi</strong></span> <span class='ocrx_word' id='word_1_17' title='bbox 365 691 560 760; x_wconf 72' lang='lat' dir='ltr'><strong>vbeneficii</strong></span> <span class='ocrx_word' id='word_1_18' title='bbox 581 709 652 757; x_wconf 92' lang='lat' dir='ltr'><strong>non</strong></span> <span class='ocrx_word' id='word_1_19' title='bbox 670 691 770 770; x_wconf 37' lang='lat' dir='ltr'><strong>,bene</strong></span> <span class='ocrx_word' id='word_1_20' title='bbox 792 689 872 756; x_wconf 83' lang='lat' dir='ltr'><strong>dati</strong></span> <span class='ocrx_word' id='word_1_21' title='bbox 892 692 1049 777; x_wconf 80' lang='lat' dir='ltr'><strong>signnm</strong></span> <span class='ocrx_word' id='word_1_22' title='bbox 1071 696 1270 781; x_wconf 76' lang='lat' dir='ltr'><strong>est‚·qusn·</strong></span> 
     </span>
     <span class='ocr_line' id='line_1_5' title="bbox 216 798 1270 885; baseline 0.002 -19"><span class='ocrx_word' id='word_1_23' title='bbox 216 802 295 867; x_wconf 86' lang='lat' dir='ltr'><strong>tum</strong></span> <span class='ocrx_word' id='word_1_24' title='bbox 323 817 540 884; x_wconf 89' lang='lat' dir='ltr'><strong>possumus,</strong></span> <span class='ocrx_word' id='word_1_25' title='bbox 574 815 731 864; x_wconf 78' lang='lat' dir='ltr'><strong>causam</strong></span> <span class='ocrx_word' id='word_1_26' title='bbox 763 798 848 865; x_wconf 82' lang='lat' dir='ltr'><strong>sius</strong></span> <span class='ocrx_word' id='word_1_27' title='bbox 877 799 978 882; x_wconf 89' lang='lat' dir='ltr'><strong>apud</strong></span> <span class='ocrx_word' id='word_1_28' title='bbox 1010 818 1078 866; x_wconf 90' lang='lat' dir='ltr'><strong>nos</strong></span> <span class='ocrx_word' id='word_1_29' title='bbox 1107 817 1270 885; x_wconf 70' lang='lat' dir='ltr'><strong>agamnat</strong></span> 
     </span>
     <span class='ocr_line' id='line_1_6' title="bbox 216 903 1270 988; baseline -0.001 -17"><span class='ocrx_word' id='word_1_30' title='bbox 216 904 392 972; x_wconf 86' lang='lat' dir='ltr'><strong>fortasse</strong></span> <span class='ocrx_word' id='word_1_31' title='bbox 423 907 480 970; x_wconf 85' lang='lat' dir='ltr'><strong>cst.</strong></span> <span class='ocrx_word' id='word_1_32' title='bbox 531 903 592 970; x_wconf 82' lang='lat' dir='ltr'><strong>Ssd</strong></span> <span class='ocrx_word' id='word_1_33' title='bbox 613 905 721 988; x_wconf 82' lang='lat' dir='ltr'><strong>prima</strong></span> <span class='ocrx_word' id='word_1_34' title='bbox 742 906 904 972; x_wconf 73' lang='lat' dir='ltr'><strong>sententia</strong></span> <span class='ocrx_word' id='word_1_35' title='bbox 923 906 1034 973; x_wconf 82' lang='lat' dir='ltr'><strong>vitium</strong></span> <span class='ocrx_word' id='word_1_36' title='bbox 1056 924 1120 972; x_wconf 92' lang='lat' dir='ltr'><strong>nou</strong></span> <span class='ocrx_word' id='word_1_37' title='bbox 1141 923 1270 972; x_wconf 77' lang='lat' dir='ltr'><strong>nonnoso</strong></span> 
     </span>
     <span class='ocr_line' id='line_1_7' title="bbox 216 1000 1272 1093; baseline 0 -17"><span class='ocrx_word' id='word_1_38' title='bbox 216 1014 268 1076; x_wconf 90' lang='lat' dir='ltr'><strong>tur</strong></span> <span class='ocrx_word' id='word_1_39' title='bbox 302 1000 412 1079; x_wconf 84' lang='lat' dir='ltr'><strong>Hansii</strong></span> <span class='ocrx_word' id='word_1_40' title='bbox 442 1011 639 1077; x_wconf 73' lang='lat' dir='ltr'><strong>correctione.</strong></span> <span class='ocrx_word' id='word_1_41' title='bbox 694 1009 871 1093; x_wconf 67' lang='lat' dir='ltr'><strong>Superiores</strong></span> <span class='ocrx_word' id='word_1_42' title='bbox 903 1011 1051 1078; x_wconf 75' lang='lat' dir='ltr'><strong>solebant:</strong></span> <span class='ocrx_word' id='word_1_43' title='bbox 1093 1011 1272 1077; x_wconf 86' lang='lat' dir='ltr'><strong>Damnum</strong></span> 
     </span>
     <span class='ocr_line' id='line_1_8' title="bbox 216 1116 1273 1201; baseline 0 -17"><span class='ocrx_word' id='word_1_44' title='bbox 216 1117 807 1201; x_wconf 82' lang='lat' dir='ltr'><strong>tunciactumnuneappaauit.</strong></span> <span class='ocrx_word' id='word_1_45' title='bbox 849 1116 981 1194; x_wconf 82' lang='lat' dir='ltr'><strong>Videtur</strong></span> <span class='ocrx_word' id='word_1_46' title='bbox 1006 1117 1122 1185; x_wconf 85' lang='lat' dir='ltr'><strong>fuisse:</strong></span> <span class='ocrx_word' id='word_1_47' title='bbox 1170 1119 1273 1184; x_wconf 91' lang='lat' dir='ltr'><strong>Dam-</strong></span> 
     </span>
     <span class='ocr_line' id='line_1_9' title="bbox 217 1221 1104 1307; baseline 0 -21"><span class='ocrx_word' id='word_1_48' title='bbox 217 1241 305 1288; x_wconf 85' lang='lat' dir='ltr'><strong>num</strong></span> <span class='ocrx_word' id='word_1_49' title='bbox 326 1240 395 1288; x_wconf 94' lang='lat' dir='ltr'><strong>non</strong></span> <span class='ocrx_word' id='word_1_50' title='bbox 420 1224 512 1288; x_wconf 87' lang='lat' dir='ltr'><strong>tunc</strong></span> <span class='ocrx_word' id='word_1_51' title='bbox 533 1221 678 1288; x_wconf 86' lang='lat' dir='ltr'><strong>lactum</strong></span> <span class='ocrx_word' id='word_1_52' title='bbox 699 1221 776 1306; x_wconf 64' lang='lat' dir='ltr'><strong>[eat</strong></span> <span class='ocrx_word' id='word_1_53' title='bbox 801 1221 893 1307; x_wconf 80' lang='lat' dir='ltr'><strong>cam]</strong></span> <span class='ocrx_word' id='word_1_54' title='bbox 914 1223 1104 1305; x_wconf 85' lang='lat' dir='ltr'><strong>apparuit.</strong></span> 
     </span>
    </p>

    <p class='ocr_par' dir='ltr' id='par_1_3' title="bbox 184 1326 1282 2471">
     <span class='ocr_line' id='line_1_10' title="bbox 317 1326 1274 1407; baseline 0.005 -15"><span class='ocrx_word' id='word_1_55' title='bbox 317 1327 385 1393; x_wconf 87' lang='lat' dir='ltr'><strong>ibd.</strong></span> <span class='ocrx_word' id='word_1_56' title='bbox 406 1326 465 1406; x_wconf 83' lang='lat'><strong>30,</strong></span> <span class='ocrx_word' id='word_1_57' title='bbox 500 1326 537 1392; x_wconf 79' lang='lat'><strong>2:</strong></span> <span class='ocrx_word' id='word_1_58' title='bbox 581 1327 666 1407; x_wconf 80' lang='lat' dir='ltr'><strong>Quae</strong></span> <span class='ocrx_word' id='word_1_59' title='bbox 698 1328 797 1394; x_wconf 81' lang='lat' dir='ltr'><strong>rstio</strong></span> <span class='ocrx_word' id='word_1_60' title='bbox 831 1329 890 1394; x_wconf 89' lang='lat' dir='ltr'><strong>cst</strong></span> <span class='ocrx_word' id='word_1_61' title='bbox 915 1329 1150 1395; x_wconf 74' lang='lat' dir='ltr'><strong>exacerbare</strong></span> <span class='ocrx_word' id='word_1_62' title='bbox 1182 1347 1274 1401; x_wconf 78' lang='lat' dir='ltr'><strong>eum,</strong></span> 
     </span>
     <span class='ocr_line' id='line_1_11' title="bbox 215 1434 1276 1519; baseline -0.004 -17"><span class='ocrx_word' id='word_1_63' title='bbox 215 1435 255 1502; x_wconf 90' lang='lat' dir='ltr'><strong>in</strong></span> <span class='ocrx_word' id='word_1_64' title='bbox 287 1451 396 1517; x_wconf 86' lang='lat' dir='ltr'><strong>quom</strong></span> <span class='ocrx_word' id='word_1_65' title='bbox 429 1452 567 1519; x_wconf 85' lang='lat' dir='ltr'><strong>magna</strong></span> <span class='ocrx_word' id='word_1_66' title='bbox 596 1434 828 1510; x_wconf 86' lang='lat' dir='ltr'><strong>contuleris,</strong></span> <span class='ocrx_word' id='word_1_67' title='bbox 860 1438 901 1501; x_wconf 92' lang='lat' dir='ltr'><strong>ut</strong></span> <span class='ocrx_word' id='word_1_68' title='bbox 932 1454 976 1500; x_wconf 86' lang='lat' dir='ltr'><strong>cx</strong></span> <span class='ocrx_word' id='word_1_69' title='bbox 1006 1435 1138 1502; x_wconf 89' lang='lat' dir='ltr'><strong>amico</strong></span> <span class='ocrx_word' id='word_1_70' title='bbox 1168 1434 1276 1500; x_wconf 85' lang='lat' dir='ltr'><strong>dubio</strong></span> 
     </span>
     <span class='ocr_line' id='line_1_12' title="bbox 184 1538 1277 1625; baseline -0.002 -20"><span class='ocrx_word' id='word_1_71' title='bbox 184 1538 290 1605; x_wconf 75' lang='lat' dir='ltr'><strong>vfiat</strong></span> <span class='ocrx_word' id='word_1_72' title='bbox 329 1557 404 1604; x_wconf 91' lang='lat' dir='ltr'><strong>non</strong></span> <span class='ocrx_word' id='word_1_73' title='bbox 442 1539 583 1618; x_wconf 83' lang='lat' dir='ltr'><strong>dubius</strong></span> <span class='ocrx_word' id='word_1_74' title='bbox 621 1541 803 1607; x_wconf 90' lang='lat' dir='ltr'><strong>inimicus</strong></span> <span class='ocrx_word' id='word_1_75' title='bbox 844 1542 881 1606; x_wconf 86' lang='lat' dir='ltr'><strong>ot</strong></span> <span class='ocrx_word' id='word_1_76' title='bbox 911 1541 1177 1625; x_wconf 84' lang='lat' dir='ltr'><strong>patrocinium</strong></span> <span class='ocrx_word' id='word_1_77' title='bbox 1211 1539 1277 1606; x_wconf 91' lang='lat' dir='ltr'><strong>sibi</strong></span> 
     </span>
     <span class='ocr_line' id='line_1_13' title="bbox 217 1633 1278 1731; baseline 0 -20"><span class='ocrx_word' id='word_1_78' title='bbox 217 1649 350 1713; x_wconf 84' lang='lat' dir='ltr'><strong>nostra</strong></span> <span class='ocrx_word' id='word_1_79' title='bbox 383 1645 546 1713; x_wconf 86' lang='lat' dir='ltr'><strong>infamia</strong></span> <span class='ocrx_word' id='word_1_80' title='bbox 581 1633 730 1730; x_wconf 57' lang='lat' dir='ltr'><strong>quaer&#39;at</strong></span> <span class='ocrx_word' id='word_1_81' title='bbox 754 1664 825 1713; x_wconf 89' lang='lat' dir='ltr'><strong>nec</strong></span> <span class='ocrx_word' id='word_1_82' title='bbox 854 1647 999 1714; x_wconf 80' lang='lat' dir='ltr'><strong>desitl·</strong></span> <span class='ocrx_word' id='word_1_83' title='bbox 1027 1647 1170 1714; x_wconf 85' lang='lat' dir='ltr'><strong>Nescio</strong></span> <span class='ocrx_word' id='word_1_84' title='bbox 1193 1645 1278 1731; x_wconf 85' lang='lat' dir='ltr'><strong>quii</strong></span> 
     </span>
     <span class='ocr_line' id='line_1_14' title="bbox 219 1752 1277 1836; baseline 0.002 -20"><span class='ocrx_word' id='word_1_85' title='bbox 219 1754 296 1829; x_wconf 81' lang='lat' dir='ltr'><strong>eet,</strong></span> <span class='ocrx_word' id='word_1_86' title='bbox 319 1752 429 1836; x_wconf 72' lang='lat' dir='ltr'><strong>,quod</strong></span> <span class='ocrx_word' id='word_1_87' title='bbox 461 1770 559 1826; x_wconf 90' lang='lat' dir='ltr'><strong>sum,</strong></span> <span class='ocrx_word' id='word_1_88' title='bbox 598 1753 666 1821; x_wconf 85' lang='lat' dir='ltr'><strong>cui</strong></span> <span class='ocrx_word' id='word_1_89' title='bbox 699 1754 854 1819; x_wconf 86' lang='lat' dir='ltr'><strong>tantum</strong></span> <span class='ocrx_word' id='word_1_90' title='bbox 884 1753 1039 1828; x_wconf 83' lang='lat' dir='ltr'><strong>debuit,</strong></span> <span class='ocrx_word' id='word_1_91' title='bbox 1074 1753 1178 1819; x_wconf 82' lang='lat' dir='ltr'><strong>ferre</strong></span> <span class='ocrx_word' id='word_1_92' title='bbox 1210 1772 1277 1821; x_wconf 93' lang='lat' dir='ltr'><strong>non</strong></span> 
     </span>
     <span class='ocr_line' id='line_1_15' title="bbox 217 1857 1279 1942; baseline 0.005 -21"><span class='ocrx_word' id='word_1_93' title='bbox 217 1857 361 1940; x_wconf 80' lang='lat' dir='ltr'><strong>potnit3</strong></span> <span class='ocrx_word' id='word_1_94' title='bbox 383 1858 525 1924; x_wconf 90' lang='lat' dir='ltr'><strong>subest</strong></span> <span class='ocrx_word' id='word_1_95' title='bbox 541 1857 690 1942; x_wconf 84' lang='lat' dir='ltr'><strong>aliquid</strong></span> <span class='ocrx_word' id='word_1_96' title='bbox 710 1860 790 1924; x_wconf 78' lang='lat' dir='ltr'><strong>oet</strong></span> <span class='ocrx_word' id='word_1_97' title='bbox 829 1858 930 1925; x_wconf 85' lang='lat' dir='ltr'><strong>Verba</strong></span> <span class='ocrx_word' id='word_1_98' title='bbox 951 1877 1018 1925; x_wconf 87' lang='lat' dir='ltr'><strong>nec</strong></span> <span class='ocrx_word' id='word_1_99' title='bbox 1039 1859 1145 1925; x_wconf 83' lang='lat' dir='ltr'><strong>desit</strong></span> <span class='ocrx_word' id='word_1_100' title='bbox 1165 1860 1279 1926; x_wconf 85' lang='lat' dir='ltr'><strong>nnllam</strong></span> 
     </span>
     <span class='ocr_line' id='line_1_16' title="bbox 217 1961 1280 2047; baseline 0.003 -19"><span class='ocrx_word' id='word_1_101' title='bbox 217 1961 331 2028; x_wconf 88' lang='lat' dir='ltr'><strong>habent</strong></span> <span class='ocrx_word' id='word_1_102' title='bbox 352 1965 547 2031; x_wconf 84' lang='lat' dir='ltr'><strong>sententiam.</strong></span> <span class='ocrx_word' id='word_1_103' title='bbox 606 1964 681 2044; x_wconf 80' lang='lat' dir='ltr'><strong>Quae</strong></span> <span class='ocrx_word' id='word_1_104' title='bbox 702 1966 880 2047; x_wconf 81' lang='lat' dir='ltr'><strong>sequuntur,</strong></span> <span class='ocrx_word' id='word_1_105' title='bbox 908 1964 1037 2029; x_wconf 87' lang='lat' dir='ltr'><strong>nescio</strong></span> <span class='ocrx_word' id='word_1_106' title='bbox 1058 1969 1131 2041; x_wconf 77' lang='lat' dir='ltr'><strong>cet,</strong></span> <span class='ocrx_word' id='word_1_107' title='bbox 1165 1983 1228 2032; x_wconf 91' lang='lat' dir='ltr'><strong>non</strong></span> <span class='ocrx_word' id='word_1_108' title='bbox 1248 1978 1280 2031; x_wconf 85' lang='lat' dir='ltr'><strong>ex</strong></span> 
     </span>
     <span class='ocr_line' id='line_1_17' title="bbox 219 2057 1280 2158; baseline 0.006 -24"><span class='ocrx_word' id='word_1_109' title='bbox 219 2069 378 2152; x_wconf 86' lang='lat' dir='ltr'><strong>scriptoris</strong></span> <span class='ocrx_word' id='word_1_110' title='bbox 408 2089 538 2153; x_wconf 75' lang='lat' dir='ltr'><strong>pomona</strong></span> <span class='ocrx_word' id='word_1_111' title='bbox 568 2070 726 2145; x_wconf 85' lang='lat' dir='ltr'><strong>dicuntur,</strong></span> <span class='ocrx_word' id='word_1_112' title='bbox 762 2071 827 2136; x_wconf 84' lang='lat' dir='ltr'><strong>sed&#39;</strong></span> <span class='ocrx_word' id='word_1_113' title='bbox 850 2089 886 2136; x_wconf 90' lang='lat' dir='ltr'><strong>ex</strong></span> <span class='ocrx_word' id='word_1_114' title='bbox 906 2070 1000 2147; x_wconf 86' lang='lat' dir='ltr'><strong>cius,</strong></span> <span class='ocrx_word' id='word_1_115' title='bbox 1022 2057 1090 2153; x_wconf 63' lang='lat' dir='ltr'><strong>¹qni</strong></span> <span class='ocrx_word' id='word_1_116' title='bbox 1125 2071 1280 2158; x_wconf 79' lang='lat' dir='ltr'><strong>ingratum</strong></span> 
     </span>
     <span class='ocr_line' id='line_1_18' title="bbox 219 2175 1280 2269; baseline 0.002 -27"><span class='ocrx_word' id='word_1_117' title='bbox 219 2194 306 2254; x_wconf 78' lang='lat' dir='ltr'><strong>enm,</strong></span> <span class='ocrx_word' id='word_1_118' title='bbox 338 2177 370 2241; x_wconf 91' lang='lat' dir='ltr'><strong>in</strong></span> <span class='ocrx_word' id='word_1_119' title='bbox 401 2196 493 2261; x_wconf 83' lang='lat' dir='ltr'><strong>qnam</strong></span> <span class='ocrx_word' id='word_1_120' title='bbox 515 2175 698 2244; x_wconf 82' lang='lat' dir='ltr'><strong>beneficium</strong></span> <span class='ocrx_word' id='word_1_121' title='bbox 720 2177 860 2254; x_wconf 78' lang='lat' dir='ltr'><strong>contulit,</strong></span> <span class='ocrx_word' id='word_1_122' title='bbox 893 2177 1034 2258; x_wconf 82' lang='lat' dir='ltr'><strong>expertus</strong></span> <span class='ocrx_word' id='word_1_123' title='bbox 1055 2176 1203 2269; x_wconf 83' lang='lat' dir='ltr'><strong>iniuriam</strong></span> <span class='ocrx_word' id='word_1_124' title='bbox 1226 2179 1280 2246; x_wconf 89' lang='lat' dir='ltr'><strong>sibi</strong></span> 
     </span>
     <span class='ocr_line' id='line_1_19' title="bbox 218 2279 1282 2366; baseline 0.002 -20"><span class='ocrx_word' id='word_1_125' title='bbox 218 2279 334 2348; x_wconf 85' lang='lat' dir='ltr'><strong>factam</strong></span> <span class='ocrx_word' id='word_1_126' title='bbox 365 2283 484 2348; x_wconf 82' lang='lat' dir='ltr'><strong>elevare</strong></span> <span class='ocrx_word' id='word_1_127' title='bbox 515 2285 652 2349; x_wconf 87' lang='lat' dir='ltr'><strong>conatur.</strong></span> <span class='ocrx_word' id='word_1_128' title='bbox 692 2281 862 2366; x_wconf 87' lang='lat' dir='ltr'><strong>Scripserat</strong></span> <span class='ocrx_word' id='word_1_129' title='bbox 894 2283 1024 2348; x_wconf 61' lang='lat' dir='ltr'><strong>&amp;necat</strong></span> <span class='ocrx_word' id='word_1_130' title='bbox 1068 2281 1157 2361; x_wconf 82' lang='lat' dir='ltr'><strong>Quae</strong></span> <span class='ocrx_word' id='word_1_131' title='bbox 1180 2285 1282 2350; x_wconf 91' lang='lat' dir='ltr'><strong>ratio</strong></span> 
     </span>
     <span class='ocr_line' id='line_1_20' title="bbox 219 2389 1281 2471; baseline 0.001 -19"><span class='ocrx_word' id='word_1_132' title='bbox 219 2390 278 2453; x_wconf 86' lang='lat' dir='ltr'><strong>est</strong></span> <span class='ocrx_word' id='word_1_133' title='bbox 316 2389 544 2455; x_wconf 78' lang='lat' dir='ltr'><strong>exacerbare</strong></span> <span class='ocrx_word' id='word_1_134' title='bbox 584 2407 683 2466; x_wconf 78' lang='lat' dir='ltr'><strong>eum,</strong></span> <span class='ocrx_word' id='word_1_135' title='bbox 822 2391 987 2471; x_wconf 73' lang='lat' dir='ltr'><strong>querat,</strong></span> <span class='ocrx_word' id='word_1_136' title='bbox 1029 2407 1097 2455; x_wconf 91' lang='lat' dir='ltr'><strong>nec</strong></span> <span class='ocrx_word' id='word_1_137' title='bbox 1140 2391 1281 2454; x_wconf 80' lang='lat' dir='ltr'><strong>dicere:</strong></span> 
     </span>
    </p>
   </div>
   <div class='ocr_carea' id='block_1_3' title="bbox 219 2491 1017 2583">
    <p class='ocr_par' dir='ltr' id='par_1_4' title="bbox 219 2491 1017 2583">
     <span class='ocr_line' id='line_1_21' title="bbox 219 2491 1017 2583; baseline 0.003 -26"><span class='ocrx_word' id='word_1_138' title='bbox 219 2491 363 2561; x_wconf 87' lang='lat' dir='ltr'><strong>Nescio</strong></span> <span class='ocrx_word' id='word_1_139' title='bbox 385 2494 475 2579; x_wconf 87' lang='lat' dir='ltr'><strong>quid</strong></span> <span class='ocrx_word' id='word_1_140' title='bbox 497 2496 556 2583; x_wconf 84' lang='lat' dir='ltr'><strong>cst.</strong></span> <span class='ocrx_word' id='word_1_141' title='bbox 606 2495 738 2561; x_wconf 79' lang='lat' dir='ltr'><strong>Praetat</strong></span> <span class='ocrx_word' id='word_1_142' title='bbox 758 2495 817 2561; x_wconf 93' lang='lat' dir='ltr'><strong>hoc</strong></span> <span class='ocrx_word' id='word_1_143' title='bbox 837 2494 955 2568; x_wconf 64' lang='lat' dir='ltr'><strong>dicere„</strong></span> <span class='ocrx_word' id='word_1_144' title='bbox 1014 2541 1017 2545; x_wconf 74' lang='lat'><strong>·</strong></span> 
     </span>
    </p>
   </div>
   <div class='ocr_carea' id='block_1_4' title="bbox 174 2706 1288 4172">
    <p class='ocr_par' dir='ltr' id='par_1_5' title="bbox 174 2706 1288 4172">
     <span class='ocr_line' id='line_1_22' title="bbox 306 2706 1284 2790; baseline -0.002 -14"><span class='ocrx_word' id='word_1_145' title='bbox 306 2706 364 2776; x_wconf 84' lang='lat' dir='ltr'><strong>lle</strong></span> <span class='ocrx_word' id='word_1_146' title='bbox 397 2707 568 2775; x_wconf 83' lang='lat' dir='ltr'><strong>clementia</strong></span> <span class='ocrx_word' id='word_1_147' title='bbox 602 2707 657 2774; x_wconf 87' lang='lat' dir='ltr'><strong>lib.</strong></span> <span class='ocrx_word' id='word_1_148' title='bbox 688 2706 703 2772; x_wconf 92' lang='lat'>1</span> <span class='ocrx_word' id='word_1_149' title='bbox 735 2725 801 2790; x_wconf 88' lang='lat' dir='ltr'><strong>cap.</strong></span> <span class='ocrx_word' id='word_1_150' title='bbox 839 2708 871 2781; x_wconf 89' lang='grc'><strong>1,</strong></span> <span class='ocrx_word' id='word_1_151' title='bbox 908 2708 1019 2772; x_wconf 78' lang='lat' dir='ltr'><strong>bnon</strong></span> <span class='ocrx_word' id='word_1_152' title='bbox 1048 2709 1113 2772; x_wconf 85' lang='lat' dir='ltr'><strong>bam</strong></span> <span class='ocrx_word' id='word_1_153' title='bbox 1143 2707 1284 2784; x_wconf 78' lang='lat' dir='ltr'><strong>feliciter,</strong></span> 
     </span>
     <span class='ocr_line' id='line_1_23' title="bbox 218 2811 1285 2897; baseline 0.003 -20"><span class='ocrx_word' id='word_1_154' title='bbox 218 2830 312 2896; x_wconf 86' lang='lat' dir='ltr'><strong>quam</strong></span> <span class='ocrx_word' id='word_1_155' title='bbox 338 2813 433 2889; x_wconf 84' lang='lat' dir='ltr'><strong>solet,</strong></span> <span class='ocrx_word' id='word_1_156' title='bbox 465 2816 622 2881; x_wconf 83' lang='lat' dir='ltr'><strong>tractarit</strong></span> <span class='ocrx_word' id='word_1_157' title='bbox 640 2814 795 2895; x_wconf 88' lang='lat' dir='ltr'><strong>Hauptius</strong></span> <span class='ocrx_word' id='word_1_158' title='bbox 833 2813 877 2891; x_wconf 86' lang='lat' dir='ltr'><strong>(ll</strong></span> <span class='ocrx_word' id='word_1_159' title='bbox 905 2833 935 2897; x_wconf 87' lang='lat' dir='ltr'><strong>p.</strong></span> <span class='ocrx_word' id='word_1_160' title='bbox 958 2813 999 2890; x_wconf 82' lang='lat'><strong>5).</strong></span> <span class='ocrx_word' id='word_1_161' title='bbox 1052 2811 1135 2877; x_wconf 83' lang='lat' dir='ltr'><strong>Nam</strong></span> <span class='ocrx_word' id='word_1_162' title='bbox 1160 2815 1285 2880; x_wconf 88' lang='lat' dir='ltr'><strong>cumin</strong></span> 
     </span>
     <span class='ocr_line' id='line_1_24' title="bbox 219 2916 1286 3005; baseline 0.004 -21"><span class='ocrx_word' id='word_1_163' title='bbox 219 2917 375 2984; x_wconf 80' lang='lat' dir='ltr'><strong>codicibus</strong></span> <span class='ocrx_word' id='word_1_164' title='bbox 407 2917 468 2984; x_wconf 83' lang='lat' dir='ltr'><strong>tide</strong></span> <span class='ocrx_word' id='word_1_165' title='bbox 492 2918 594 3005; x_wconf 83' lang='lat' dir='ltr'><strong>dignis</strong></span> <span class='ocrx_word' id='word_1_166' title='bbox 616 2919 800 2997; x_wconf 83' lang='lat' dir='ltr'><strong>(Nauariano</strong></span> <span class='ocrx_word' id='word_1_167' title='bbox 828 2921 861 2984; x_wconf 86' lang='lat' dir='ltr'><strong>et</strong></span> <span class='ocrx_word' id='word_1_168' title='bbox 885 2917 1037 2985; x_wconf 84' lang='lat' dir='ltr'><strong>Gronorii</strong></span> <span class='ocrx_word' id='word_1_169' title='bbox 1058 2916 1121 2983; x_wconf 81' lang='lat' dir='ltr'><strong>llrl.</strong></span> <span class='ocrx_word' id='word_1_170' title='bbox 1152 2921 1186 2984; x_wconf 86' lang='lat' dir='ltr'><strong>et</strong></span> <span class='ocrx_word' id='word_1_171' title='bbox 1208 2922 1286 2988; x_wconf 78' lang='lat' dir='ltr'><strong>Am·</strong></span> 
     </span>
     <span class='ocr_line' id='line_1_25' title="bbox 218 3024 1288 3110; baseline 0.001 -19"><span class='ocrx_word' id='word_1_172' title='bbox 218 3025 374 3108; x_wconf 77' lang='lat' dir='ltr'><strong>planiaco)</strong></span> <span class='ocrx_word' id='word_1_173' title='bbox 400 3026 447 3091; x_wconf 90' lang='lat' dir='ltr'><strong>sic</strong></span> <span class='ocrx_word' id='word_1_174' title='bbox 478 3027 626 3110; x_wconf 85' lang='lat' dir='ltr'><strong>scriptum</strong></span> <span class='ocrx_word' id='word_1_175' title='bbox 661 3026 717 3091; x_wconf 77' lang='lat' dir='ltr'><strong>sit:</strong></span> <span class='ocrx_word' id='word_1_176' title='bbox 766 3024 885 3091; x_wconf 85' lang='lat' dir='ltr'><strong>Potes</strong></span> <span class='ocrx_word' id='word_1_177' title='bbox 913 3025 1002 3099; x_wconf 84' lang='lat' dir='ltr'><strong>boc,</strong></span> <span class='ocrx_word' id='word_1_178' title='bbox 1037 3027 1181 3103; x_wconf 78' lang='lat' dir='ltr'><strong>basar,</strong></span> <span class='ocrx_word' id='word_1_179' title='bbox 1221 3043 1288 3092; x_wconf 87' lang='lat' dir='ltr'><strong>au·</strong></span> 
     </span>
     <span class='ocr_line' id='line_1_26' title="bbox 217 3129 1288 3216; baseline 0.001 -21"><span class='ocrx_word' id='word_1_180' title='bbox 217 3130 349 3196; x_wconf 89' lang='lat' dir='ltr'><strong>dacter</strong></span> <span class='ocrx_word' id='word_1_181' title='bbox 380 3132 605 3216; x_wconf 69' lang='lat' dir='ltr'><strong>prospicere,</strong></span> <span class='ocrx_word' id='word_1_182' title='bbox 638 3133 781 3208; x_wconf 82' lang='lat' dir='ltr'><strong>omnia,</strong></span> <span class='ocrx_word' id='word_1_183' title='bbox 809 3149 893 3214; x_wconf 60' lang='lat' dir='ltr'><strong>‘qua</strong></span> <span class='ocrx_word' id='word_1_184' title='bbox 914 3129 952 3195; x_wconf 90' lang='lat' dir='ltr'><strong>in</strong></span> <span class='ocrx_word' id='word_1_185' title='bbox 974 3129 1093 3197; x_wconf 83' lang='lat' dir='ltr'><strong>iidem</strong></span> <span class='ocrx_word' id='word_1_186' title='bbox 1115 3131 1288 3197; x_wconf 88' lang='lat' dir='ltr'><strong>tutelam</strong></span> 
     </span>
     <span class='ocr_line' id='line_1_27' title="bbox 218 3236 1288 3322; baseline 0 -20"><span class='ocrx_word' id='word_1_187' title='bbox 218 3236 317 3315; x_wconf 81' lang='lat' dir='ltr'><strong>beri,</strong></span> <span class='ocrx_word' id='word_1_188' title='bbox 348 3238 449 3304; x_wconf 91' lang='lat' dir='ltr'><strong>nihil</strong></span> <span class='ocrx_word' id='word_1_189' title='bbox 482 3248 593 3322; x_wconf 84' lang='lat' dir='ltr'><strong>parte</strong></span> <span class='ocrx_word' id='word_1_190' title='bbox 615 3239 694 3319; x_wconf 82' lang='lat' dir='ltr'><strong>(liri.</strong></span> <span class='ocrx_word' id='word_1_191' title='bbox 716 3258 743 3321; x_wconf 87' lang='lat' dir='ltr'><strong>p.</strong></span> <span class='ocrx_word' id='word_1_192' title='bbox 765 3241 816 3309; x_wconf 86' lang='lat' dir='ltr'><strong>te)</strong></span> <span class='ocrx_word' id='word_1_193' title='bbox 851 3255 977 3321; x_wconf 80' lang='lat' dir='ltr'><strong>neque</strong></span> <span class='ocrx_word' id='word_1_194' title='bbox 999 3238 1181 3321; x_wconf 85' lang='lat' dir='ltr'><strong>rineqns</strong></span> <span class='ocrx_word' id='word_1_195' title='bbox 1203 3238 1288 3302; x_wconf 92' lang='lat' dir='ltr'><strong>cla·</strong></span> 
     </span>
     <span class='ocr_line' id='line_1_28' title="bbox 217 3342 1288 3428; baseline -0.001 -20"><span class='ocrx_word' id='word_1_196' title='bbox 217 3344 312 3409; x_wconf 92' lang='lat' dir='ltr'><strong>mari</strong></span> <span class='ocrx_word' id='word_1_197' title='bbox 341 3345 409 3410; x_wconf 84' lang='lat' dir='ltr'><strong>rei.</strong></span> <span class='ocrx_word' id='word_1_198' title='bbox 441 3362 469 3427; x_wconf 90' lang='lat' dir='ltr'><strong>p.</strong></span> <span class='ocrx_word' id='word_1_199' title='bbox 492 3346 662 3422; x_wconf 88' lang='lat' dir='ltr'><strong>(clamari</strong></span> <span class='ocrx_word' id='word_1_200' title='bbox 691 3365 715 3411; x_wconf 87' lang='lat' dir='ltr'><strong>r.</strong></span> <span class='ocrx_word' id='word_1_201' title='bbox 746 3352 797 3428; x_wconf 87' lang='lat' dir='ltr'><strong>p),</strong></span> <span class='ocrx_word' id='word_1_202' title='bbox 828 3361 959 3426; x_wconf 83' lang='lat' dir='ltr'><strong>cumque</strong></span> <span class='ocrx_word' id='word_1_203' title='bbox 980 3353 1016 3408; x_wconf 89' lang='lat' dir='ltr'><strong>ex</strong></span> <span class='ocrx_word' id='word_1_204' title='bbox 1037 3342 1085 3408; x_wconf 90' lang='lat' dir='ltr'><strong>his</strong></span> <span class='ocrx_word' id='word_1_205' title='bbox 1107 3343 1168 3407; x_wconf 89' lang='lat' dir='ltr'><strong>dno</strong></span> <span class='ocrx_word' id='word_1_206' title='bbox 1189 3359 1288 3426; x_wconf 68' lang='lat' dir='ltr'><strong>appa·¹</strong></span> 
     </span>
     <span class='ocr_line' id='line_1_29' title="bbox 218 3448 1288 3541; baseline 0.001 -28"><span class='ocrx_word' id='word_1_207' title='bbox 218 3452 317 3527; x_wconf 75' lang='lat' dir='ltr'><strong>ruant</strong></span> <span class='ocrx_word' id='word_1_208' title='bbox 338 3450 479 3527; x_wconf 76' lang='lat' dir='ltr'><strong>alterum,</strong></span> <span class='ocrx_word' id='word_1_209' title='bbox 501 3451 618 3518; x_wconf 84' lang='lat' dir='ltr'><strong>dnobus</strong></span> <span class='ocrx_word' id='word_1_210' title='bbox 641 3451 741 3517; x_wconf 84' lang='lat' dir='ltr'><strong>modis</strong></span> <span class='ocrx_word' id='word_1_211' title='bbox 761 3451 825 3541; x_wconf 86' lang='lat' dir='ltr'><strong>lere</strong></span> <span class='ocrx_word' id='word_1_212' title='bbox 839 3449 1012 3528; x_wconf 78' lang='lat' dir='ltr'><strong>idem-dici,</strong></span> <span class='ocrx_word' id='word_1_213' title='bbox 1032 3448 1168 3531; x_wconf 91' lang='lat' dir='ltr'><strong>primum</strong></span> <span class='ocrx_word' id='word_1_214' title='bbox 1190 3448 1288 3514; x_wconf 68' lang='lat' dir='ltr'><strong>menti</strong></span> 
     </span>
     <span class='ocr_line' id='line_1_30' title="bbox 220 3555 1286 3640; baseline 0 -21"><span class='ocrx_word' id='word_1_215' title='bbox 220 3555 384 3633; x_wconf 82' lang='lat' dir='ltr'><strong>(omnia),</strong></span> <span class='ocrx_word' id='word_1_216' title='bbox 407 3556 517 3623; x_wconf 83' lang='lat' dir='ltr'><strong>deinde</strong></span> <span class='ocrx_word' id='word_1_217' title='bbox 538 3558 666 3640; x_wconf 81' lang='lat' dir='ltr'><strong>neganti</strong></span> <span class='ocrx_word' id='word_1_218' title='bbox 678 3557 812 3636; x_wconf 89' lang='lat' dir='ltr'><strong>(nihil),</strong></span> <span class='ocrx_word' id='word_1_219' title='bbox 835 3557 977 3630; x_wconf 80' lang='lat' dir='ltr'><strong>altarum,</strong></span> <span class='ocrx_word' id='word_1_220' title='bbox 1001 3556 1133 3637; x_wconf 86' lang='lat' dir='ltr'><strong>priorem</strong></span> <span class='ocrx_word' id='word_1_221' title='bbox 1154 3557 1286 3620; x_wconf 87' lang='lat' dir='ltr'><strong>senten·</strong></span> 
     </span>
     <span class='ocr_line' id='line_1_31' title="bbox 174 3649 1285 3746; baseline 0 -21"><span class='ocrx_word' id='word_1_222' title='bbox 174 3710 176 3714; x_wconf 14' lang='grc' dir='ltr'><em>Α</em></span> <span class='ocrx_word' id='word_1_223' title='bbox 217 3659 295 3725; x_wconf 71' lang='lat' dir='ltr'><strong>bam</strong></span> <span class='ocrx_word' id='word_1_224' title='bbox 331 3680 367 3727; x_wconf 86' lang='lat' dir='ltr'><strong>ex</strong></span> <span class='ocrx_word' id='word_1_225' title='bbox 397 3665 486 3745; x_wconf 86' lang='lat' dir='ltr'><strong>parts</strong></span> <span class='ocrx_word' id='word_1_226' title='bbox 508 3663 671 3744; x_wconf 85' lang='lat' dir='ltr'><strong>primaria.</strong></span> <span class='ocrx_word' id='word_1_227' title='bbox 689 3667 721 3730; x_wconf 86' lang='lat' dir='ltr'><strong>et</strong></span> <span class='ocrx_word' id='word_1_228' title='bbox 742 3664 872 3729; x_wconf 85' lang='lat' dir='ltr'><strong>relativa</strong></span> <span class='ocrx_word' id='word_1_229' title='bbox 892 3662 1094 3746; x_wconf 84' lang='lat' dir='ltr'><strong>compositam</strong></span> <span class='ocrx_word' id='word_1_230' title='bbox 1114 3649 1223 3740; x_wconf 85' lang='lat' dir='ltr'><strong>luisse,</strong></span> <span class='ocrx_word' id='word_1_231' title='bbox 1247 3660 1285 3736; x_wconf 86' lang='lat' dir='ltr'><strong>is,</strong></span> 
     </span>
     <span class='ocr_line' id='line_1_32' title="bbox 217 3766 1287 3853; baseline 0.002 -22"><span class='ocrx_word' id='word_1_232' title='bbox 217 3766 398 3843; x_wconf 84' lang='lat' dir='ltr'><strong>deterritus,</strong></span> <span class='ocrx_word' id='word_1_233' title='bbox 440 3768 560 3853; x_wconf 83' lang='lat' dir='ltr'><strong>opinor,</strong></span> <span class='ocrx_word' id='word_1_234' title='bbox 604 3770 701 3851; x_wconf 85' lang='lat' dir='ltr'><strong>nimia</strong></span> <span class='ocrx_word' id='word_1_235' title='bbox 742 3769 851 3835; x_wconf 88' lang='lat' dir='ltr'><strong>Haasii</strong></span> <span class='ocrx_word' id='word_1_236' title='bbox 891 3767 1048 3833; x_wconf 83' lang='lat' dir='ltr'><strong>interdum</strong></span> <span class='ocrx_word' id='word_1_237' title='bbox 1088 3768 1120 3832; x_wconf 93' lang='lat' dir='ltr'><strong>in</strong></span> <span class='ocrx_word' id='word_1_238' title='bbox 1164 3767 1287 3833; x_wconf 88' lang='lat' dir='ltr'><strong>laonnie</strong></span> 
     </span>
     <span class='ocr_line' id='line_1_33' title="bbox 217 3861 1286 3957; baseline 0.007 -22"><span class='ocrx_word' id='word_1_239' title='bbox 217 3871 369 3955; x_wconf 81' lang='lat' dir='ltr'><strong>lingendis</strong></span> <span class='ocrx_word' id='word_1_240' title='bbox 401 3878 433 3939; x_wconf 86' lang='lat' dir='ltr'><strong>et</strong></span> <span class='ocrx_word' id='word_1_241' title='bbox 455 3876 556 3941; x_wconf 81' lang='lat' dir='ltr'><strong>verbis</strong></span> <span class='ocrx_word' id='word_1_242' title='bbox 577 3861 797 3942; x_wconf 80' lang='lat' dir='ltr'><strong>intercalandis</strong></span> <span class='ocrx_word' id='word_1_243' title='bbox 818 3874 955 3949; x_wconf 79' lang='lat' dir='ltr'><strong>levitate.</strong></span> <span class='ocrx_word' id='word_1_244' title='bbox 987 3874 1038 3939; x_wconf 86' lang='lat' dir='ltr'><strong>hic</strong></span> <span class='ocrx_word' id='word_1_245' title='bbox 1058 3875 1168 3957; x_wconf 80' lang='lat' dir='ltr'><strong>aperta</strong></span> <span class='ocrx_word' id='word_1_246' title='bbox 1189 3877 1286 3942; x_wconf 70' lang='lat' dir='ltr'><strong>vesu·</strong></span> 
     </span>
     <span class='ocr_line' id='line_1_34' title="bbox 216 3977 1288 4065; baseline 0.005 -23"><span class='ocrx_word' id='word_1_247' title='bbox 216 3977 270 4061; x_wconf 76' lang='lat' dir='ltr'><strong>gia</strong></span> <span class='ocrx_word' id='word_1_248' title='bbox 289 3978 471 4046; x_wconf 85' lang='lat' dir='ltr'><strong>omissorum</strong></span> <span class='ocrx_word' id='word_1_249' title='bbox 493 3983 683 4065; x_wconf 78' lang='lat' dir='ltr'><strong>quorundam</strong></span> <span class='ocrx_word' id='word_1_250' title='bbox 705 3982 865 4046; x_wconf 86' lang='lat' dir='ltr'><strong>verborum</strong></span> <span class='ocrx_word' id='word_1_251' title='bbox 888 3981 930 4045; x_wconf 70' lang='lat' dir='ltr'><strong>ob,</strong></span> <span class='ocrx_word' id='word_1_252' title='bbox 947 3998 1054 4045; x_wconf 84' lang='lat' dir='ltr'><strong>vocem</strong></span> <span class='ocrx_word' id='word_1_253' title='bbox 1083 3978 1216 4045; x_wconf 86' lang='lat' dir='ltr'><strong>eandem</strong></span> <span class='ocrx_word' id='word_1_254' title='bbox 1240 3982 1288 4047; x_wconf 89' lang='lat' dir='ltr'><strong>bis</strong></span> 
     </span>
     <span class='ocr_line' id='line_1_35' title="bbox 217 4082 1288 4172; baseline 0.007 -26"><span class='ocrx_word' id='word_1_255' title='bbox 217 4082 351 4164; x_wconf 76' lang='lat' dir='ltr'><strong>positam</strong></span> <span class='ocrx_word' id='word_1_256' title='bbox 373 4087 428 4149; x_wconf 87' lang='lat' dir='ltr'><strong>aut</strong></span> <span class='ocrx_word' id='word_1_257' title='bbox 457 4086 535 4152; x_wconf 82' lang='lat' dir='ltr'><strong>duas</strong></span> <span class='ocrx_word' id='word_1_258' title='bbox 566 4089 686 4155; x_wconf 87' lang='lat' dir='ltr'><strong>similos</strong></span> <span class='ocrx_word' id='word_1_259' title='bbox 711 4087 847 4172; x_wconf 78' lang='lat' dir='ltr'><strong>neglexit</strong></span> <span class='ocrx_word' id='word_1_260' title='bbox 861 4088 904 4151; x_wconf 86' lang='lat' dir='ltr'><strong>-et</strong></span> <span class='ocrx_word' id='word_1_261' title='bbox 930 4084 1066 4152; x_wconf 87' lang='lat' dir='ltr'><strong>sustulit.</strong></span> <span class='ocrx_word' id='word_1_262' title='bbox 1126 4087 1288 4172; x_wconf 76' lang='lat' dir='ltr'><strong>Scriptum</strong></span> 
     </span>
    </p>
   </div>
   <div class='ocr_carea' id='block_1_5' title="bbox 0 0 1341 5062">
    <p class='ocr_par' dir='ltr' id='par_1_6' title="bbox 0 0 1341 5062">
     <span class='ocr_line' id='line_1_36' title="bbox 0 0 1341 5062; baseline 0 0"><span class='ocrx_word' id='word_1_263' title='bbox 0 0 1341 5062; x_wconf 95' lang='lat' dir='ltr'><strong> </strong></span> 
     </span>
    </p>
   </div>
  </div>
 </body>
</html>
