2656 5056
395 722 424 777 L
443 722 547 778 Senecae
566 721 704 792 Epistola.
979 720 1041 783 499

21 928 50 988 rt
76 932 148 1005 (pro
171 921 245 1005 ad)
277 918 386 983 illam
416 937 486 984 non
512 918 580 998 (aut
607 917 725 995 nullo)
754 918 958 984 habentem
989 939 1084 1002 prae·

21 1033 131 1112 repta
167 1027 235 1106 (ubi
268 1023 391 1107 negatio
426 1022 458 1086 in
491 1023 577 1088 oodd.
614 1023 780 1101 omittitur)
817 1024 895 1089 nibil
925 1043 1000 1106 opus
1036 1028 1085 1090 est

21 1135 132 1199 liuere.
193 1130 252 1196 Sed
273 1135 350 1194 mire
373 1127 555 1212 relinquitur
575 1129 615 1192 ab
636 1128 777 1194 omnibns
800 1132 925 1212 (preater
948 1130 1083 1196 scribam

21 1239 131 1305 :odinis
154 1237 221 1301 Pal.
244 1234 275 1313 3)
310 1235 498 1317 praecepit
522 1252 577 1316 pro
599 1234 785 1317 praecipit.
839 1233 925 1298 Nihil
946 1234 997 1299 bie
1026 1236 1084 1301 looi

21 1347 110 1411 nabot
146 1341 273 1425 perfecti
300 1359 373 1405 usus
401 1338 439 1402 de
470 1358 502 1402 re
533 1338 598 1403 lieri
622 1338 721 1403 solita.
781 1339 869 1418 Quod
886 1340 952 1404 'dixi
976 1360 1083 1406 omen-

21 1450 205 1516 latt.·Livr.
228 1466 256 1529 p.
279 1446 340 1508 354
363 1446 400 1509 de
421 1445 617 1509 commutatis
640 1444 848 1528 saepissimos
871 1445 978 1510 scribis
1005 1466 1083 1529 prae·

21 1557 97 1623 renti
120 1557 154 1620 et
176 1553 306 1638 perfeeto
330 1551 361 1615 in
384 1549 483 1615 verbis
505 1568 524 1613 a
545 1550 667 1632 capio,
690 1550 809 1624 facio,
832 1551 931 1615 iaoio
955 1569 1082 1634 compo·

21 1663 96 1738 sitis,
121 1661 147 1724 si
171 1656 329 1722 Fiolrertus
351 1661 383 1719 et
403 1655 536 1719 Haasins
563 1654 744 1726 tenuissent,
767 1655 938 1738 complures
962 1675 1082 1723 errores

21 1766 209 1839 vitavissent,
233 1761 317 1826 volut
336 1761 368 1824 in
384 1764 489 1842 quaest
504 1763 566 1824 nat.
585 1760 638 1838 IV,
661 1759 690 1837 2,
715 1758 752 1821 19
768 1760 832 1835 (nbi
854 1761 1080 1829 restituendum

21 1871 178 1953 recipit)
212 1871 244 1932 et
264 1866 345 1932 alibi.
399 1865 445 1929 Do
476 1863 537 1949 §7
561 1864 605 1944 (6)
633 1865 723 1929 buius
745 1864 880 1947 epistolae
902 1865 964 1931 diri
986 1869 1081 1934 soll

21 1997 45 2059 p.
72 1975 143 2038 104.
200 1973 221 2059 ξ
251 1972 291 2036 34
324 1971 419 2036 oratio
448 1971 493 2035 sio
521 1968 764 2053 interpungenda
796 1972 858 2034 est:
902 1972 977 2037 Neo
1013 1974 1082 2039 illa

21 2080 182 2163 possunt
211 2077 439 2161 praeoedere,
488 2078 530 2139 nt
565 2094 634 2140 non
671 2075 752 2139 baeo
786 2081 1010 2157 sequantur,
1044 2080 1083 2143 et

21 2186 93 2249 baeo
116 2181 288 2248 ordinem
314 2183 529 2265 sequuntur
556 2199 677 2254 suum,
710 2181 807 2244 unde
831 2180 873 2263 (h.
901 2201 938 2260 a,
962 2203 997 2248 ex
1021 2204 1082 2268 qua

21 2292 119 2372 parte)
164 2292 325 2371 apparet
366 2287 437 2351 illa
480 2284 707 2368 praeoedere.
771 2286 865 2351 Nulla
907 2291 1081 2373 argumenti

21 2394 173 2459 conclusio
195 2395 250 2457 est.
295 2391 315 2478 ξ
347 2391 388 2453 38
420 2392 451 2454 in
474 2389 629 2456 Posidonii
663 2391 797 2464 oratione
828 2392 908 2475 quod
939 2394 969 2459 in
999 2395 1082 2460 eodi-

21 2483 103 2565 unus
127 2498 216 2563 nonis
238 2497 278 2573 (a
301 2500 344 2576 a)
366 2496 495 2580 rentur:
538 2495 647 2559 niun
674 2496 834 2561 venetur
856 2499 948 2563 mihi
971 2499 1082 2583 frigi·

21 2606 120 2681 lius,
143 2604 244 2668 nibil
265 2603 438 2685 ineptius
461 2620 572 2685 qnam
595 2601 662 2665 lex
683 2620 764 2664 oum
788 2602 1081 2686 prolegomene;

21 2711 105 2785 Dio,
129 2708 221 2793 quid
243 2726 300 2773 me
321 2707 423 2772 velis
445 2706 603 2783 feoisse;
626 2724 697 2770 non
720 2706 844 2783 diseo,
868 2707 934 2772 sed
955 2728 1082 2791 pareo,

21 2816 164 2899 qnoniam
197 2813 368 2879 neeessario
399 2811 592 2876 scribendum
624 2817 671 2876 est
703 2831 790 2877 oum
813 2813 975 2896 prologo
997 2819 1082 2890 (nam

21 2921 291 3004 prolegomene
312 2936 409 3000 nequo
431 2935 483 2999 per
507 2935 539 2982 se
561 2918 722 3000 quicquam
749 2921 798 2983 est
819 2936 916 3001 neque
938 2918 976 2982 ad
1000 2938 1081 2984 oum

21 3025 244 3093 accommodari
266 3027 390 3105 potest),
412 3021 577 3087 videntum
601 3026 658 3099 est,
693 3041 730 3087 ne
752 3022 857 3088 fuerit:
885 3042 998 3107 quam
1021 3025 1083 3090 lex

21 3150 99 3195 rum
140 3128 311 3214 prologo.
376 3127 553 3202 Domine,
597 3127 672 3201 dio,
717 3130 809 3210 quid
853 3133 921 3204 oet,
965 3129 1084 3214 syllaba

21 3240 121 3300 autem
156 3234 202 3298 do
239 3234 349 3298 hausta
381 3233 422 3298 sit
447 3231 640 3313 praecedente
673 3251 724 3315 go.
770 3232 853 3320 §64
876 3235 913 3299 de
935 3235 1083 3318 Pompeio

21 3338 214 3406 scribendum
249 3340 311 3403 est:
356 3337 462 3403 modo
498 3336 542 3399 ad
577 3335 820 3421 coltiyaadoa
862 3346 933 3416 (non
967 3339 1082 3406 eolli-

21 3444 177 3531 gendos)
199 3444 350 3525 piratas
372 3461 416 3507 ae
438 3442 555 3506 maria
577 3443 749 3524 pacanda
771 3441 948 3509 radebat

117 3550 175 3631 Ep.
198 3548 247 3623 95,
272 3548 327 3612 23:
371 3544 685 3613 Innumerabiles
717 3568 801 3615 esse
823 3551 980 3615 morbos
1006 3569 1081 3615 non
1212 3568 1218 3580 ·

21 3653 239 3721 miraberis:
275 3671 415 3736 eoquos
451 3672 615 3717 numera.
670 3653 806 3719 Effectus
838 3672 929 3737 prave
958 3656 1083 3736 ponitur

21 3765 87 3826 rute
123 3757 382 3842 experimentum,
416 3777 432 3822 e
469 3775 528 3840 quo
556 3757 684 3822 effeetus
720 3759 917 3840 promittitur.
966 3759 1010 3823 Er
1034 3760 1083 3838 iis,

21 3884 81 3948 ruse
104 3862 145 3929 ad
168 3881 214 3945 ep.
238 3862 295 3937 42,
327 3864 348 3924 4
370 3863 442 3937 dini,
466 3858 556 3928 faoile
578 3866 707 3944 apparet
728 3863 890 3929 lenissima
910 3865 1082 3930 mutatione

21 3969 211 4035 scribendum
234 3987 315 4033 esse:
361 3966 672 4032 Innumerabiles
708 3986 798 4033 esso
831 3970 981 4034 morbos
1012 3990 1081 4036 non

21 4075 156 4136 mirari
190 4073 375 4160 viellhoo
409 4077 476 4150 est,
509 4073 614 4137 mirari
650 4073 789 4138 desinere
824 4074 904 4154 viel)
940 4094 1081 4159 eoquos

21 4180 222 4257 numera!¹)
279 4177 300 4263 ξ
322 4177 362 4240 36
384 4179 463 4243 mira
490 4182 523 4242 ot
543 4179 650 4261 inepta
672 4178 858 4244 interiioitur
879 4179 1082 4264 interrogatio

21 4332 213 4339 ‚wma-

41 4429 62 4495 ¹)
83 4429 206 4494 §29non
215 4425 351 4480 immerito
368 4424 480 4479 offendit
501 4423 747 4480 remediabiles
760 4423 932 4492 adieetirum,
954 4428 1080 4496 qnoniam

83 4520 222 4582 remediari,
250 4520 397 4583 remediante,
423 4518 567 4570 remediator
585 4533 638 4572 uon
657 4521 722 4571 ante
739 4516 945 4582 Tertullianum,
977 4519 1080 4575 Maero-

829 4610 881 4661 Μ*
