2656 5056
422 671 563 727 Ciceronis
580 670 728 728 erutiones.
1003 666 1064 733 113

23 868 268 949 teleneus,
301 870 383 954 quod
412 868 616 934 similitudine
639 868 678 934 ab
700 885 780 952 aque
801 867 967 934 ebulliente
989 866 1105 932 strom

20 974 179 1058 aliquem
213 977 395 1061 aspergente
424 973 605 1041 transfertur
633 974 673 1039 nd
702 973 829 1051 crimen,
862 972 1029 1056 ascriptum
1060 980 1108 1037 est

24 1081 189 1148 usitatius
204 1082 236 1148 in
251 1082 309 1147 huo
330 1100 363 1146 re
384 1080 569 1147 vocobulum
591 1077 796 1146 eollstum.
828 1078 948 1144 Vitium
961 1077 1107 1145 erationis

31 1183 142 1248 sensit
163 1183 343 1265 Lambinus,
373 1186 426 1251 sed
458 1186 621 1264 aberravit,
649 1203 719 1251 eum
740 1184 948 1250 referrens
971 1184 1106 1257 sumeris.

31 1287 237 1357 eolletum
260 1292 396 1376 reliquit.

145 1431 209 1498 Pro
239 1432 344 1500 sellie
375 1433 415 1496 35
439 1437 470 1499 et
492 1434 549 1499 36:
592 1431 860 1499 absolventur
896 1450 1028 1498 omnes
1064 1432 1108 1496 de
1179 1454 1182 1459 ·

40 1536 174 1601 simili
208 1539 287 1615 (eod.
318 1539 344 1604 Τ
376 1539 533 1609 des..ilir
563 1557 683 1605 censs
715 1556 880 1604 neeesse
914 1541 983 1604 est.
1029 1538 1108 1602 Hee

41 1642 172 1709 solum
215 1646 315 1711 bone
356 1646 585 1712 mehercule
625 1645 659 1710 si
700 1645 773 1712 hoe
814 1646 941 1710 solum
985 1647 1108 1716 esset,

42 1754 176 1815 temen
198 1769 284 1827 vos,
307 1752 412 1816 tulos
441 1752 536 1828 riri,
559 1752 617 1818 eet.
662 1751 799 1817 Sublatis
828 1750 946 1815 duabus
973 1751 1109 1827 rombus,

43 1876 113 1940 quus
140 1857 300 1923 scribendo
333 1858 413 1922 mele
441 1861 603 1940 praeeeptae
631 1860 704 1923 sunt
726 1856 820 1932 (lieo
840 1855 989 1930 solum),
1011 1858 1109 1921 omnis

44 1961 213 2028 mffioultes
233 1965 423 2030 removetur:
452 1964 719 2032 absolventur
747 1980 881 2028 omnes
909 1963 954 2027 de
980 1962 1108 2027 simili

44 2087 166 2134 eeuse
188 2087 353 2135 neeesse
375 2070 451 2148 est;
473 2071 574 2136 benn
595 2069 833 2137 mehercule.
885 2067 924 2134 si
951 2068 1023 2138 hee
1046 2088 1109 2134 so·

43 2174 124 2240 lum
158 2176 282 2260 esset,
317 2179 448 2242 temon
482 2179 539 2243 eet
604 2175 683 2241 Cum
714 2174 813 2241 ironis
843 2177 945 2241 emtor
976 2175 1111 2242 affirmat

43 2281 158 2347 bonum
181 2300 255 2347 sane
277 2282 365 2347 illem
385 2283 560 2349 absolvendi
587 2301 711 2349 eausam
732 2300 808 2348 esse.

148 2421 227 2489 lbid.
250 2423 307 2488 el:
336 2425 417 2489 Hee
444 2425 648 2509 sequitur,
671 2425 714 2488 ut
735 2422 894 2489 semilis
915 2423 959 2490 M.
982 2424 1109 2490 Tullii

44 2528 210 2594 eoneidi
242 2531 496 2612 oportuerit?
555 2531 654 2596 Pudet
686 2530 824 2596 confiteri
856 2549 894 2595 ne
927 2549 976 2595 me
1008 2532 1108 2614 ipsum

44 2632 182 2717 quidem,
206 2637 382 2718 priusquam
405 2655 424 2701 e
446 2636 591 2721 Siesbyeo
613 2655 683 2701 meo
704 2636 893 2709 admonerer,
920 2636 1109 2703 restituisse:

42 2742 88 2805 ut
108 2739 262 2809 furnilium
284 2740 414 2808 Tullii
437 2741 599 2808 eoneidi
621 2740 860 2824 oportuerit.

147 2893 185 2960 ln
208 2895 342 2961 Verrem
365 2894 426 2960 aet.
449 2895 480 2959 ll
501 2894 553 2958 lib.
573 2895 599 2971 Ι,
627 2894 684 2957 79:
714 2892 840 2958 Video
872 2893 975 2958 enim
1002 2896 1041 2959 et
1069 2917 1109 2961 es

43 3000 116 3078 iis,
142 3020 222 3085 quae
242 3001 389 3091 legiet
410 3000 562 3077 audivi,
592 2997 805 3083 intelligo,
835 2998 874 3063 in
904 3017 979 3082 qua
1007 3002 1111 3066 eivi-

42 3109 133 3171 tnte
164 3126 236 3173 nen
266 3107 378 3173 mode
405 3107 567 3191 legatus
589 3104 730 3188 pepuli
752 3105 917 3171 Romani
938 3105 1112 3171 eireum·

43 3231 202 3290 sessus,
233 3234 305 3279 non
334 3214 444 3279 modo
466 3214 567 3297 igni,
596 3213 716 3289 terro,
739 3230 869 3288 menn,
893 3212 1021 3294 sepiis
1044 3230 1112 3294 op·

44 3321 270 3403 pugnatus,
294 3321 361 3385 sed
384 3319 520 3402 aliqua
542 3338 584 3383 ex
606 3321 722 3401 parte
744 3317 923 3384 violatus
945 3319 1017 3395 sit,
1038 3321 1112 3385 nisi

44 3425 212 3507 publ-ies
234 3427 494 3492 setisieetum
518 3426 590 3502 sit,
619 3424 654 3489 ei
684 3424 851 3490 eiriteti
879 3425 1028 3491 bellum
1049 3425 1113 3491 in·

44 3530 273 3614 elicietque
305 3532 451 3597 inferri
480 3531 621 3598 solere.
665 3530 738 3595 Haee
760 3530 804 3596 sie
825 3531 1010 3608 scribuntur,
1032 3538 1113 3599 tem·

46 3657 144 3722 quum
178 3638 300 3722 legatus
335 3638 440 3721 pepuli
471 3638 600 3702 Romani
630 3638 801 3704 contrarius
831 3642 962 3721 ponetur
988 3641 1114 3706 minoris

45 3743 214 3828 dignitatis
236 3743 355 3809 homini
375 3743 472 3819 (verbi
487 3763 592 3810 eausa:
616 3764 690 3809 nen
712 3745 823 3809 medo
846 3734 1024 3829 legatus,
1042 3748 1113 3812 sed

46 3848 270 3924 tribunus);
293 3868 400 3914 verum
422 3851 573 3915 sententie
596 3850 698 3931 posits
720 3854 768 3916 est
788 3851 819 3914 in
834 3851 982 3934 gravioris
997 3852 1116 3917 iniuriae

47 3959 84 4022 et
106 3955 229 4021 levioris
251 3955 284 4020 in
309 3956 415 4021 eedem
438 3956 537 4039 legati
565 3975 694 4038 persona
723 3958 958 4039 eompereliene.
1008 3959 1116 4041 Itaque

47 4063 158 4128 Cieero
180 4063 344 4145 scripserat
366 4063 425 4127 alie
446 4064 607 4129 uerborum
630 4063 754 4129 ordine:
782 4063 821 4127 in
849 4082 923 4145 que
944 4063 1117 4130 eivitnte

49 4171 216 4249 legatus
237 4169 376 4253 populi
397 4170 562 4235 Romani
584 4188 657 4234 nen
680 4168 791 4234 modo
813 4169 1117 4246 circumsessus,

49 4294 127 4351 nen
150 4273 262 4340 mode
285 4276 387 4361 igni,
409 4277 532 4354 ferre,
551 4295 683 4361 manu,
701 4277 831 4357 eepiis
854 4281 1118 4361 oppugnatus,

50 4382 121 4447 sed
145 4381 283 4465 alique
306 4401 348 4447 ex
369 4387 482 4466 perte
505 4382 683 4447 violatus
705 4381 777 4458 sit,
800 4381 861 4446 nisi
883 4383 951 4465 quis
972 4385 1118 4452 eudesius

50 4487 206 4570 suspicari
239 4488 307 4553 rnlt
333 4489 510 4556 Ciceronem
544 4491 664 4554 tentum
694 4487 846 4570 posuisse:
871 4491 908 4555 in
932 4511 1005 4575 qna
1027 4492 1121 4558 eivi-

903 4608 921 4661 8
1002 4658 1008 4679 l
