2654 5010
237 279 299 345 m
606 271 863 342 mnmu

195 478 317 543 esset
361 474 546 559 Longiorem
570 475 732 540 verborum
753 472 914 539 ambitum
940 469 1105 552 descnpsi,
1122 475 1155 535 ut
1166 471 1246 536 stetin

197 582 374 667 legentibus
406 582 575 665 appareret,
613 600 712 664 oeque
747 580 942 645 sententium
979 595 1084 660 neque
1112 577 1250 642 oratiomn

197 693 280 755 reete
301 687 483 754 continuari.
531 686 671 753 Primum
701 689 783 752 enim
810 685 903 750 deest
925 683 1060 749 omnino
1083 683 1183 766 prima
1200 701 1252 747 sen-

198 793 307 860 tentiae
327 794 466 871 verbum,
489 811 547 859 nso
566 794 766 877 interrogatio
788 792 857 856 illa:
888 790 1000 872 quod
1024 795 1168 854 contra
1184 789 1252 853 sub·

199 899 349 965 sidium
382 897 461 964 sibi
500 898 603 976 babet,
644 899 694 964 oui
726 897 951 980 subiungatur3
991 894 1111 961 deinde
1142 912 1255 977 masse

200 1023 324 1088 prorsus
356 1004 480 1086 ponitur
510 1005 663 1087 particula
702 1003 848 1087 igitur,
889 1003 1046 1085 quoniam
1082 1020 1123 1066 ne
1153 1001 1257 1066 minine

200 1110 324 1193 quidem
357 1110 560 1176 conclusionis
592 1112 700 1176 umbra
732 1111 790 1185 est.
823 1108 881 1173 sed
914 1108 1080 1174 narmndo
1110 1107 1256 1175 subiicitur.

198 1216 272 1298 quid
299 1216 414 1282 Burrus
436 1218 469 1282 et
490 1218 607 1282 Seneca
627 1218 666 1282 ad
688 1234 775 1298 opem
800 1213 966 1279 terendam
990 1215 1124 1280 excitati
1145 1213 1258 1284 fecerim

198 1338 386 1404 quamquam
408 1324 498 1388 huius
521 1323 617 1405 ipsius
642 1319 857 1388 cohortationis
886 1319 1089 1404 significatio
1119 1318 1260 1385 omittitur.

198 1429 259 1506 (De
281 1429 401 1508 ruendo,
425 1428 507 1512 quod
530 1431 561 1493 in
582 1427 695 1494 litteris
724 1444 949 1509 expergens
981 1426 1184 1492 manifestum
1203 1442 1258 1489 seu·

197 1535 330 1600 tentiam
353 1534 594 1600 condicionalem
617 1535 737 1610 evertit,
753 1531 829 1596 nibil
844 1531 924 1606 dico.
941 1533 1098 1615 quoniam
1114 1532 1145 1597 id
1161 1530 1257 1613 pridero

198 1640 342 1706 Pichenae
370 1641 489 1707 amicus
522 1638 633 1723 aliquis
662 1640 811 1716 correxit)
867 1637 963 1716 Quod
987 1639 1029 1703 ad
1052 1641 1185 1719 priorem
1204 1655 1259 1700 serr·

199 1746 330 1812 tentiam
363 1744 581 1812 absolvendam
614 1746 711 1822 deest,
743 1745 775 1809 in
804 1744 868 1823 illo,
905 1745 992 1827 quod
1029 1746 1161 1810 alterius
1188 1743 1257 1807 initio

198 1858 348 1934 superest,
371 1853 503 1936 igitur
530 1852 714 1918 continetur.
757 1851 809 1915 Sic
830 1850 912 1915 euim
935 1852 1114 1930 scripserat
1136 1849 1258 1916 Tacitus:

198 1958 292 2023 Tum
326 1977 471 2043 pavore
495 1940 690 2024 exanimis
713 1958 751 2021 et
773 1956 1034 2040 iamiamque
1056 1956 1257 2022 afforeob·

199 2067 359 2131 testans
393 2109 699 2142 ...........
733 2062 834 2146 quod
866 2065 1011 2128 contra
1045 2063 1256 2128 subsidium

199 2172 289 2248 sibi,
313 2171 392 2236 nisi
414 2170 509 2254 quid
526 2169 1259 2252 BurrusetSeuecaexpedirent(quos
1311 2179 1312 2207 ³

199 2276 343 2342 statim
367 2275 589 2354 acciverat,
611 2276 809 2343 incertum
830 2295 876 2341 au
898 2281 938 2339 et
962 2279 1059 2340 ante
1083 2277 1255 2359 ignarost

199 2383 338 2449 orditur.
382 2382 557 2467 Longum
579 2384 792 2465 utriusque
814 2381 1034 2446 silentium
1057 2385 1120 2446 cet.
1168 2382 1255 2461 Scrip

198 2491 265 2554 tum
289 2492 382 2555 etiam
405 2507 471 2554 esse
494 2491 595 2572 potuit
615 2490 773 2574 queritur.
827 2488 894 2552 lam
917 2488 1001 2552 recte
1025 2487 1111 2553 Nero
1135 2488 1253 2552 Burrum

198 2597 230 2661 et
252 2595 403 2661 Senecam
424 2596 585 2661 consilium
609 2595 749 2677 expedire
770 2593 895 2659 iussisse
918 2595 1073 2673 narratur,
1107 2596 1156 2660 illi
1180 2592 1258 2659 initio

200 2702 400 2768 obmutuisse.
445 2700 533 2781 Quod
566 2702 677 2767 deinde
709 2718 905 2776 correxeram,
942 2700 979 2763 ut
1013 2717 1070 2781 pro
1107 2702 1257 2786 ignaros

198 2809 384 2873 scriberetur
404 2827 562 2892 gnaros,
585 2806 675 2873 video
692 2808 733 2873 ab
747 2806 818 2871 aliis
835 2807 1021 2886 occupatum
1039 2809 1073 2871 et
1088 2809 1130 2873 ab
1146 2806 1255 2872 Halmio

198 2918 365 2998 receptum.
408 2913 476 2978 Non
508 2912 568 2980 hoc
589 2931 648 2979 uno
670 2913 737 2979 loco
759 2910 887 2994 simplex
916 2929 1070 2993 gnarus
1101 2913 1134 2977 in
1167 2913 1256 2976 notius

198 3023 230 3087 et
251 3020 441 3102 frequentius
463 3020 474 3083 i
481 3037 630 3101 gnarus
652 3020 805 3084 mutatum
828 3019 885 3082 est.

300 3139 378 3204 lbid.
412 3140 468 3203 lb:
503 3157 574 3203 nec
604 3135 689 3201 ulla
716 3137 892 3202 moribus
926 3136 1024 3200 olim
1060 3136 1255 3220 corruptis

119 3267 124 3277 ·
197 3242 287 3325 plus
309 3244 528 3309 libidinum
551 3242 949 3325 circumdeditquam
972 3241 1256 3309 illacolluvies

197 3347 231 3414 Si
253 3347 319 3414 haec
340 3351 423 3415 recte
452 3350 567 3432 scripta
596 3353 679 3426 sunt,
708 3347 784 3414 mire
813 3347 940 3412 Tacitus
963 3353 1062 3431 neget
1085 3349 1181 3413 ullam
1202 3346 1255 3413 col·

196 3456 311 3522 luviem
334 3456 402 3539 plus
424 3454 590 3521 libidinum
621 3455 758 3520 moribus
787 3452 1027 3518 circumdedisse
1051 3473 1148 3537 quam
1171 3455 1254 3527 illem,

196 3580 265 3643 quae
286 3563 325 3628 ab
346 3561 415 3644 ipso
437 3563 627 3639 describitur,
658 3560 746 3644 quasi
769 3578 886 3625 morum
909 3559 1066 3640 corruptio
1089 3578 1210 3644 semper
1229 3576 1256 3621 ex

196 3665 326 3733 colluvie
355 3668 457 3751 aliqua
486 3669 611 3733 oriatur.
666 3665 866 3732 Manifestum
900 3668 948 3730 est
981 3666 1151 3732 colluviem
1181 3666 1256 3731 illam

195 3791 264 3837 cum
286 3773 357 3838 aliis
378 3791 498 3839 morum
519 3774 809 3857 corrumpendomm
833 3774 934 3839 causis
956 3778 988 3838 et
1010 3773 1177 3838 libidinum
1196 3772 1254 3836 ille·

194 3877 293 3942 cebris
315 3879 485 3964 comparari
508 3880 627 3946 debere.
671 3879 791 3946 Excidit
820 3879 918 3965 igitur
945 3880 1188 3957 substantivum,
1214 3875 1256 3942 cui

193 3981 279 4047 ulla
300 3983 480 4051 adiunctum
505 3992 580 4065 erat,
603 3986 669 4051 sive
690 3986 736 4050 ita
757 3985 882 4067 scripsit
903 3986 1049 4052 Tacitus
1079 4006 1151 4052 nec
1182 3985 1255 4050 ulls

192 4087 371 4153 moribus
405 4092 500 4157 olim
533 4093 739 4175 corruptis
760 4093 894 4174 <vis>
916 4092 1009 4176 plus
1042 4093 1255 4159 libidinum
