2626 5070
239 116 300 179 m
582 111 881 182 mmmm

196 314 318 398 incipit.
370 309 536 376 nimbum
574 308 625 373 hic
648 328 780 396 'quoque
821 308 957 375 ludimur
990 307 1117 393 antiquo
1154 309 1271 377 mendo

197 416 417 503 interpolando⁴
431 414 592 479 occultato.
651 413 703 478 Sic
724 414 808 480 euim
830 415 978 498 scriptum
1001 433 1021 480 a
1042 414 1165 482 Caesare
1188 420 1268 482 erat:

197 524 396 591 Vibullius
418 519 481 603 (qui
501 536 578 584 nore
600 518 713 585 missus
736 521 826 599 erat),
849 519 1040 603 expositus
1073 520 1266 606 Corcyra,

197 650 268 697 non
290 628 418 695 minus
439 626 500 690 oet.
534 624 720 690 Iamordiue
733 623 1017 708 omniaprocoduut
1038 627 1072 690 et
1092 630 1268 708 narrantur,

198 735 334 802 escensio
355 732 490 816 primum
502 729 640 814 Corcyreo
664 729 757 804 facta
778 733 846 794 tum
857 732 1034 811 susceptum
1056 731 1267 798 celerrimead

202 841 383 925 Pompeium
398 837 468 914 iter,
491 838 602 901 cetero.
624 833 690 919 [Sic
703 832 860 916 dieseon]
882 833 944 899 Sed
954 835 987 899 iu
998 834 1137 901 festinati
1148 838 1267 902 itineris
1286 911 1288 915 ¹

201 945 375 1011 narratione
397 942 513 1009 residet
534 941 683 1006 mendum
704 958 724 1030 a
743 939 852 1005 multis
873 939 1123 1006 animadversum
1136 942 1266 1007 necdum

199 1051 291 1133 plene
312 1052 496 1115 correctum.
542 1046 592 1112 Sic
624 1045 705 1111 enim
736 1044 768 1109 iu
798 1043 952 1110 codicibus
973 1045 1135 1135 scribiturr
1173 1065 1265 1113 con·

194 1158 354 1222 tinuato
375 1156 487 1219 nocte
510 1170 551 1217 ac
572 1151 633 1216 die
654 1151 794 1215 itinere
810 1150 923 1233 etque
945 1150 1120 1216 omnibus
1145 1153 1265 1236 copiis

196 1261 362 1327 mutatis
395 1259 440 1324 ad
473 1257 722 1341 celeritatem
755 1256 943 1321 iumentis
976 1256 1021 1321 ad
1041 1256 1265 1341 Pompeium

193 1363 415 1432 contendit.
470 1363 534 1429 Sub
565 1363 628 1428 illis
660 1361 838 1428 omnibns
861 1356 1008 1444 inpiis,
1036 1356 1265 1448 quse'llippor·

200 1472 287 1538 deins
323 1471 390 1536 sine
433 1468 497 1533 ulla
538 1467 753 1550 probabilitate
790 1467 886 1534 deleri
921 1467 1003 1544 vult,
1045 1468 1108 1532 iam
1146 1470 1265 1554 Lipsius

197 1577 317 1642 viderat
352 1575 479 1641 subesse
511 1572 636 1659 aliquid,
659 1572 754 1656 cuod
785 1573 827 1639 ad
858 1574 1061 1658 frequentiam
1087 1576 1265 1642 mutationis

187 1682 374 1765 pertineret,
396 1680 483 1743 cuius
496 1677 681 1762 significatio
704 1670 811 1745 abesse
823 1681 940 1763 nequit,
962 1680 1106 1757 siveeam
1119 1682 1278 1766 temporis«

198 1784 320 1850 nomine
342 1783 489 1848 contineri
510 1782 587 1850 selis
621 1785 811 1859 (omuibus
832 1785 953 1864 horis)
974 1785 1050 1862 sive,
1083 1786 1165 1869 quod
1186 1787 1265 1872 apud

198 1890 340 1976 antiquos
361 1889 463 1973 magis
485 1889 650 1973 suspicere,
672 1890 741 1955 loci.
797 1890 906 1972 ltaque
926 1890 1048 1973 Lipsius
1085 1894 1264 1960 omuibus

172 1979 366 2081 oppidis.
421 1994 483 2060 Sed
517 2013 626 2080 parum
647 1995 679 2060 id
701 1999 767 2062 eret
788 1995 854 2061 fieri
876 1995 908 2079 in
930 1996 1048 2078 oppidis
1070 2017 1154 2081 saepe
1175 2000 1264 2084 longe

196 2100 395 2167 distantibus.
454 2103 533 2183 lpsae
574 2101 686 2165 litterae
707 2118 814 2165 verum
837 2100 1062 2168 demonstrant:
1085 2105 1263 2174 omnibns

197 2206 353 2292 coponis
374 2207 631 2290 (cauponis)·¹)
1160 2202 1164 2208 ’

296 2311 364 2378 Ibd.
389 2312 445 2376 13:
490 2307 614 2379 Caes'ar
642 2312 822 2395 praefecto
846 2317 1033 2397 occupato
1054 2315 1199 2382 itinero
1220 2316 1264 2382 ad

196 2418 478 2504 Dyrrhachium
500 2418 617 2482 linem
647 2418 1017 2501 properandifncit
1063 2420 1114 2487 Sic
1136 2423 1264 2498 codices,

197 2526 256 2592 nisi
282 2525 364 2609 quod
391 2523 530 2590 nonnulli
552 2524 733 2605 profecto
765 2526 816 2590 rel
837 2525 1162 2618 periectohabenb
1184 2530 1264 2596 unde

196 2631 275 2715 quod
287 2630 387 2696 Aldus
408 2629 491 2706 iecit,
517 2631 612 2694 ceteri
624 2632 798 2708 tenuerunt,
822 2637 1112 2715 praeoccupato,
1135 2636 1264 2701 sinemo

195 2735 287 2802 facile
319 2734 529 2818 adscripturus
565 2735 854 2819 interpretationem
888 2741 963 2814 erat
985 2739 1114 2805 minime
1141 2741 1264 2825 quidem

195 2842 388 2924 perfecto,
418 2859 455 2906 ex
475 2860 535 2924 quo
570 2841 756 2926 praefecto
790 2846 892 2934 ortum
925 2845 1131 2931 Nipperdeius
1163 2849 1263 2932 putat

193 2945 297 3012 Caesor
334 2947 405 3012 sine
445 2945 537 3013 dubio
573 2951 718 3032 posuerat
742 2961 937 3035 precepto
974 2953 1139 3033 itinere,
1177 2955 1265 3039 eique

195 3051 385 3137 adscriptum
397 3056 445 3119 est
460 3056 659 3137 occupato.
682 3054 851 3142 [ciaccon]
872 3057 1125 3142 Psulo·post‚nbi
1137 3062 1169 3125 in
1181 3061 1266 3127 codi-

87 3240 97 3248 ,
193 3158 279 3223 cibus
294 3159 453 3225 scribitur:
476 3162 517 3225 ut
538 3161 719 3227 castellis
741 3161 972 3250 vigiliisque
994 3165 1087 3231 bene
1108 3168 1265 3233 meritae

196 3262 387 3330 civitates
414 3267 506 3335 tutae
536 3267 671 3332 esseut
694 3267 884 3361 praesidio,
916 3289 975 3336 non
1009 3270 1174 3341 delendum
1199 3276 1266 3343 erat

214 3640 236 3707 ¹)
267 3625 450 3712 Illberlingius
480 3628 684 3698 commemorate
711 3644 798 3715 Lipsii
831 3634 981 3703 coniectura
1012 3652 1116 3714 „rarius
1152 3654 1267 3725 aliquod

222 3801 224 3805 Ι
263 3731 422 3789 vocobulum
440 3735 571 3804 scriptum
589 3736 687 3791 tuisse“
717 3739 876 3808 suspicatur,
905 3741 975 3810 qnod
1002 3759 1055 3797 non
1091 3746 1266 3803 intellectum

264 3826 431 3880 mutaverint
449 3826 562 3883 librarii.
599 3829 721 3885 Proxime
738 3830 832 3885 aberat
849 3849 866 3887 a
883 3837 954 3892 ssr'o.
1066 3837 1070 3844 '
