2678 5018
204 259 298 365 'm
613 278 873 405 mmmm

314 505 355 581 ΙΙ,
380 502 438 563 119
461 523 542 585 sqq:

563 607 653 692 Volgi
675 629 741 692 quae
763 628 817 674 vox
839 611 874 673 ut
895 612 978 675 venit
1000 611 1038 675 ad
1060 631 1159 688 aures,

365 714 539 798 obstipuere
563 714 668 791 animi,
689 714 869 799 gelidusque
888 736 941 799 per
962 717 1025 781 ima
1045 720 1180 783 cucurrit

364 840 432 887 ossa
453 825 576 897 tremor,
600 821 649 884 cui
670 820 735 885 fata
756 825 872 904 parent,
895 841 985 904 quem
1004 826 1109 905 poscat
1131 826 1249 908 Apollo.

314 926 421 1009 Neque
436 926 510 1010 faur
534 926 733 1019 (nominativp
755 931 842 1006 casu)
869 950 984 1011 parare
1005 928 1100 991 alicui
1120 931 1179 996 dici
1201 951 1272 1014 pos-

214 1036 295 1114 sunt,
341 1030 464 1107 omisso,
501 1031 574 1115 quid
624 1035 742 1113 parent,
785 1033 957 1117 frustraque
996 1038 1150 1102 excusatio
1189 1058 1275 1120 quae·

214 1142 292 1205 ritur
312 1140 423 1221 ineptae
444 1139 596 1211 locutioni,
621 1139 847 1230 nequeGraecis
867 1143 982 1204 tremor
1003 1159 1058 1222 per
1079 1159 1148 1206 ossa
1170 1163 1271 1207 curre-

213 1248 280 1320 bat·
298 1245 510 1329 cogitantibus,
533 1246 582 1308 cui
597 1245 655 1327 ipsi
678 1248 806 1308 mortem
825 1264 932 1327 parare
954 1246 1108 1318 deberent,
1129 1267 1196 1324 nec,
1219 1250 1270 1331 qui

213 1352 262 1416 dei
283 1351 368 1416 iussu
403 1350 537 1432 aliquem
562 1349 697 1414 occidere
720 1354 880 1434 coguntur,
913 1353 976 1417 lata
1008 1355 1035 1417 ei
1058 1372 1165 1433 parare
1187 1357 1268 1420 recte

214 1460 365 1523 dicuntm.
402 1454 510 1520 Omnis
532 1459 579 1520 est
601 1457 742 1539 cogitatio
767 1455 804 1520 de
819 1458 933 1522 oraculi
957 1477 1047 1523 sensu
1071 1459 1178 1542 deique
1198 1479 1269 1525 con-

212 1566 290 1640 silio,
312 1580 467 1645 unumque
489 1563 570 1627 recte
594 1560 652 1625 dici
671 1565 799 1645 potestz·
1197 1640 1202 1651 ,
1329 1624 1332 1629 .

610 1668 658 1732 cui
680 1669 744 1733 fata
762 1678 858 1752 parer,
884 1689 974 1752 quem
995 1675 1101 1754 poscat
1123 1674 1244 1757 Apollo.

212 1777 432 1858 Facillimeque
463 1774 655 1874 intelligitur,
688 1775 767 1839 uude
800 1777 900 1839 ortum
928 1777 969 1841 sit
1000 1779 1080 1860 apud
1101 1780 1267 1845 oscitanter

211 1884 378 1949 scribentes
400 1881 597 1965 legentesque
614 1881 768 1964 paream)

310 1988 368 2065 ΙΙΙ,
390 1986 460 2050 340.
506 1986 755 2062 Hemisticbium
784 1985 864 2069 quod
885 1986 943 2052 hoc
967 1989 1033 2053 loco
1053 1989 1266 2072 interpositum

101 2112 103 2119 ’
196 2091 318 2160 ‘versus
340 2093 499 2176 aptissime
521 2093 705 2157 cohaerentes
726 2092 844 2156 divellit
866 2112 921 2156 nec
942 2093 1006 2157 ulla
1028 2094 1165 2171 minima,
1186 2097 1267 2161 unde

210 2192 307 2286 poetar
318 2201 351 2264 in
364 2202 500 2265 mentem
512 2200 631 2263 venisse
646 2199 746 2281 putari
763 2198 869 2280 possit,
885 2200 1045 2263 sententiae
1067 2201 1267 2266 similitudiue

209 2328 277 2372 cum
291 2308 443 2390 superiore
456 2324 544 2369 versu
560 2304 761 2385 coniungitur,
783 2302 888 2367 sedem
910 2300 1145 2370 habebitsuam
1168 2307 1264 2372 tribus

209 2413 345 2478 versibus
371 2396 443 2476 antei
472 2411 660 2493 claudetqm,
694 2410 730 2473 ut
764 2409 825 2475 alia
856 2409 1048 2488 hemistichia
1078 2411 1264 2494 imperfecta,

209 2538 341 2601 eaquae
363 2516 545 2600 praecedunt,
578 2515 746 2580 adiectione
778 2517 859 2596 apta,
890 2515 942 2580 sed
974 2521 1105 2601 apoeta
1125 2519 1164 2582 ad
1186 2520 1270 2583 inte--

209 2613 297 2712 grum
322 2643 444 2689 versum
467 2623 649 2706 explendum
671 2640 732 2685 non
753 2621 921 2689 elaborata:
951 2689 955 2696 ,
986 2671 993 2690 ,

276 2998 406 3054 actionem
435 2999 547 3054 renaudi
575 3000 706 3069 distingui
733 3001 845 3054 ferarum
870 2999 1012 3070 generibus
1037 3002 1124 3069 (lyncis
1143 3014 1186 3053 aar
1204 3042 1211 3054 .
1231 3044 1263 3056 ..

276 3095 351 3158 apri).
405 3095 504 3160 Tepmen
533 3093 602 3162 quod
621 3094 763 3162 aliquoties
782 3093 881 3147 dicitur
912 3093 944 3147 de
969 3093 1039 3162 pelle
1064 3093 1125 3148 fera
1144 3095 1265 3149 homines

275 3187 391 3254 tegente,
419 3202 470 3239 non
487 3185 585 3248 obstat,
614 3187 755 3255 quominus
774 3185 806 3241 de
830 3187 916 3255 ipsius
934 3185 995 3240 fera
1014 3176 1083 3255 pelle
1103 3186 1215 3249 dicatur,
1233 3191 1265 3242 ut

275 3276 308 3331 de
326 3280 485 3333 uestimento
504 3279 619 3333 bominis
642 3280 703 3347 (Ill,
733 3282 805 3344 594).
851 3278 1059 3334 Scribendumne
1080 3281 1116 3335 sit
1133 3283 1263 3351 aequiore,

277 3387 329 3425 uon
348 3371 454 3426 definio.
505 3371 580 3437 Quod
600 3371 760 3427 Ribbeclrius
779 3368 890 3442 (proleg.
910 3389 935 3441 p.
955 3375 1031 3434 328).
1064 3373 1131 3427 milri
1156 3374 1188 3427 de
1206 3375 1264 3445 ipsa

276 3478 305 3515 re
323 3464 481 3529 assentiens,
509 3466 636 3516 maculosa
665 3469 767 3534 repmina
795 3468 869 3534 lyncis
896 3463 977 3517 scribi
1004 3464 1100 3527 voluit,
1131 3482 1183 3520 non
1202 3471 1264 3537 apte

244 3556 472 3625 econinngnntnr
498 3574 529 3611 ex
554 3573 628 3626 aequo
656 3563 756 3627 leporina
785 3562 813 3613 et
831 3577 930 3622 cursum,
958 3572 1005 3611 neo
1032 3563 1133 3625 leporina
1160 3562 1263 3614 clamore

270 3668 375 3714 premere
393 3654 455 3719 apte
473 3650 580 3705 dicitur.
1030 3660 1033 3667 ”

200 3771 207 3787 ·
232 3752 252 3817 ¹)
271 3752 346 3805 Hanc
371 3755 549 3817 coniecturam
579 3772 638 3810 cum
667 3759 728 3810 ante
755 3757 859 3824 aliquot
887 3768 969 3810 annos
998 3755 1118 3811 fecissem
1136 3762 1262 3814 annotas-

210 3849 211 3856 ’
275 3861 390 3914 samque,
421 3864 479 3902 cum
507 3847 647 3902 Ribbeckii
666 3847 842 3917 Ladevicique
869 3849 933 3902 eolis
960 3850 1088 3929 exemplis
1116 3854 1206 3905 uterer
1234 3852 1262 3904 in

273 3929 394 4008 Vergilio
412 3941 561 4011 relegendo.
590 3942 645 3995 ridi
666 3945 756 4010 postea
782 3941 879 3996 lactum
907 3942 963 3996 e'sse
984 3944 1070 3999 multo
1094 3948 1156 3998 ante
1174 3960 1190 3997 a
1208 3942 1260 3995 Ba·

271 4035 333 4085 tavo
361 4032 462 4102 ignoto.
501 4034 553 4088 Sed
572 4039 661 4095 tamen
689 4050 811 4088 revocare
838 4035 866 4088 in
896 4039 1049 4092 memoriam
1074 4039 1102 4089 et
1129 4051 1264 4089 commen·

223 4124 226 4131 “
271 4123 335 4178 dare
354 4125 451 4180 iterum
470 4126 605 4182 inventam
624 4126 711 4192 rolui;
730 4131 772 4182 cst
789 4128 860 4182 enim
879 4134 960 4187 certa.
