2662 5046
285 292 347 355 214
614 331 618 340 .
643 289 705 345 Lib.
722 287 784 345 vn.
801 286 869 359 'Gap
885 285 924 344 11.

246 498 249 502 “
337 490 412 556 lbd.
433 487 474 551 37
496 486 694 552 scribendum
726 487 774 551 est
798 484 1014 569 'geminatione
1034 483 1150 552 litterae
1177 476 1299 555 sublato

244 596 317 675 Qui
338 613 420 659 cum
441 593 671 671 statuisset,
692 592 770 658 nisi
791 609 857 674 per
877 609 1011 656 vosme
1030 584 1299 676 reciperasse'i

244 701 403 768 eandem
426 698 555 766 subire
576 697 774 762 fortunam
798 698 915 780 atque
947 692 1047 760 idem
1077 695 1153 763 sibi
1185 692 1299 767 domi<

245 807 377 872 cilium
411 807 450 871 et
477 804 568 870 vitae
601 804 640 868 et
666 802 804 868 mortis
837 802 1046 885 deposcere,
1079 804 1213 870 tamen
1252 809 1299 872 cel

243 915 313 996 (pro
346 911 600 994 deposceret).
664 907 734 975 Non
766 908 912 990 poscebat
941 907 998 973 hoc
1025 907 1157 986 Quintus
1191 910 1299 978 Cicero

243 1017 298 1083 sed
320 1016 471 1083 statuerat
491 1015 663 1100 deposcere.
1253 1013 1255 1017 ’

344 1122 444 1197 orac,
466 1138 538 1188 curn
558 1120 676 1209 populo
698 1137 750 1203 gr.
772 1119 858 1202 egit,
896 1119 925 1180 1.
970 1117 1041 1184 Νοιι
1061 1121 1145 1186 recte
1166 1123 1299 1205 periodo

245 1247 264 1292 a
285 1228 450 1308 Quiritium
473 1226 680 1310 appellatione
701 1225 794 1290 duma
813 1223 935 1306 (Quod
954 1222 1141 1306 precatus
1157 1244 1299 1294 ...sum

245 1333 434 1414 Quirites)
464 1333 496 1398 in
519 1333 628 1398 eadem
650 1331 838 1397 terminatur
872 1330 1016 1408 (laetor,
1047 1331 1247 1413 Quirites).
1280 1354 1299 1400 e

244 1439 367 1505 omniuo
399 1439 465 1504 haec
491 1456 549 1502 vox
578 1438 712 1501 extremo
738 1435 804 1501 loco
835 1435 981 1520 languido
1018 1435 1162 1502 adheret.
1217 1438 1255 1504 In
1287 1441 1299 1505 l

154 1614 158 1617 ,
244 1544 404 1609 scribitur:
440 1545 554 1609 laetor
591 1543 653 1626 qni
679 1541 719 1606 ,Β
746 1542 783 1606 et
814 1541 847 1605 si
879 1541 989 1608 nihil.
1039 1541 1138 1607 Scribi
1170 1546 1295 1626 oportet

246 1649 362 1714 laetor.
410 1647 547 1727 Quare,
580 1648 664 1713 etsi
696 1645 796 1711 nihil
828 1648 891 1712 est
921 1646 1071 1712 homini
1093 1646 1224 1734 magis
1246 1669 1291 1736 op

245 1754 407 1820 tandum
434 1802 501 1832 ...,
522 1757 650 1819 tamen
673 1754 731 1818 eet.
765 1751 806 1816 ut
819 1751 934 1835 requiri
956 1753 1032 1818 etsi
1053 1751 1106 1818 alii
1127 1759 1293 1822 senserunt

245 1857 300 1922 sed
320 1858 373 1924 illo
396 1859 496 1940 posito
526 1877 587 1924 non
619 1858 829 1924 vinciebantur
855 1859 1025 1937 sententiae,
1058 1856 1138 1941 quod
1170 1870 1253 1926 nunc
1274 1862 1299 1926 fi*

245 1962 388 2028 restituto
410 1983 536 2046 quare.
726 2032 728 2035 ,
1157 2010 1161 2015 „
1199 2012 1204 2019 ·

344 2068 411 2133 Ibd.
434 2069 474 2133 23
496 2069 633 2134 codicum
654 2069 721 2133 haec
742 2070 792 2135 est
818 2068 971 2153 scripturn
995 2069 1033 2146 (P
1054 2071 1086 2135 et
1107 2066 1296 2152 ceterorum)

244 2173 443 2239 Postremo
476 2175 541 2258 qui
571 2174 610 2239 in
641 2174 869 2244 ulciscendo
899 2175 1110 2240 remissior
1142 2176 1236 2255 fnit,
1273 2178 1299 2243 ir

245 2298 378 2345 eorum
394 2282 529 2364 aperte
544 2281 685 2359 utitur3
708 2279 1099 2364 athutlgrauissimc
1112 2281 1298 2365 vitupera

245 2386 323 2464 tur,
346 2387 412 2469 qui
432 2387 613 2452 intentis
636 2386 846 2452 benefieiis
934 2387 1231 2470 remunerandis
1251 2408 1293 2455 es

143 2530 147 2547 »
244 2491 410 2570 tardior,
432 2511 469 2558 er
490 2511 551 2576 qua
571 2492 653 2576 quod
674 2492 839 2574 exsculpsit
860 2492 1095 2571 Mommseniua
1118 2511 1219 2577 neque
1241 2513 1297 2560 sen

243 2596 350 2661 tentiae
362 2597 514 2663 satisfacit
529 2599 661 2683 etlooge
674 2597 873 2678 discedit-(in
896 2613 939 2660 eo
961 2615 1026 2662 suo
1047 2599 1129 2662 iure
1148 2617 1197 2680 op
1210 2601 1299 2678 erte]

243 2701 470 2785 Reperieudum
506 2707 564 2780 est,
597 2704 678 2786 quod
709 2703 757 2768 illi
786 2702 1027 2792 gravissime
1061 2702 1299 2787 vituperato

245 2810 316 2889 apte
328 2809 582 2884 contrariumsit3
597 2809 630 2874 io
642 2809 890 2875 esthuiuamodi:
912 2830 987 2872 uon
1001 2808 1089 2894 fere
1111 2804 1299 2893 rep'relren

144 2903 146 2910 '
244 2912 358 2977 ditur.
387 2917 478 2981 Error
498 2914 592 2996 coepit
615 2935 635 2980 a
655 2934 693 2980 re
715 2915 811 2980 semel
833 2915 957 2997 scripto.
990 2921 992 2926 ’

344 3018 412 3085 lbd.
440 3021 490 3083 24.
534 3020 610 3100 Quae
641 3020 773 3097 codices,
805 3019 970 3086 manifesto
998 3019 1153 3085 nonnullis
1167 3020 1299 3086 'omissis

244 3125 289 3190 sic
325 3125 441 3209 scripto
477 3126 604 3192 habent:
649 3124 894 3207 Quapropter
929 3125 1155 3189 memoriam
1187 3126 1298 3192 vestr

244 3231 433 3297 beneficii
471 3233 592 3298 colam
636 3229 923 3307 benovolentia·
955 3230 1195 3311 sempiterna
1227 3251 1299 3297 cun

163 3419 168 3429 ἡ
245 3337 369 3402 anima
403 3337 588 3419 expirabo
624 3355 723 3412 mea,
766 3336 832 3401 sed
873 3335 992 3400 etiam
1027 3353 1109 3399 cnm
1132 3331 1198 3402 ‘me
1231 3337 1299 3402 ulli

245 3425 489 3508 monuments
509 3442 637 3508 vestri
667 3443 704 3507 in
726 3450 783 3507 me
804 3441 987 3506 beneficii
1008 3434 1299 3524 permanebunt

244 3563 290 3619 ea,
311 3546 456 3620 adhibita,
481 3566 573 3631 quam
594 3548 658 3613 iam
679 3549 814 3632 Iugerua
835 3545 994 3623 indicarit
1026 3546 1148 3612 Claudii
1168 3546 1299 3613 Mamer

244 3651 303 3716 tini
323 3652 502 3729 imitatione,
525 3654 588 3719 fere
608 3655 642 3719 in
662 3655 743 3720 hunc
763 3652 889 3718 medum
911 3651 1080 3735 supplendo
1099 3653 1188 3716 suntr
1213 3652 1299 3732 Qua

244 3761 399 3842 propter
430 3761 647 3827 memoriam
676 3759 798 3826 vestri
824 3757 1009 3824 beneficii
1042 3757 1167 3824 colam
1194 3758 1292 3823 bens

139 3919 142 3925 r
244 3865 418 3931 volentia
448 3866 687 3948 sempiterna
715 3886 781 3928 occ
812 3884 854 3927 eo
883 3864 1044 3948 (memoria
1066 3865 1134 3930 ben.
1158 3865 1204 3948 v.)
1227 3883 1299 3928 cun

245 3970 375 4036 anima
409 3973 625 4056 suspirabit
661 3989 756 4046 mea,
788 3969 855 4034 sed
886 3971 1006 4036 etiam
1030 3968 1116 4035 cum
1143 3987 1202 4034 me
1223 3969 1299 4032 uit«

246 4073 571 4158 defecerit,mulla
592 4079 846 4145 monumenta
859 4075 981 4143 vestri
995 4075 1033 4141 in
1048 4093 1104 4142 me
1118 4075 1292 4141 benefici
