2656 5056
248 306 309 370 548
592 301 883 373 suspicasse

207 509 293 583 bus3
331 508 371 571 et
400 507 527 577 erant,
565 505 628 587 qui
666 523 736 568 non
775 503 947 569 inultum
985 507 1179 599 exitium.
1211 507 1265 572 sed

208 614 446 696 eruptionem
473 611 704 684 suaderent,
738 629 864 694 neque
891 610 1119 693 ignobiles,
1149 634 1266 698 quam·

207 723 265 786 sis
298 718 448 786 diversi
478 717 701 782 sententiis
750 717 890 782 Verum
914 736 931 780 e
954 717 1129 786 ducibus
1151 721 1266 794 Dinis,

208 829 416 910 provectus
438 824 601 889 senecta
629 872 693 898 ...,
717 822 895 906 ponenda
916 842 1046 898 arma,
1080 846 1197 893 unum
1217 829 1266 892 al·
1314 810 1315 896 i

208 932 341 998 ilicti's
376 931 413 996 id
435 931 657 1011 remedium,
687 927 923 1000 disserebat,
955 931 1013 993 eet.
1065 933 1185 1018 Neque,
1216 954 1266 1018 qno

209 1040 364 1122 pertineat
384 1036 439 1102 illa
460 1037 491 1100 in
513 1036 562 1109 iis,
583 1037 636 1119 qui
656 1035 738 1100 idem
761 1034 932 1100 suadebant
947 1037 1186 1119 (eruptionem),
1206 1060 1267 1107 sen·
1315 1016 1316 1030 ἵ

209 1145 374 1213 tentiarum
398 1142 569 1220 diversitas,
592 1145 727 1225 apparet,
757 1159 865 1224 neque.
886 1141 938 1223 qui
960 1141 1131 1211 diversitas
1154 1151 1267 1212 senten
1315 1197 1316 1225 2

210 1252 324 1316 tiaram
346 1249 497 1312 contraria
519 1249 560 1314 sit
588 1249 741 1314 nobilitati
774 1252 828 1312 ant
846 1247 1037 1330 ignobilitati
1057 1254 1267 1335 (quamvisl
1315 1239 1316 1264 ³

211 1356 323 1421 Contra
344 1355 432 1419 facile
455 1356 610 1438 suspicere
632 1354 737 1420 referri
760 1355 841 1419 inter
872 1373 906 1420 ee
927 1374 1053 1439 neque
1073 1358 1267 1440 ignobiles

209 1467 241 1544 et
281 1481 414 1528 verum
450 1480 467 1524 e
512 1462 689 1527 ducibus.
749 1460 815 1526 Nee
848 1460 998 1526 discordia
1030 1482 1144 1546 reapse
1175 1466 1268 1551 gravis

210 1570 410 1655 significatur,
445 1568 504 1634 uisi
527 1568 626 1649 perire
650 1567 824 1633 volentibus
845 1569 1017 1634 contrarios
1033 1572 1170 1653 ponitur
1192 1572 1269 1638 dedi·

134 1659 139 1669 ’
210 1678 300 1742 tionis
328 1681 441 1741 auctor.
496 1677 568 1742 Sine
596 1675 687 1741 dubio
719 1674 843 1739 Tacitus
872 1678 926 1739 aut
955 1674 1000 1739 sio
1031 1680 1088 1742 ant
1117 1679 1267 1744 simillime
1316 1674 1317 1692 .

210 1782 347 1876 scripsit:
377 1833 384 1844 .
409 1833 447 1847 ..
475 1783 691 1848 suaderent.
744 1780 874 1863 Neque
895 1779 1102 1862 ignobiles
1126 1795 1269 1847 concam

209 1888 269 1951 tis
304 1888 453 1955 diversi
483 1888 719 1963 sententiis,
752 1904 881 1952 verum
915 1904 932 1950 e
963 1886 1141 1956 ducibus
1164 1892 1267 1957 Dinis

294 1996 525 2063 disserebat.
580 1994 680 2059 Huus
702 1994 802 2060 atatis
822 2012 879 2057 usu
912 1992 970 2058 his
1003 1993 1161 2063 diversi
1184 2017 1268 2063 sen-

210 2104 355 2171 tentiis
388 2102 531 2169 diountur
566 2100 709 2167 contrarii
740 2100 771 2167 et
803 2100 1009 2166 adversantes.
1072 2099 1269 2188 (Componert

210 2212 351 2285 descrens,
372 2211 431 2276 lroc
453 2211 511 2280 est.
534 2207 697 2279 discordes,
722 2206 808 2287 XIIl,
830 2206 870 2273 9.)
981 2268 986 2279 ,

311 2317 376 2383 lbd.
399 2314 458 2379 53:
499 2313 571 2380 Sed
593 2311 733 2387 Caesar,
766 2331 838 2377 non
869 2304 1049 2396 ignarus,
1087 2320 1269 2398 quantun

211 2442 255 2488 er
297 2421 538 2506 republica
580 2420 800 2502 peteretur,
959 2421 1041 2484 sine
1086 2440 1268 2504 responso

212 2530 681 2614 (Agrippinamlduemquam
702 2525 915 2594 instantem
938 2526 1120 2607 reliquit.
1145 2526 1268 2609 Conup

209 2637 276 2702 turn
303 2654 371 2701 esse
392 2653 432 2699 ex
453 2651 492 2697 re
514 2631 670 2714 publica
696 2632 893 2700 manifestum
915 2634 965 2696 est
984 2632 1082 2708 (nulla
1105 2635 1190 2700 enirn
1205 2653 1267 2718 pars

209 2740 285 2822 reip.
314 2740 505 2823 petebatur);
539 2739 593 2804 ssd
626 2737 708 2821 qnod
742 2738 915 2804 eWurmii
946 2739 1123 2804 coniectura
1154 2741 1266 2805 substi-

209 2847 311 2922 tuunt
349 2866 390 2911 er
427 2865 466 2912 se
508 2844 729 2928 peteretur,
765 2845 928 2912 barbarum
964 2848 1013 2910 est
1045 2850 1115 2927 (pro
1151 2865 1170 2912 a
1209 2851 1264 2923 sel.

209 2952 336 3019 Tacitus
357 2952 540 3034 scripserat:
562 2953 752 3035 quantum
774 2971 816 3013 eo
835 2971 876 3013 re
896 2951 1110 3033 peteretur.
1165 2952 1265 3020 Gemi·

207 3060 282 3124 nata
302 3058 438 3142 proxima
459 3059 565 3124 littera
588 3063 634 3142 (pl
655 3058 772 3123 facturn
794 3076 879 3140 rep,
900 3059 967 3122 um
990 3076 1029 3122 ex
1050 3076 1128 3141 rep.

303 3163 371 3230 Ibd.
397 3164 451 3227 69:
471 3164 509 3227 et
541 3163 573 3228 si
596 3179 693 3244 pone
715 3162 820 3235 iores
851 3162 1119 3240 adsisterent,
1142 3167 1262 3229 metus

207 3270 337 3342 visus.
358 3269 515 3336 sonitus
538 3269 614 3332 aut
633 3268 740 3333 forte
773 3275 864 3338 ortes
886 3269 1129 3350 suspicionis
1151 3271 1261 3334 erant

206 3374 258 3443 Sic
279 3375 382 3442 codex.
426 3374 542 3458 Opinon
563 3373 675 3441 fuisse:
708 3375 833 3440 metus
865 3374 985 3446 visus,
1019 3374 1180 3442 sonitus
1201 3376 1261 3442 aut

205 3479 307 3548 forte
337 3484 432 3547 ortae
465 3478 713 3561 suspicionis
752 3489 836 3551 erac
871 3479 942 3557 (hoo
970 3481 1036 3554 est,
1072 3482 1261 3548 mausona
1316 3483 1318 3564 j

205 3586 290 3654 visus
312 3591 371 3654 cet.
406 3588 476 3653 Duo
498 3587 601 3667 priora
621 3586 760 3651 membra
780 3586 869 3652 unius
891 3585 1012 3668 generis
1034 3593 1118 3664 sunt
1140 3588 1256 3655 tertiam

206 3693 255 3758 sui
276 3693 405 3768 ordinis;
438 3693 543 3775 itaque
564 3691 638 3757 vitio
660 3693 746 3756 caret
767 3692 836 3756 aut
857 3690 953 3756 semel
977 3693 1138 3773 positum.)
1179 3692 1255 3758 Sus·

206 3798 382 3879 piciones
411 3797 502 3881 (plur.
531 3804 626 3872 num.)
649 3798 750 3877 minus
773 3798 851 3880 apta
873 3799 954 3862 sunt.
986 3797 1052 3882 [Sic
1073 3793 1253 3877 Rhenanus]

304 3903 370 3972 Lib.
393 3904 430 3976 V,
452 3905 487 3967 4:
519 3884 820 3986 disserebatque
843 3903 962 3979 (lunius
986 3903 1158 3981 Rusticus).
1178 3904 1249 3968 bre·

204 4007 314 4077 vibus
335 4009 539 4075 momentis
572 4027 721 4074 summa
741 4008 860 4085 verti3
894 4028 1011 4091 posse
1032 4010 1246 4093 quandoque

14 4116 24 4166 ⁶·
184 4110 427 4178 *Germanici
472 4113 634 4182 stitinm
669 4114 914 4196 poenitentiae
956 4117 1076 4181 senis.
1124 4117 1159 4181 ln
1190 4113 1243 4177 loeo
