2654 5010
439 652 578 709 Ciceronis
596 653 728 723 epistolse.
911 698 913 702 .
1016 652 1075 716 201

48 845 134 911 tnri
166 846 368 927 altiores„
393 847 427 914 si
460 850 686 931 patiamur?
722 849 773 915 Ut
806 851 881 916 iam
917 849 1015 923 ista,
1037 866 1119 932 qnae

50 952 172 1029 rasit,
196 952 513 1019 dominationem
535 952 592 1020 an'
610 955 811 1021 dominum
834 975 878 1021 an
900 955 1120 1020 Antonium

50 1059 242 1124 timentis
284 1059 378 1125 sint.
450 1061 524 1126 Haec
570 1063 727 1144 postrema
773 1080 865 1144 prave
912 1060 1119 1143 superioribus

52 1165 281 1250 adiunguntnr;
316 1185 387 1231 uam
421 1165 448 1232 si
480 1171 523 1232 nt
553 1166 705 1249 particula
737 1174 785 1234 est
817 1166 1020 1246 consecutiva,
1043 1184 1121 1250 quo·

54 1272 146 1336 modo
174 1289 246 1337 cnm
274 1290 311 1337 aa
339 1272 497 1338 conciliari
525 1275 628 1355 potest
656 1272 907 1356 interrogationis
928 1273 1120 1339 disiunctirae

53 1380 174 1443 forma?
217 1378 433 1444 scribendum:
458 1379 508 1444 Ut
528 1379 573 1457 (id
601 1382 650 1445 est
671 1380 798 1455 velut)
819 1379 896 1444 iam
919 1381 1016 1458 ista,
1040 1397 1122 1461 quse

54 1485 159 1550 iacit
167 1529 304 1561 .....
331 1488 467 1562 ΜΨ)
512 1486 545 1549 ln
569 1485 676 1550 eadem
700 1485 935 1567 reprohensione
965 1485 1121 1552 Ciceronis

56 1610 93 1657 ea
114 1589 245 1658 dicentis
266 1595 298 1657 et
318 1590 520 1667 decernentis,
543 1610 612 1674 qna
634 1609 667 1657 se
688 1610 748 1657 non
769 1590 908 1672 deceant,
931 1593 957 1657 si
980 1592 1122 1657 domina·

56 1699 173 1762 tionem
188 1715 259 1762 vore
273 1696 343 1763 tolli
358 1697 443 1775 velit
459 1698 629 1781 sequnntur
645 1699 726 1763 haec:
749 1697 871 1762 Immo
892 1697 1123 1780 triumphus

57 1805 97 1867 et
117 1803 385 1886 stipendium!
413 1804 461 1868 nt
481 1803 665 1868 omnibns
687 1803 866 1869 decretis
889 1804 1123 1870 hortationis

57 1910 207 1994 pudeat
243 1911 532 1992 concupiscere
569 1910 788 1984 fortunam,
832 1910 946 1975 euius
985 1928 1125 1975 nomen

59 2017 307 2099 susceperit.
323 2014 857 2090 consularis.ntciceronis
879 2019 964 2082 est?
987 2015 1126 2079 Primum

59 2140 183 2204 prorsus
202 2123 308 2187 eadem
329 2122 467 2204 perlucet
487 2122 736 2205 interrogationis
752 2121 859 2200 forma,
876 2142 944 2206 quas
959 2123 990 2186 in
1006 2120 1125 2203 superi·

58 2228 163 2294 oribus
186 2232 268 2294 erat:
291 2229 410 2295 Immo
440 2228 670 2311 triumphus
691 2234 731 2294 ct
751 2228 1000 2313 stipendium
1024 2273 1031 2291 .
1055 2274 1062 2290 .
1086 2273 1125 2290 ..

58 2334 289 2400 consularis
322 2336 382 2400 ant
413 2332 622 2400 Ciceronis
656 2336 741 2400 est?
785 2334 904 2401 Deinde
926 2336 958 2400 in
979 2334 1027 2410 iis,
1057 2352 1125 2417 quaa

58 2441 222 2507 interiecta
253 2443 337 2515 sunt.
371 2459 429 2507 noo
464 2440 590 2505 dubium
620 2444 676 2519 est
706 2442 779 2525 qniu
801 2461 915 2506 nomen
938 2441 1067 2507 Gaesaris
1088 2440 1127 2504 ab

59 2546 230 2617 Octaviano
252 2542 429 2630 susceptum
457 2546 649 2630 significetur
676 2552 708 2611 et
730 2545 823 2612 simul
845 2547 968 2613 fortuna
989 2545 1127 2622 Curatis,

59 2653 205 2737 adquam
220 2651 494 2735 concupiscendam
506 2650 706 2717 Octavianum
722 2656 787 2717 suis
802 2651 935 2719 decretis
946 2652 1053 2719 Cicero
1067 2652 1128 2717 im·

60 2760 195 2844 prudens
211 2759 356 2825 hortetur.
379 2760 489 2841 Itaque
505 2758 590 2824 locus
601 2756 641 2822 ad
654 2757 787 2839 primam
803 2758 936 2840 speciem
947 2758 1129 2842 gravissime

60 2867 248 2948 depravatus
270 2866 429 2931 lenissima
453 2863 606 2929 medicina
627 2862 673 2928 sio
694 2862 883 2929 restituitur:
907 2866 1028 2929 Immo
1051 2862 1129 2926 tri-

60 2973 231 3057 umphus
274 2977 313 3039 et
355 2968 606 3054 stipendium
641 2968 681 3034 et
719 2969 902 3035 omnibus
945 2968 1128 3034 decretis

59 3080 281 3156 hortatione
311 3079 379 3146 eins
408 3076 558 3162 pudeat
587 3074 880 3158 concupiscere
910 3074 1129 3150 fortunam,

60 3178 1131 3265 cuiusnomansusceperit.consulariseutCiceroois

59 3293 148 3358 esti
191 3292 292 3376 Atque
307 3292 397 3357 huius
411 3287 633 3355 emendationis
650 3308 708 3354 noo
725 3289 836 3372 exigua
849 3307 920 3370 pars
936 3287 999 3352 iam
1017 3284 1132 3352 Orellio

60 3400 95 3463 in
117 3404 253 3463 mentem
276 3404 410 3475 venerat,
433 3396 486 3462 sad
508 3395 597 3460 initio
620 3397 654 3461 et
674 3395 706 3461 in
728 3394 789 3460 fine
811 3393 948 3460 nonnihil
968 3388 1130 3459 aberravit.

164 3515 331 3597 ibides:
350 3516 439 3580 Haec
457 3513 556 3578 mihi
578 3511 971 3592 videntur‚Oiceroni
993 3510 1131 3576 ultima

62 3642 152 3689 esse
183 3622 222 3686 in
255 3621 374 3686 malis
409 3622 466 3686 cet.
518 3621 587 3685 Non
616 3620 689 3706 qnid
714 3621 809 3686 Bruto
832 3618 973 3683 videatur
993 3616 1132 3683 Ciceroni

60 3729 208 3796 ultimum
232 3748 308 3808 esse,
333 3728 488 3812 quaeritur,
509 3725 655 3811 sed-qnid
671 3727 805 3793 ciceroni
821 3725 966 3791 ultimum
981 3724 1132 3798 uideatur,

60 3836 260 3903 dissentienti
281 3854 300 3899 a
323 3833 412 3899 Bruti
445 3833 559 3899 iudicio
593 3834 631 3897 de
663 3831 774 3898 iisdem
807 3831 908 3896 rebus.
958 3831 1073 3894 Brntns
1095 3827 1133 3892 ad

60 3947 144 4012 hanc
165 3943 296 4009 formam
318 3938 496 4022 scripserat:
525 3941 613 4006 Haec
636 3938 735 4004 mihi
754 3936 924 4020 <levia>
941 3934 1134 4008 sidentur,

60 4050 248 4118 Ciceroni
271 4047 416 4112 ultima
437 4065 525 4112 esse
546 4047 584 4111 in
608 4045 736 4111 molis.

59 4221 299 4236 ,.,..-.--

117 4304 145 4372 *)
164 4308 283 4376 Reliqua
295 4306 391 4363 eodem
404 4305 494 4374 modo,
513 4321 572 4375 quo
591 4320 642 4373 ego
662 4299 787 4358 sananda
804 4303 1008 4365 adnotaveram,
1027 4295 1135 4351 sanavit

165 4401 219 4456 iam
247 4399 457 4468 Wesenbergius
488 4396 598 4452 sublata
629 4394 768 4466 particula
799 4407 854 4458 an,
887 4406 949 4460 qnae
980 4396 1044 4445 ants
1071 4390 1135 4444 An·

166 4494 293 4548 tunium
312 4492 413 4547 litteris
431 4491 578 4560 geminatis
597 4496 659 4544 orta
677 4495 727 4543 est
