2656 5056
258 288 322 349 490
605 284 666 340 Lib.
676 285 752 340 VIII.
772 282 837 354 Cap.
854 284 903 338 lv,

797 382 821 437 J

99 485 101 489 ”
216 482 285 549 sed
307 485 395 565 post
424 503 464 548 se
491 487 530 549 ct
557 483 773 566 Epicurum
810 502 987 566 magnum
1020 484 1262 564 paratumque

218 606 357 653 nomen
391 589 604 655 habituros
638 594 727 665 (eos),
763 589 830 672 qui
861 587 1094 652 voluissent
1116 606 1184 669 per
1212 605 1265 650 ec·

216 695 303 760 dem
338 697 397 761 ire
427 695 613 779 vestigia
669 694 759 759 Viam
792 695 854 759 iam
889 696 1030 776 apertam
1062 696 1096 758 et
1128 693 1265 758 munitam
1316 773 1317 777 Ἰ

216 802 400 867 insecuturis
421 802 505 866 dicit.
559 801 612 876 (nt
642 803 662 881 fi
683 801 704 860 4
725 805 757 866 et
777 801 827 866 hic
848 802 951 864 certus
972 818 1042 863 sum
1063 798 1183 864 talsoP
1200 799 1267 864 tradi

214 909 388 972 consentire
433 927 502 973 cum
542 906 693 987 scriptura
729 905 881 978 Fickert,
913 903 978 969 illic
1010 904 1127 970 omisso
1170 903 1267 986 quid,

217 1012 267 1077 hic
287 1016 407 1078 retento
430 1011 530 1095 apud
552 1016 647 1090 eos.)

230 1179 263 1189 .,
316 1118 372 1198 Ερ.
412 1117 472 1194 80,
516 1120 550 1181 l:
594 1117 678 1181 Non
712 1117 875 1198 crepuit
906 1116 1079 1181 subinde
1112 1116 1269 1188 ostium,

216 1243 288 1288 non
330 1223 569 1288 alienabitur
622 1222 767 1296 velum,
814 1220 957 1287 licebit
999 1240 1069 1287 uno
1115 1223 1270 1295 vadere,

214 1328 313 1410 quod
347 1329 474 1411 magis
510 1329 783 1393 necessarium
820 1331 880 1392 est
918 1345 984 1410 per
1023 1344 1061 1392 se
1095 1330 1207 1394 eunti
1238 1332 1270 1392 et

215 1452 323 1497 suam
373 1433 556 1515 sequenti
604 1434 716 1497 viam.
783 1432 921 1498 Primum
964 1432 1159 1498 scribendum
1204 1454 1270 1499 uou

214 1538 406 1620 crepcbit.
463 1537 516 1615 ld,
551 1542 585 1602 ut
621 1538 806 1618 saepissime,
847 1539 970 1603 transid
1003 1539 1036 1602 in
1071 1542 1271 1621 crepavit,

213 1643 293 1726 quod
337 1643 410 1725 fuga
461 1643 628 1709 soloecismi
673 1644 788 1708 lactum
839 1643 997 1725 crepuit
1039 1647 1096 1707 est.
1164 1645 1270 1729 [Panlo

210 1751 284 1814 ante
329 1749 486 1830 irrumpat
533 1750 569 1813 ut
610 1752 712 1814 monet
775 1749 960 1832 secorius]
1017 1749 1136 1815 Deinde
1179 1770 1272 1835 nequo

214 1872 287 1918 uuo
310 1853 453 1919 vadere
474 1855 667 1936 ferripotost.
689 1873 787 1938 neque
810 1854 953 1921 vadere
982 1854 1079 1919 ullum
1102 1856 1153 1921 hic
1173 1858 1272 1923 locum

212 1959 316 2024 habet
353 1959 555 2026 scribendum
576 1982 687 2022 unum
708 1980 818 2041 apere
839 1968 911 2034 (non
940 1961 971 2025 in
1000 1961 1099 2026 multa
1121 1962 1273 2041 distrahi).

212 2065 230 2146 ᾖ
263 2065 292 2140 6,
316 2067 397 2149 quod
418 2067 576 2147 scribitur:
619 2065 774 2137 Horum,
807 2065 871 2147 qui
897 2067 1041 2131 felices
1063 2074 1274 2143 vocantur,

213 2170 407 2239 hilaritas
452 2171 551 2236 ficta
592 2173 652 2234 ast
695 2174 759 2235 aut
800 2173 936 2254 gravis
981 2174 1019 2236 et
1054 2178 1274 2256 suppurata

211 2277 410 2353 tristitia,
450 2277 635 2350 necessario,
676 2277 819 2360 quoniam
864 2278 929 2342 lraec
969 2296 1028 2342 nou
1072 2279 1272 2355 alternantur,

213 2382 421 2448 scribendum:
443 2393 482 2444 at
506 2384 641 2464 gravis
663 2382 721 2446 cet.
1090 2393 1093 2404 ·

312 2489 368 2572 Ep.
391 2489 442 2562 81,
463 2487 483 2551 8
502 2488 562 2564 (6):
586 2487 613 2550 N
623 2507 669 2552 ou
690 2505 824 2553 omncs
847 2488 1006 2571 gratilP
1027 2490 1173 2571 gratis)
1197 2492 1273 2555 sci·

211 2595 281 2657 unt
316 2593 458 2658 debere
490 2592 749 2666 beneficium
792 2595 927 2675 potest
958 2594 1085 2658 ctiam
1118 2596 1274 2678 impru-

210 2696 309 2762 dens
332 2703 369 2763 et
391 2697 499 2762 rudis
522 2699 559 2762 et
580 2717 678 2762 unus
700 2716 717 2760 e
738 2699 867 2773 turba,
892 2699 1133 2783 utiquedum
1152 2721 1273 2786 prope

211 2808 272 2868 est
311 2805 355 2868 ab
388 2807 567 2885 accepto,
609 2804 766 2887 ignorat
796 2807 942 2880 autem,
975 2808 1167 2887 quantum
1209 2808 1274 2873 de·

203 2909 311 2974 [beat.
365 2909 424 2989 Qui
456 2909 634 2992 imprudens
668 2913 700 2974 et
735 2909 819 2974 rudis
856 2909 914 2975 hoc
948 2911 1048 2993 magis
1088 2913 1148 2978 scit
1180 2933 1273 2997 quam

210 3016 339 3096 gratus?
381 3014 597 3081 Scribeudum:
640 3014 722 3079 Non
745 3033 879 3080 omnes
910 3016 1015 3098 grati
1037 3037 1116 3080 csse
1137 3020 1274 3084 sciunt

211 3118 305 3201 (quod
335 3123 434 3186 maius
459 3125 507 3187 est
537 3126 568 3186 et
596 3120 734 3210 continet
764 3107 1010 3205 intelligentiam,
1043 3126 1150 3205 quanti
1180 3128 1274 3192 bene·

211 3223 314 3288 licium
341 3226 411 3302 sit);
445 3226 585 3291 debere
619 3225 857 3290 beneficium
892 3228 1024 3308 potest
1060 3231 1176 3296 etiam
1204 3232 1274 3296 im·

210 3329 380 3408 prudens
407 3380 474 3408 ...,
510 3333 662 3416 ignorat
683 3334 831 3405 autem,
863 3335 1046 3415 quantum
1069 3335 1211 3401 debeat
1232 3342 1274 3410 (at

210 3433 279 3498 ideo
312 3442 418 3519 gratus
452 3456 518 3503 esse
560 3438 683 3520 nescit).
740 3436 820 3500 Tum
853 3438 957 3518 pauc’m
994 3440 1095 3505 vorbis
1128 3443 1200 3522 post
1230 3443 1274 3506 sic

210 3540 301 3604 scribi
338 3541 443 3608 debet:
486 3542 658 3617 Stultus,
703 3543 862 3607 etiamsi
904 3543 1007 3608 bonae
1051 3545 1273 3611 voluntatis

210 3650 283 3718 est,
318 3650 549 3727 autminus,
581 3667 691 3732 quam
725 3647 852 3724 debet,
886 3650 1170 3733 auttempore‚
1202 3670 1274 3733 qno

211 3769 279 3815 non
313 3752 441 3831 debet,
475 3760 540 3820 aut
571 3755 653 3820 loco
679 3754 808 3820 reddit
839 3755 961 3838 (vulgm
994 3758 1060 3819 aut
1092 3758 1273 3839 tempore

209 3859 291 3934 aut,
314 3878 386 3940 quo
412 3879 483 3925 non
506 3860 642 3932 debet,
675 3861 775 3938 loco,
797 3861 885 3944 quasi
905 3860 983 3926 illud
1010 3879 1084 3944 quo
1114 3880 1185 3926 non
1207 3861 1276 3933 de·

211 3962 276 4026 bet
314 3982 372 4027 nou
404 3965 443 4028 ad
472 3969 593 4048 tempus
622 3986 742 4049 quoque
770 3965 947 4050 pertineat).
993 3963 1172 4049 Sequuntur
1193 3967 1214 4055 ξ
1239 3971 1278 4032 14

210 4067 276 4144 (12,
310 4069 376 4131 haec
411 4070 441 4132 in
480 4072 596 4153 optimo
637 4072 741 4137 codice
779 4073 845 4163 (P).²
901 4072 1101 4152 Quantum
1148 4078 1280 4140 autem
