2654 5010
230 283 291 347 266
590 278 650 334 bib.
669 279 706 334 ΙΙ.
726 279 791 348 Cap.
810 279 858 332 vl.

177 478 370 563 temporalis
392 485 489 556 (cum
514 512 551 525 -
575 474 815 553 excesserit)
840 477 874 543 et
899 475 1112 561 hypotheticae
1134 474 1252 551 (lecis-

191 585 268 662 set)
300 602 408 668 neque,
430 586 467 648 ut
488 601 570 648 nuuc
592 583 677 648 locus
705 582 859 661 scribitur,
888 581 991 648 ullam
1021 582 1180 648 minimam
1199 598 1254 646 erre

193 688 452 776 significationem
484 686 673 754 condicionis
707 689 783 767 eius,
816 690 856 754 sd
889 706 986 773 quam
1018 687 1089 754 haec
1122 687 1256 752 senbnba

182 794 392 881 'hypothetica
408 793 667 861 accommodetur.
690 795 857 861 Sententia
871 799 904 862 et
920 794 1076 861 orationis
1088 792 1258 859 cohaerentia

195 900 379 967 restituetur
399 919 458 966 non
481 899 528 965 ita
550 918 664 982 magua
684 901 870 967 mutatione:
903 901 996 980 Qus
1023 899 1116 965 lues
1137 900 1257 964 oriens

195 1005 433 1091 eproiuudo
460 1004 628 1089 quodam
655 1010 791 1089 puteo,
822 1026 907 1073 cum
935 1025 979 1072 os
1010 1005 1104 1074 eins
1126 1004 1260 1078 excessit

196 1112 279 1179 sliu
310 1111 438 1177 latum
467 1114 578 1187 aute,
611 1130 725 1194 quem
759 1113 998 1192 sublimius,
1032 1112 1259 1196 vagaretur,

196 1219 329 1282 terras
351 1215 616 1282 circumsitas
638 1216 939 1284 inhabitabiles
960 1218 1195 1283 acerbitate
1214 1214 1259 1279 le-

197 1322 335 1389 cisset
380 1321 413 1387 Si
436 1341 489 1387 ser
510 1323 667 1387 insaluber
686 1341 721 1388 ex
736 1340 786 1389 ore
800 1323 886 1406 putei
901 1322 1006 1390 editus
1021 1323 1113 1406 prius
1128 1322 1260 1387 inlatum

188 1429 384 1512 (scitwc‘r‘rtc)
407 1447 461 1512 per
482 1427 675 1511 superficiem
696 1429 786 1494 terrre
801 1431 978 1514 vagaretur,
995 1448 1092 1513 quam
1109 1427 1261 1494 sublimius

198 1536 403 1614 extolleretur,
436 1533 656 1600 inhabitabiles
688 1538 786 1602 terras
818 1534 957 1610 fecissem
995 1555 1092 1612 nunc,
1129 1536 1261 1619 quoniam

199 1642 307 1707 statim
331 1640 475 1707 sublimis
496 1641 528 1705 iu
551 1641 720 1723 superiores
734 1641 815 1707 aeris
829 1642 971 1726 regiones
986 1641 1150 1707 extollitur
1173 1657 1261 1723 neque

200 1749 231 1812 in
254 1747 352 1813 latum
375 1746 568 1820 diffunditur,
583 1765 643 1812 uon
665 1748 757 1812 uocet
778 1748 868 1813 terris
890 1746 951 1813 nisi
974 1748 1008 1813 in
1030 1747 1171 1830 proximo
1191 1764 1262 1812 mar·

200 1853 272 1938 gine
292 1854 390 1936 putei.
439 1853 536 1919 Paulo
568 1853 673 1918 durior
704 1852 850 1919 orationis
881 1854 982 1919 forma
1016 1871 1074 1919 nec
1108 1855 1210 1918 tamen
1229 1850 1262 1916 ab

200 1961 363 2026 Ammiano
386 1959 550 2025 abhorrens
573 1958 606 2023 iu
627 1958 692 2023 his:
725 1958 760 2024 si
791 1958 830 2023 iu
863 1960 991 2025 latum
1025 1964 1137 2038 ante,
1159 1974 1262 2042 qnam

200 2065 440 2146 sublimius,
462 2066 701 2149 vagaretur,
722 2083 784 2130 uuo
805 2066 897 2131 verbo
919 2065 958 2130 ad
980 2066 1153 2148 utrumque
1174 2081 1260 2128 urem-

200 2172 290 2237 brum
312 2172 552 2251 accommodato,
584 2171 745 2250 niteretur,
773 2171 801 2237 si
828 2173 874 2238 sic
899 2172 1104 2239 scriberetur:
1128 2189 1211 2235 oum
1228 2186 1262 2234 os

187 2276 288 2341 eius
318 2278 514 2358 excessit,
550 2277 585 2343 si
614 2277 777 2360 <iret>
813 2277 1019 2357 inlatum,
1059 2277 1265 2360 antequam

201 2382 424 2449 sublimius
466 2386 687 2467 regeretur
727 2385 801 2457 cetr
843 2383 897 2448 sed
938 2384 1085 2449 audacior
1126 2385 1189 2449 baec
1225 2384 1265 2447 est

199 2489 347 2556 correctio
368 2491 490 2573 lougius
510 2508 529 2554 a
550 2489 692 2574 vestigiis
712 2489 852 2556 codicum
873 2489 1044 2555 discedens.

300 2596 380 2662 Ibid.
402 2596 492 2678 §312
514 2595 702 2660 Abundat
723 2594 1107 2680 iaquecivitatibus
1129 2594 1265 2679 quibus

183 2702 367 2785 ·(Hauptins
390 2702 562 2780 ditibus)
578 2701 710 2769 Media
731 2707 770 2769 et
791 2700 897 2769 uicis
918 2702 955 2766 iu
978 2700 1137 2767 modum
1159 2698 1262 2783 oppi-

199 2808 337 2873 dorum
361 2809 588 2874 exstructis
611 2810 668 2873 cet.
712 2808 764 2875 Sic
778 2809 908 2875 codices.
952 2808 997 2872 lix
1019 2809 1140 2891 inque
1158 2806 1264 2872 lacien-

184 2911 271 2978 -dum
294 2916 399 2996 potius
417 2913 526 2998 itaque
542 2915 681 2997 (propter
695 2913 754 2979 soli
770 2913 963 2980 fertilitatem
979 2917 1053 2979 ante
1071 2913 1264 2996 demnptam)

186 3039 292 3103 ⁴quam
315 3039 441 3104 aque,
463 3020 545 3103 quod
567 3038 649 3086 nuuc
670 3020 782 3085 editur.

301 3126 378 3192 lbid.
398 3127 485 3210 §632
509 3125 621 3190 luter
641 3126 813 3191 tlumina
833 3143 925 3192 uero
940 3125 1086 3202 multa,
1108 3140 1265 3209 quseper

183 3231 268 3298 'has
303 3235 436 3298 terras
474 3233 536 3298 rel
572 3230 801 3316 potioribus
842 3232 979 3317 iungit
1021 3233 1168 3298 natura
1207 3227 1262 3294 rel

197 3337 314 3420 lapsu
346 3341 437 3420 post
469 3337 600 3405 trehit
630 3340 669 3403 iu
697 3354 803 3404 mare
825 3340 884 3402 oet.
926 3336 1071 3420 Ineptum
1094 3339 1144 3402 est
1165 3336 1262 3421 post;

182 3443 391 3510 desideratur
413 3445 525 3528 proprii
548 3448 582 3511 et
602 3466 621 3512 a
642 3443 754 3512 ceteris
783 3444 917 3527 separati
944 3442 1052 3526 lapsus
1073 3440 1261 3528 significatio.

196 3551 414 3618 Scribeudum:
450 3554 567 3637 lapsu
602 3554 717 3638 suopte
743 3549 884 3615 'trahit
920 3549 960 3614 iu
998 3567 1116 3615 mere.
1167 3547 1262 3615 Semel

180 3657 321 3740 scriptis
342 3658 455 3724 litteris
476 3676 520 3723 su
542 3657 719 3726 terminatio
743 3656 929 3741 pronominis
951 3658 1095 3739 corrupta
1119 3662 1176 3723 est

297 3774 376 3841 lbid.
398 3775 483 3858 §642
516 3777 562 3842 ab
584 3774 837 3843 occidentali
859 3774 990 3839 latere
1011 3771 1180 3857 Scythis
1199 3792 1263 3838 an·

193 3898 330 3958 nexos,
352 3899 371 3946 a
393 3883 675 3966 septentrione
698 3884 736 3946 et
758 3878 957 3946 orientali
985 3897 1091 3946 uosse
1113 3881 1262 3946 solitu·

178 3985 279 4052 -dini
302 3988 561 4053 coherentes.
604 3987 657 4054 Sic
680 3987 717 4050 V.
760 3985 919 4052 illicitur:
941 4002 960 4050 a
981 3988 1262 4070 septentrione

180 4095 232 4156 -et
254 4091 384 4159 oriente
405 4093 556 4160 nivosse
578 4100 662 4172 (uon,
684 4093 720 4157 ut
741 4091 850 4171 editur,
874 4091 1100 4171 orientali).
