2656 5056
259 328 320 390 524
598 323 656 378 Lib.
677 322 754 402 VIII.
773 321 839 392 Cap.
857 323 889 378 V.

216 528 300 591 fama
326 525 469 591 foliorum
503 522 781 604 palimpsestorum,
819 520 985 602 particulas
1013 520 1087 586 libri
1119 522 1183 597 XI,
1214 520 1274 593 llll,

216 633 306 708 XIII,
339 632 378 695 ad
411 647 486 713 quas
522 646 559 692 ea
588 624 795 710 pertinebant,
841 629 872 688 et
907 626 1064 705 proximas
1098 630 1275 694 coherentes

216 738 308 820 paulo
330 735 475 801 curiosius
497 731 633 814 perlegi,
666 733 710 808 ut,
744 729 907 814 quidinde
929 730 968 794 ad
990 734 1112 796 textum
1139 734 1275 799 constitn-

211 825 330 906 'endum
362 839 541 910 efficeretur,
579 855 801 919 cognoscerem.
857 836 902 900 Er
929 837 981 909 iis,
1023 855 1092 919 quae
1122 840 1178 903 aut
1198 840 1275 902 antea

217 949 272 1011 ant
293 950 359 1010 tum
383 942 536 1018 annotavi,
568 960 665 1023 pauca
698 945 730 1007 et
751 958 854 1023 parua,
877 961 944 1025 quae
967 943 1034 1007 Iani
1058 946 1092 1007 et
1116 940 1276 1028 (usquead

216 1052 284 1116 libr.
307 1042 436 1124 XXXII
452 1043 633 1113 Detlefsenii
658 1049 803 1130 exemplis
826 1048 1011 1131 comparatis
1036 1052 1206 1130 supersunt
1226 1066 1275 1111 non

217 1159 378 1239 occupata,
400 1173 529 1237 ponam;
565 1154 693 1217 aliorum
727 1153 822 1218 libros
853 1154 884 1217 in
910 1174 943 1218 re
968 1156 1079 1238 exigua
1102 1152 1296 1238 perscrutari
1324 1163 1325 1167 ’

219 1279 318 1341 operae
341 1260 473 1342 pretium
496 1260 594 1325 visum
618 1263 754 1323 nonest

318 1363 524 1436 bibit-19
555 1366 587 1428 et
614 1363 655 1424 20
683 1364 899 1446 (paragrapbos
923 1365 1057 1431 minores
1084 1367 1119 1430 in
1149 1366 1275 1449 margine

218 1471 341 1535 notatas
374 1469 540 1552 significo):
592 1469 716 1533 lovem
755 1470 910 1551 quidem
944 1474 1010 1534 aut
1047 1464 1282 1537 Mercurium

218 1577 382 1642 aliterve
418 1575 518 1640 alios
547 1575 650 1639 inter
678 1593 715 1639 so
748 1574 879 1640 vocari
911 1578 948 1640 et
977 1594 1064 1641 osse
1086 1580 1272 1644 caelestem

218 1680 563 1752 nomenclaturam,
597 1680 679 1762 quis
712 1698 784 1745 nou
907 1681 1079 1754 fateatur
1111 1685 1274 1750 irrideri·
1324 1705 1325 1711 ¹

219 1784 328 1848 dum?
380 1786 503 1868 Agora
543 1804 675 1850 curam
715 1771 838 1851 rerum
877 1787 1131 1855 humanarum
1172 1789 1274 1862 illud,

218 1891 399 1973 quicquid
433 1895 491 1956 est
537 1880 870 1967 summum,'anne
912 1894 987 1957 tam
1018 1897 1136 1961 tristi
1169 1901 1274 1978 atque
1324 1888 1325 1965 ἶ

218 1995 431 2078 multiplici
464 1996 682 2087 ministerio
710 2015 780 2060 non
812 1997 935 2079 pollui
969 2001 1177 2066 credamus
1216 2000 1274 2063 du·
1324 2055 1325 2095 p

141 2165 144 2171 .
219 2104 462 2168 bibemusne?
505 2101 1017 2192 Vixpropsestiudicare,
1053 2109 1185 2171 utrum
1208 2124 1274 2170 ma·
1324 2125 1325 2129 ¹

218 2209 276 2292 gis
312 2208 498 2272 conducat
529 2207 659 2289 generi
697 2208 877 2282 humano,
921 2211 1072 2292 quando
1107 2218 1169 2278 cet.
1232 2210 1273 2276 Sic
1323 2190 1325 2203 Δ

215 2314 296 2394 apud
319 2312 472 2395 Silligium
494 2315 576 2376 recte
608 2314 768 2377 sententiar
801 2312 994 2380 dirimuntur.
1053 2317 1114 2382 Pro
1145 2320 1273 2400 connpto

215 2419 485 2499 illovixprope
518 2421 576 2482 est
608 2418 812 2483 Detleisenius
843 2420 961 2501 posuit:
1009 2423 1069 2487 vix
1108 2426 1273 2504 profecto
1324 2409 1325 2416 '

215 2529 293 2601 est,
330 2522 483 2588 adverbiis
519 2523 599 2587 inter
630 2543 663 2588 se
701 2525 918 2607 pugnantibus,
954 2545 993 2591 ne
1026 2529 1089 2594 alia
1128 2531 1272 2596 obiiciam.
1324 2592 1325 2595 ,

152 2620 170 2650 ’
216 2631 415 2696 Scribendum
463 2631 525 2692 est:
569 2629 636 2693 Vix
666 2639 796 2713 potest
830 2631 1020 2711 iudicari,
1065 2639 1193 2701 utrum
1225 2636 1272 2698 eet.

215 2738 277 2815 (De
299 2734 319 2821 ξ
342 2735 403 2796 224
425 2735 485 2798 dini
512 2735 570 2815 vol.
594 2736 608 2799 l
631 2756 659 2818 p.
688 2736 769 2817 147.)
952 2816 954 2819 ι

315 2841 381 2905 Lib.
405 2841 442 2916 V,
465 2841 520 2905 74:
546 2842 750 2925 plurimum
773 2845 902 2908 tanrsn
931 2845 974 2921 (in
997 2844 1123 2910 urbibus
1146 2846 1273 2926 Decapo-

214 2948 316 3011 litanae
353 2946 487 3030 reglonis
528 2951 703 3025 numerant)
746 2949 971 3015 Damascum
1011 2954 1124 3031 epoto
1158 2949 1272 3035 riguis

215 3071 323 3116 amne
345 3051 608 3135 Chrysorrhoas
636 3053 824 3124 fertilem,
860 3054 1187 3138 Philadelphiam,
1220 3058 1271 3121 cot.

215 3156 265 3219 Sic
303 3157 393 3222 lanus
427 3163 471 3234 (et
504 3157 740 3235 Detlcisenius);
777 3158 916 3225 codices:
961 3163 1121 3244 etopoto
1156 3163 1271 3247 riguis

214 3279 334 3325 amne.
381 3262 508 3328 Residet
529 3247 676 3329 mondum
699 3266 731 3329 in
754 3264 904 3349 riguis,
927 3287 980 3350 pro
1004 3286 1062 3350 quo
1086 3270 1270 3334 scribendum

215 3368 395 3440 ostricie,
418 3369 453 3432 ut
474 3369 662 3452 significetur
685 3369 879 3435 fcrtiIItatem
902 3372 985 3435 nasci
1009 3391 1044 3436 er
1066 3391 1158 3438 amne
1183 3376 1270 3456 Chry·
1310 3396 1313 3405 ¹

215 3472 336 3538 sorrboa
359 3474 402 3539 ita
425 3475 497 3540 rivis
527 3475 792 3558 (canalibuslper
814 3494 903 3559 agros
926 3475 1032 3549 diviso,
1064 3482 1099 3543 ut
1120 3480 1199 3545 nibil
1219 3477 1271 3560 ipsi

215 3596 301 3660 aquae
327 3583 432 3644 restet.
920 3610 921 3615 ¹
1000 3603 1003 3607 ·

314 3684 379 3749 lbd.
405 3684 478 3751 129:
524 3687 790 3771 Pamphylium
822 3707 930 3752 mare
952 3688 1148 3772 ignobiles
1172 3693 1272 3756 insn-

165 3863 177 3883 ο
214 3788 269 3853 las
293 3788 420 3862 babet,
453 3790 634 3856 Cilicium
657 3811 698 3857 eu
720 3794 1088 3876 quinque‘marimis
1112 3797 1271 3881 Cyprum

214 3893 257 3955 ad
282 3898 406 3959 ortum
429 3915 685 3980 occasumque
706 3897 853 3963 Cilicia
874 3920 916 3965 ae
939 3901 1055 3984 Syriae
1072 3903 1271 3969 obiectam.

214 3996 308 4063 Nulla
330 4005 397 4066 erat
419 4020 454 4066 en
476 4003 585 4067 ceteris
608 4021 729 4086 magna,
752 4005 865 4070 nodum
889 4007 1041 4085 maxima3
1066 4009 1193 4092 etquid
1216 4013 1269 4074 est:

214 4121 253 4166 er
291 4104 467 4169 maximis
502 4108 621 4171 babet
653 4111 838 4192 Cyprum?
899 4111 1053 4194 Scriptum
1085 4113 1203 4179 fuerat:
1235 4131 1270 4177 er
