2626 5070
260 284 321 348 m
619 280 882 352 mmmm

218 480 366 563 seriptum
388 479 500 545 fnisse:
540 478 670 563 Neque
703 482 743 545 te
763 477 901 564 popuii
916 476 1139 543 .R.·iudieia
1159 496 1285 564 neque

219 583 327 668 leges
360 602 480 668 neque
509 584 546 649 di
577 588 740 668 penates
770 584 890 650 oivem
918 584 1143 667 ‘patiuntur
1183 585 1285 652 Panlo

219 691 289 771 post
314 689 382 767 (18)
406 688 601 754 scribendum
622 689 760 757 videtur:
808 688 901 760 Nam
934 689 996 773 qni
1026 690 1225 760 turbasse
1247 693 1286 756 et

220 794 356 859 oaedem
378 793 519 860 oinium
542 795 676 863 odisse
697 796 768 873 ait;
790 794 823 859 in
843 794 947 860 aodioe
967 793 1055 860 deest
1075 813 1126 861 se.

320 899 1287 978 Inorationebieiniitlll,61D.,81Kr.),12:oum...diota

220 1005 314 1081 alia,
347 1005 410 1071 sed
433 1009 627 1072 certatum
662 1005 855 1088 utrimque
886 1004 930 1070 de
962 1004 1285 1071 dominationem

220 1111 328 1177 vobis
350 1111 413 1175 sit
468 1112 606 1196 Itaque
627 1115 755 1178 oetera
778 1130 819 1177 ex
840 1108 1007 1176 lieentia
1028 1113 1094 1176 ant
1114 1110 1200 1177 odio
1222 1112 1287 1177 ant

221 1215 391 1282 avaritia
430 1217 467 1282 in
500 1220 649 1301 tempus
685 1234 829 1291 arsere;
868 1215 1079 1300 permansit
1110 1235 1188 1281 una
1223 1234 1286 1281 ree

221 1321 341 1395 modo,
364 1342 441 1404 quae
459 1323 654 1407 utrimque
675 1321 840 1406 quaesita
861 1324 919 1387 eet
940 1322 980 1388 et
1006 1322 1141 1406 erepta
1160 1322 1199 1386 in
1220 1340 1286 1405 po·

221 1429 382 1504 aterum,
412 1429 469 1493 vie
491 1427 718 1504 tribunicia,
756 1428 876 1496 telum
898 1426 1147 1493 a'maioribue
1170 1426 1286 1491 liber·

221 1532 300 1599 teti
320 1534 507 1617 paratum.
544 1533 594 1598 Sio
612 1547 718 1597 omues
739 1531 826 1615 [inde
840 1530 1231 1618 adortio]interpungunt,
1252 1533 1287 1598 ut

220 1639 392 1706 incredibili
411 1639 562 1723 pravitate
580 1638 756 1705 tribunatus
774 1637 832 1717 vis,
851 1657 948 1723 qnam
971 1638 1107 1704 bisinina
1130 1638 1287 1704 sublatam

223 1745 360 1828 queritur
371 1746 402 1810 et
414 1745 536 1811 restitui
555 1745 633 1820 vult,
647 1763 709 1811 una
718 1745 923 1828 permansisse
941 1744 1221 1810 dioabrrettamen
1234 1762 1286 1809 ea·

223 1848 293 1913 dem
304 1851 336 1913 in
357 1853 513 1932 posterum
536 1853 652 1933 erepte,
673 1854 741 1917 tum
757 1848 1184 1934 autemhoeoipssubimque
1205 1868 1287 1933 qua·

223 1954 292 2028 sita,
316 1953 397 2038 qnod
419 1955 446 2020 si
468 1955 535 2039 quis
558 1975 618 2022 non
643 1956 792 2042 intelligit
816 1954 968 2040 quomodo
990 1954 1127 2030 odiretur,
1147 1954 1287 2021 Kritaius

224 2062 356 2135 enarrat,
379 2080 417 2140 „a
428 2061 518 2144 plebe
529 2062 701 2146 quesitam,
723 2061 996 2137 utooniirmareut
1018 2061 1057 2126 ab
1073 2059 1287 2142 optimatibus,

221 2166 257 2230 ιιι
277 2166 452 2234 tollerent“.
488 2168 556 2234 Hoo
576 2187 648 2235 vero
664 2170 714 2236 est
727 2187 861 2253 querere
878 2166 942 2230 nim
963 2163 1172 2230 anunm!
1201 2165 1287 2230 ¹Tun·

223 2271 292 2336 tum
320 2273 519 2339 absurditatis
548 2293 644 2341 unum
675 2274 795 2358 peperit
825 2286 948 2339 mmme
973 2289 1066 2356 prave
1093 2270 1234 2336 additnm
1258 2273 1288 2335 et

224 2376 389 2453 sublatum,
422 2398 481 2463 quo
502 2381 585 2446 reete
606 2379 706 2463 posito
727 2378 952 2463 (permansit
981 2395 1054 2442 nna
1075 2394 1138 2441 ree
1159 2376 1287 2451 modo,

224 2501 306 2566 quae
327 2485 524 2570 utrimque
558 2487 720 2570 qnaeeita
742 2486 828 2559 est,¹
849 2486 888 2549 et
916 2484 1051 2564 erepta
1077 2482 1118 2546 in
1151 2484 1288 2565 poste·

218 2602 309 2654 vrum
339 2591 396 2656 vis
422 2590 656 2669 tribunicia)
693 2594 822 2674 apparet
848 2608 942 2654 unam
968 2606 1035 2653 rem
1055 2604 1125 2653 esse
1147 2585 1288 2652 domina·

223 2679 688 2781 u0n0m‚'oeqne„ut1rmquo
710 2699 881 2763 oertatunru
905 2693 1041 2760 bioinius
1063 2691 1192 2767 dione,
1225 2691 1288 2756 rirn

225 2803 330 2866 samm
352 2801 549 2867 tribuniciam
570 2805 706 2885 ereptam
728 2820 797 2869 esse
818 2801 888 2878 diei,
908 2818 971 2867 non
994 2799 1211 2882 permansisse.

325 2907 391 2974 Ibd.
435 2908 488 2971 19:
532 2907 702 2990 Namque
741 2911 782 2972 nt
816 2905 903 2972 illie
939 2903 1110 2983 (alimentis
1145 2902 1288 2981 amoene)

225 3010 441 3093 exiguitate
462 3032 563 3079 more
585 3013 829 3096 prohibetur,
862 3012 1071 3079 senesannt
1095 3009 1210 3085 uires,
1233 3007 1288 3073 sio

225 3119 283 3181 oet.
307 3117 392 3183 Ferri
414 3103 479 3184 non
486 3119 590 3202 potest
606 3119 719 3203 duplex
730 3120 884 3185 ablativus
894 3136 949 3202 pro
966 3134 1011 3191 eo,
1033 3114 1114 3199 quod
1135 3116 1185 3180 est
1206 3114 1290 3180 illo·

224 3239 304 3287 rum
336 3224 565 3309 exiguitate.
618 3225 737 3307 ltaque,
768 3224 829 3290 nisi
856 3223 925 3290 tolli
947 3221 1027 3289 velia
1057 3220 1289 3307 exiguitate,

227 3326 308 3410 quod
330 3330 381 3412 qui
403 3329 475 3396 addi
489 3330 631 3414 potnerit,
653 3322 715 3394 nou
729 3328 828 3405 video,
849 3327 1045 3396 scribendum
1060 3329 1151 3412 pato:
1177 3326 1291 3390 Narn-

226 3451 295 3513 que
318 3438 358 3500 ut
382 3435 470 3499 illie
491 3428 713 3521 exiguitate
735 3435 793 3500 oet.
850 3455 852 3458 ·

327 3540 361 3603 ln
377 3541 520 3628 epistolae
531 3541 728 3610 Mithridatis
739 3541 806 3619 (IV,
817 3542 856 3604 61
868 3542 919 3620 D,
937 3540 1057 3621 nour.)
1077 3537 1168 3604 initio
1191 3536 1291 3618 aerip-

225 3644 329 3711 turam
350 3646 477 3724 oodieis,
516 3666 583 3731 quae
609 3647 767 3714 lenissime
793 3646 968 3713 adiuvanda
987 3648 1055 3722 est,
1086 3644 1151 3708 iam
1178 3642 1251 3707 inde
1265 3660 1292 3705 a

224 3751 330 3819 Densa
350 3753 569 3838 depravarunt,
600 3771 714 3837 nuper,
747 3751 853 3819 addita
872 3751 1129 3835 transpositione,
1165 3764 1291 3831 prorsus

226 3877 288 3925 una
308 3877 379 3924 oum
398 3860 550 3927 sententia
571 3877 694 3944 pessum
715 3857 877 3924 dederunt
908 3856 1122 3924 'Scribendnnr
1151 3855 1202 3920 eet
1229 3852 1291 3920 sio:

224 3963 308 4030 Tibi
331 3966 363 4030 ei
384 3966 579 4049 perpetua
599 3965 789 4049 paoaetrui
808 3963 943 4041 -lioet,
960 3962 1041 4029 nisi
1061 3962 1203 4030 hostes
1226 3976 1294 4042 op·

225 4072 382 4152 portani
417 4075 454 4137 et
488 4070 800 4147 eoelestisenmi‚
836 4073 876 4131 aa·
907 4068 1067 4153 egregia
1099 4067 1217 4138 fama,
1250 4065 1294 4130 si
