2662 5046
570 104 682 162 Caesaris
700 106 770 163 Bell
791 107 848 165 civ.
1142 109 1201 172 261

268 306 352 374 Belli
374 305 478 373 civilia
501 305 573 370 libri
593 306 685 390 primi
717 307 824 390 primis
847 307 1015 391 capitibus,
1051 308 1239 392 deonorum

174 412 389 496 depravatione
409 412 562 496 singulari
583 430 675 494 supra
695 412 767 487 diri,
788 431 851 478 non
871 413 1004 478 multum
1025 413 1140 492 auxilii,
1163 415 1244 497 qnod

1 561 61 606 5,
175 537 229 584 non
252 519 294 585 ab
317 519 389 585 aliia
409 519 591 600 occupatum
612 518 663 591 sit,
685 517 788 583 aliero.
834 518 942 601 ltaque
962 518 1102 585 indicabo
1124 519 1243 603 aliquo·

10 611 24 624 ’
175 625 225 691 ties
255 624 463 692 conlimandi
479 640 603 718 noanon,
645 623 678 687 in
713 642 781 706 quas
812 625 852 690 ab
884 625 952 691 aliis
978 625 1104 689 inventa
1134 627 1242 707 sponte

11 768 68 814 1,
177 730 341 797 inciderim.
870 785 872 789 .

10 902 12 905 ,
264 836 336 901 Lib.
358 836 446 912 1,c:
489 834 713 918 Scipionem
748 834 884 900 eadem
912 852 1004 916 spes
1034 834 1242 916 provincia

0 955 75 1016 cie
178 945 280 1027 atque
303 943 550 1007 exercituum
571 940 752 1023 impellit
777 987 844 1015 ...‚
868 939 1241 1005 simuliudiciorum

178 1051 309 1126 notus,
341 1047 519 1113 adulatio
555 1049 669 1129 atque
706 1045 925 1111 ostentatio
954 1045 1012 1110 sni
1041 1047 1078 1109 st
1109 1046 1240 1127 poten·

1 1180 84 1225 cna
177 1154 281 1231 tium,
327 1152 396 1237 qni
438 1153 477 1217 iu
512 1170 590 1235 rep.
629 1147 868 1234 iudiciis'que
910 1153 990 1215 tum
1035 1149 1240 1231 plurimum

7 1285 91 1328 er·
178 1260 395 1341 pollebant
437 1257 545 1342 Neque
561 1256 753 1342 significatur
774 1273 829 1321 nec
849 1256 940 1321 facile
951 1255 1145 1340 intelligitur,
1167 1275 1241 1339 qnos

1 1387 91 1449 ¹gn:
178 1363 309 1431 luminas
336 1361 440 1445 Scipio
461 1363 604 1429 adulatus
625 1363 686 1438 sit,
707 1363 762 1427 ant
783 1361 931 1446 quomodo
953 1380 991 1426 ea
1012 1361 1148 1427 admatio
1170 1380 1241 1427 eum

13 1471 94 1534 ede
177 1469 330 1553 impellere
351 1469 498 1552 potuerit.
554 1469 717 1548 (Homines
740 1468 915 1552 Scipionem
938 1467 1099 1534 adulantes
1123 1468 1242 1552 signifi·

1 1578 94 1637 tate
177 1577 231 1641 cani
252 1575 343 1640 nullo
376 1577 466 1657 pacto
496 1574 613 1658 patitur
635 1592 746 1640 nomen
770 1593 842 1641 cnm
865 1573 1018 1659 Scipionis
1047 1571 1144 1656 ipsine
1176 1586 1240 1657 spe,

1 1679 39 1738 et
60 1697 94 1742 sn
176 1683 263 1759 netu,
286 1680 494 1746 ostentatione
517 1681 739 1758 coniunctum.)
770 1680 902 1746 Accedit
921 1680 1121 1762 copulationis
1142 1680 1241 1746 forma

16 1802 74 1829 ¹
175 1785 276 1852 vitiosa
298 1785 429 1864 (simul
450 1788 596 1864 metus,
621 1786 723 1852 adul.
745 1787 860 1870 atque
881 1787 964 1864 ost.)
1019 1785 1128 1870 Itaque
1150 1788 1241 1853 valde

52 1911 59 1921 1
174 1893 310 1976 suspicor
334 1890 508 1957 tollendum
530 1892 716 1957 adulationis
749 1910 861 1958 nomen
883 1910 975 1975 prave
997 1892 1036 1957 ad
1058 1875 1240 1958 ostentatio-

172 1999 215 2063 nia
236 2015 354 2064 nomen
377 1996 574 2080 adscriptum.
630 1995 690 2064 Sed
711 1998 781 2080 ipsa
802 1998 968 2064 ostentatio
990 1999 1037 2064 sui
1059 2001 1091 2063 et
1114 2017 1238 2063 suarum

1 2110 49 2138 *³¹
171 2122 268 2169 rernm
292 2105 358 2180 est3
380 2101 458 2167 alios
480 2103 647 2185 (potentes)
670 2121 762 2168 nemo
783 2105 932 2169 ostentat.
976 2103 1130 2187 Scriptum
1152 2103 1238 2168 nide-

4 2184 69 2256 ffi·
105 2245 106 2250 1
167 2212 214 2274 tnr
235 2210 351 2275 fuisse:
384 2208 503 2273 simul
529 2209 759 2275 iudiciorum
784 2211 922 2286 ¹metus
955 2210 1069 2292 atque
1103 2211 1238 2275 osten·

104 2357 105 2361 =
167 2317 267 2381 tatio
291 2315 355 2380 sui
373 2313 415 2378 at
430 2316 623 2397 potentio,
647 2325 718 2400 qu'o
741 2316 779 2379 in
802 2333 877 2398 rep.
894 2313 1137 2395 ‘iudiciisque
1158 2315 1236 2378 tum

4 2398 54 2468 51²
101 2431 102 2434 ’
168 2421 374 2504 plurimum
394 2417 619 2504 pollebam)
736 2437 758 2483 ,·

5 2527 49 2571 ·ῐ·
97 2596 98 2600 ,
265 2524 395 2591 Ibit:
441 2524 1236 2608 Marcellusvcropassurnminprasen-

0 2645 42 2672 ²
81 2713 82 2716 Ἴ
169 2633 220 2698 tia
253 2632 386 2715 negat.
440 2629 569 2697 Codices
603 2651 674 2698 non
711 2651 766 2715 pro
798 2649 887 2697 nero
923 2630 1048 2695 habent.
1109 2629 1231 2709 Fuerat,

3 2745 39 2788 ¹
170 2742 287 2824 opinor:
335 2736 545 2802 Marcellus
569 2757 862 2822 eoa-passurum
884 2743 944 2804 cet.

265 2843 335 2910 lbd.
365 2842 401 2905 7:
434 2844 475 2907 ut
509 2843 722 2909 tribunicia
752 2844 987 2911 intercessio
1024 2842 1138 2907 armis
1170 2860 1237 2907 no-

6 2935 22 2957 *
88 2982 89 2985 1
174 2949 317 3013 teretur
350 2947 467 3030 atque
503 2950 800 3033 opprimeretur,
842 2968 919 3032 quoa
964 2946 1234 3031 superioribus

176 3052 278 3118 annis
318 3052 435 3118 armis
467 3057 572 3119 esset
603 3056 801 3122 restituta.
865 3053 1067 3120 Scribonium
1101 3052 1236 3136 primum

4 3176 31 3220 n
857 3172 861 3178 ·
1039 3181 1040 3184 ¹

184 3283 366 3297 Q*—

3 3510 9 3532 1
91 3487 92 3490 ’
202 3461 1236 3537 ¹)Cap.3annotaveramsicacribendumeaae:completururbset

243 3561 332 3624 ipsum
352 3559 437 3629 (codd.
457 3564 491 3616 et
520 3563 584 3630 ina)
611 3561 787 3617 comitium
816 3559 986 3624 tribunis,
1016 3559 1235 3614 centurioni·

245 3647 310 3714 bus,
330 3653 496 3720 evocatis,
515 3656 626 3724 ignarus
646 3654 674 3707 in
694 3653 764 3708 idern
782 3651 909 3708 incidisse
928 3652 1056 3726 litgium.
1098 3652 1131 3707 In
1149 3655 1235 3709 comi·

245 3741 279 3795 tio
316 3747 379 3799 ante
415 3747 515 3801 cumam
551 3744 640 3802 Caear
670 3745 824 3802 obrereatoa
858 3745 1009 3817 eigniflcat,
1045 3748 1078 3800 nt
1107 3749 1232 3800 senatum

246 3825 377 3894 merent.
418 3835 485 3906 (lap.
514 3837 532 3892 5
563 3840 720 3891 latronam
755 3837 900 3895 audacia
929 3855 989 3893 mea
1016 3841 1110 3909 sponte
1148 3839 1232 3908 scrip·

249 3940 338 3997 aram,
368 3945 429 3986 cum
453 3929 572 3985 nondum
595 3932 690 3985 scirem
708 3931 832 3986 Manutio
849 3931 921 3987 idem
939 3932 1083 4004 placuisse.
