2678 5016
538 638 658 696 ovium
976 598 984 609 ’
1039 641 1079 703 79
1137 581 1153 629 z‘

63 836 149 899 tuom
172 838 284 920 posuit,
309 859 376 922 qna
397 839 428 904 in
450 839 503 904 illo
525 839 626 904 oodioo
647 839 797 923 scriptura
818 841 1121 906 annotaturtantnm.

63 944 124 1009 Sed
147 945 261 1006 vicum
290 963 326 1010 os
347 945 381 1009 iu
403 945 460 1010 tali
481 965 514 1012 rs
536 945 609 1029 quid
635 947 692 1023 ait,
725 964 784 1011 non
806 946 961 1030 intelligo,
988 948 1120 1029 putoque

65 1049 184 1115 sublato
206 1051 426 1132 pronuntiandi
449 1069 548 1116 erroro
568 1051 778 1116 scribendum:

262 1175 300 1221 nc
321 1156 423 1240 fugiat
440 1158 510 1239 ficto
531 1157 632 1223 fassus
654 1158 693 1223 ab
714 1177 765 1222 ors
785 1161 888 1240 pudor,

64 1262 117 1326 boc
138 1263 197 1334 cst
217 1263 366 1328 hactenus
389 1263 429 1327 ad
448 1263 616 1328 fallendum
640 1264 814 1347 composito.
949 1286 950 1289 ¹
1004 1265 1008 1274 ‘

162 1367 233 1433 Ibd.
256 1369 299 1444 Π,
322 1369 383 1432 609
406 1388 487 1453 squ:

216 1473 347 1541 Condita
368 1476 395 1541 si
418 1495 478 1541 non
500 1477 573 1540 suut
594 1475 721 1540 Vcnsris
742 1475 890 1560 mysteria
911 1475 1011 1550 cistis,

256 1598 314 1645 nec
336 1599 412 1645 cara
432 1581 554 1646 vesanis
577 1581 688 1646 ictibus
710 1601 770 1647 asra
791 1583 911 1658 sonant,

214 1688 354 1751 attamen
374 1687 454 1751 iutor
476 1705 528 1752 nos
551 1686 652 1752 medio
672 1688 831 1752 versantur
851 1688 883 1752 in
906 1706 972 1761 usu,

258 1792 312 1858 ssd
336 1792 390 1867 sic,
412 1793 569 1858 internos
591 1794 627 1857 ut
646 1793 773 1859 latuisse
794 1794 899 1858 nolint.

161 1898 398 1964 Pervorsiasime
420 1899 484 1964 baec
505 1900 746 1984 coniunguntur,
770 1917 955 1983 quamquam
977 1897 1124 1983 mysteria

64 2004 190 2069 Veneris
213 2005 300 2071 cistis
323 2024 384 2069 uon
405 2005 592 2082 condantur,
614 2006 772 2071 tamenin
795 2005 896 2071 modio
918 2025 974 2070 usu
996 2002 1121 2080 versari,

66 2111 313 2195 contrariumque
336 2113 385 2176 cst
399 2129 452 2194 per
471 2130 506 2177 se
521 2111 624 2176 Ouidii
645 2112 815 2188 sententia,
837 2111 868 2176 in
887 2110 987 2176 modio
1008 2128 1065 2176 usu
1086 2129 1123 2177 ca

66 2217 194 2292 remark
225 2218 383 2282 internos
405 2219 486 2282 enirn
508 2218 622 2284 versari
649 2218 732 2295 dicit,
754 2236 861 2283 rorum
885 2235 944 2282 non
966 2218 1066 2282 medio
1087 2217 1121 2281 in

64 2342 130 2402 usu,
154 2324 211 2389 sed
222 2324 266 2389 ita
277 2325 313 2387 ut
323 2324 441 2390 lateant
454 2324 535 2389 intur
544 2324 629 2407 ipsos
644 2343 709 2390 nos.
742 2324 940 2391 Scribondum
951 2325 1046 2409 igitur
1057 2327 1123 2390 ost:

198 2429 288 2492 Hcat
308 2430 413 2493 tamen
440 2429 521 2494 inter
550 2449 606 2495 nos
633 2430 734 2495 medio
757 2433 917 2496 versantur
936 2432 968 2496 in
989 2450 1056 2496 usu.

164 2535 226 2600 Scd
247 2537 304 2601 hoo
326 2555 396 2601 oum
427 2537 500 2601 ants
530 2536 646 2601 multos
678 2554 773 2600 anuos
803 2538 1007 2616 anmtasmm,
1043 2556 1124 2602 nuno

67 2641 167 2706 Iabnii
188 2642 300 2707 indicio
329 2660 478 2726 cognosco
499 2643 538 2708 ab
559 2641 752 2726 Heusingsro
773 2645 969 2725 praeceptum.

167 2747 234 2813 Ibd.
259 2748 317 2825 ΙΙΙ,
340 2749 420 2811 231:

268 2856 372 2919 Aurea
393 2874 459 2938 quae
480 2853 615 2937 pendent
634 2857 741 2919 ornato
763 2854 851 2937 sigua
866 2855 1002 2929 theatro,

289 2961 415 3043 inspico,
439 2980 530 3044 quam
552 2960 653 3026 tsuuis
677 2961 799 3025 bractea
819 2960 903 3044 ligno
924 2961 1018 3044 tegat.

73 3065 166 3150 Teqnt
190 3067 334 3132 vitiosum
356 3086 424 3132 osso
445 3069 582 3144 constat,
609 3067 768 3149 quoniam,
798 3067 849 3149 qui
870 3067 1023 3148 proximus
1045 3086 1122 3150 prae·

66 3172 148 3237 cedit
169 3192 276 3238 versus
298 3176 504 3256 pentameter,
530 3174 562 3237 in
584 3182 666 3256 boas
687 3171 778 3236 cadit.
828 3172 863 3235 In
885 3171 988 3237 codice
1009 3174 1046 3252 R,
1069 3173 1121 3257 qui

65 3297 144 3345 unos
173 3279 266 3362 longo
299 3281 417 3345 cetoros
449 3280 565 3357 vincit,
598 3278 742 3344 scribitur
773 3277 886 3361 inspice
918 3288 1124 3365 contempsero

67 3385 191 3449 maaca.
243 3386 289 3450 Do
315 3387 521 3469 prioreparte
553 3386 637 3451 nulla
663 3384 813 3450 dubitatio
839 3385 1033 3467 relinquitur3
1071 3406 1123 3453 or·

64 3494 200 3558 nemum
223 3494 348 3559 verbum
372 3491 537 3557 admodum
558 3491 756 3576 probabiliter
777 3491 885 3576 corrigi
907 3492 1020 3574 potest:

266 3600 370 3662 Aurea
390 3617 456 3682 quae
478 3599 612 3681 pendent
632 3599 740 3663 ornato
760 3597 848 3682 sigua
869 3598 997 3672 theatro,

264 3704 392 3786 inspico:
417 3714 597 3778 contemnem·
619 3705 741 3770 bractea
762 3703 848 3792 ligna
869 3703 943 3778 beat,
996 3689 999 3698 ⁵

66 3808 119 3874 boo
141 3811 200 3884 ost,
223 3808 398 3875 divitiarum
421 3810 520 3893 specis
542 3814 639 3877 omat.

166 3915 226 3995 (Dc
247 3935 275 3979 r.
305 3915 368 3979 440
398 3916 513 3982 dictum
543 3920 591 3982 cst
617 3915 676 3980 vol.
704 3916 720 3980 Ι
746 3936 775 3999 p.
807 3915 883 3990 114,
916 3915 969 3980 ubi
1001 3914 1126 3979 Priami

67 4021 214 4104 scripturn
237 4023 381 4105 oportuit,
404 4041 462 4088 non
485 4022 646 4103 Priamei.)

163 4127 230 4194 Ibd.
257 4129 417 4202 111‚475:
605 4153 611 4165 s

265 4234 327 4301 Sed
348 4253 445 4318 noque
466 4237 498 4299 tc
519 4234 642 4300 facilem
665 4233 768 4299 iuveni
790 4235 933 4317 promitto
954 4234 1081 4320 roganti,

304 4359 362 4405 neo
382 4341 487 4406 tamen
509 4341 611 4419 admo,
634 4339 714 4423 quod
736 4341 825 4422 petit,
847 4359 898 4404 ore
921 4358 1006 4424 noga.

73 4445 287 4532 interpolatum
311 4448 384 4524 hoc;
420 4467 492 4513 nam
519 4447 634 4512 codices
664 4464 723 4511 uon
744 4446 843 4512 solum
864 4446 948 4520 boni,
984 4443 1120 4511 sedisne
1254 4451 1271 4487 ⁶
