2678 5016
1120 206 1331 322 *A

530 671 642 736 smnus.
1014 620 1081 742 'me

284 691 429 785 el·

55 850 360 965 omnitempore
380 868 496 933 fantum
523 871 593 946 est),
614 871 718 935 tamm
741 888 839 952 panea
859 873 1000 954 qnaedsm
1015 894 1121 942 emen·
1214 830 1246 895 ‘⁴

55 966 136 1049 dari,
173 987 300 1052 quorum
322 973 469 1039 nonnulla
488 978 558 1057 post
578 975 716 1041 intellexi
750 977 788 1041 ab
809 977 880 1043 eliis
902 982 1051 1061 oeoupetu
1073 984 1122 1057 (ut

57 1073 152 1138 Theb.
176 1075 201 1150 l,
222 1073 285 1137 480
308 1075 427 1139 torrete
449 1077 488 1142 ab
508 1080 647 1154 Heinsio,
676 1082 796 1144 eandm
816 1103 835 1148 a
856 1083 1036 1167 Peyraredo,
1059 1087 1120 1149 704

54 1181 194 1262 parentio
215 1181 278 1246 iam
300 1183 490 1262 aBerthiol3
512 1186 559 1268 iis,
584 1206 650 1270 quae
672 1190 799 1263 restant,
822 1208 913 1253 unum
937 1192 969 1255 et
990 1190 1118 1257 alteram

58 1286 202 1368 pagiuam
226 1306 284 1352 uon
306 1288 458 1355 invidebo.

156 1390 255 1456 tien.
277 1393 304 1467 1,
326 1392 387 1456 266
409 1414 491 1478 eqq.:
528 1407 531 1412 ·

156 1495 292 1575 Quodsi
313 1500 415 1582 prisea
434 1500 525 1579 luunt
548 1504 707 1566 auctorum
730 1502 858 1568 erimina
879 1504 1000 1586 gentes,

155 1602 358 1687 subvenitque
378 1606 440 1670 tuis
462 1625 532 1672 sera
551 1607 618 1670 haee
638 1608 795 1672 sententie
816 1608 908 1684 euris,

156 1726 332 1790 peroeusere
354 1711 412 1777 avi
433 1712 644 1794 seniumque
667 1715 802 1795 tempore
824 1713 950 1779 taudem

155 1816 307 1880 terrarum
327 1812 423 1884 furias
442 1817 564 1888 abolere
586 1820 617 1883 et
638 1818 750 1884 sedula
771 1820 851 1899 retro

156 1920 321 1986 emendare
343 1926 393 1988 sat
414 1927 486 1990 est?

157 2025 396 2109 Nonquaeritun
418 2029 539 2111 quando
555 2028 728 2094 emendatio
752 2028 816 2105 fiet,
839 2029 892 2094 sed
915 2051 1008 2117 quam
1029 2034 1119 2118 longe

67 2133 141 2194 retro
161 2135 280 2215 agatm.
324 2132 527 2201 Scribendnm
552 2136 617 2200 esti

122 2255 299 2317 percensere
320 2239 377 2303 aeri
399 2240 530 2317 senium,
551 2262 571 2300 o
591 2258 651 2323 qno
672 2242 810 2321 tempore
832 2238 968 2317 tandem,
991 2245 1050 2308 oet.

158 2343 225 2408 Ibd.
246 2344 318 2418 630,
337 2344 396 2410 631
423 2347 577 2428 (Apellen

157 2449 301 2532 pmtifera
326 2469 414 2514 arma
434 2450 508 2516 iaoit
531 2468 715 2534 oemposque
740 2455 772 2517 et
793 2453 875 2518 oelsa
896 2452 1061 2536 Cyelopum
1143 2494 1153 2505 a

157 2558 240 2620 teota
260 2555 432 2639 superiecto
454 2557 636 2623 nebularum
658 2556 795 2622 inoendit
816 2543 940 2624 emiotu.

7 2740 10 2762 ι
159 2659 291 2744 Campos
323 2664 356 2726 et
388 2666 509 2727 montes
536 2662 705 2745 superiecto
735 2661 915 2726 nebularum
938 2664 1053 2730 amictu
1076 2665 1120 2724 in-

71 2767 147 2828 cendi
166 2766 242 2832 adeo
266 2770 316 2832 est
337 2770 443 2832 eontra
464 2787 566 2833 rerum
591 2769 744 2844 naturam,
766 2769 802 2832 ut
822 2786 860 2831 ne
879 2767 981 2839 Statio
998 2768 1121 2852 quidem

71 2871 98 2936 in
119 2876 254 2939 mentem
277 2873 538 2957 venirepotuerit3
560 2890 617 2937 nee
638 2891 710 2938 sane
731 2872 788 2937 hoo
808 2874 1121 2951 loooomuialurisee‚

70 2978 115 3043 eed
136 2978 276 3044 tristibus
297 2977 432 3043 tenebris
465 2977 596 3042 obduota
631 2981 723 3061 poeta
743 2977 906 3062 signifieat.
935 2998 1031 3061 eaque
1052 2998 1121 3045 een-

69 3085 159 3150 lentie
183 3102 246 3148 una
267 3084 373 3150 littera
393 3087 514 3149 memte
535 3083 727 3150 restituetur:
1001 3137 1005 3144 .

491 3189 672 3255 nebularum
697 3189 824 3251 intendit
845 3188 970 3255 amietu.

158 3295 281 3360 Montes
303 3295 438 3360 tenebris
460 3297 491 3360 et
512 3294 693 3361 nebularum
716 3295 831 3373 amictu
852 3295 1062 3372 intenduntur,
1087 3301 1121 3364 ut

69 3400 258 3467 macule
275 3401 369 3475 uelis
389 3401 475 3466 loeus
496 3401 597 3466 sertis

158 3509 226 3573 Lib.
253 3508 295 3582 Π,
317 3506 396 3571 235:

445 3612 530 3677 Tune
552 3630 606 3687 ora
626 3611 766 3697 rigantur
786 3613 922 3679 honestis

192 3719 343 3784 imbribus
366 3723 398 3784 et
418 3721 542 3785 teneros
564 3718 699 3784 leerimae
718 3718 820 3783 iuuere
840 3722 993 3799 petentes.

158 3826 243 3890 Ferri
265 3827 373 3908 nequit
397 3835 553 3910 parentes,
576 3825 719 3908 qnoniam
746 3842 844 3905 neque
865 3825 998 3888 matrem
1019 3824 1122 3906 Argiae

69 3931 161 3996 rivam
185 3931 262 4015 fingi
293 3934 393 3996 totum
417 3949 527 4013 poema
548 3931 672 4003 elamet
695 3948 793 4012 neque
814 3931 903 4011 pater
924 3948 1015 3994 senex
1036 3931 1123 3993 tener

68 4037 207 4120 appellari
230 4040 356 4119 poteret.
399 4037 506 4120 Neque
529 4038 691 4120 quiequam
713 4034 856 4099 Muelleri
877 4034 1032 4098 sententia
1054 4051 1122 4115 per·

17 4227 18 4233 ¹
68 4144 186 4217 retains,
209 4141 404 4226 Tydeum'ot
424 4142 587 4228 Polynicen
610 4141 786 4226 significari,
824 4140 875 4222 qui
898 4138 1034 4203 nondum
1055 4156 1123 4201 ma·

17 4256 18 4271 ¹
69 4246 128 4315 riti,
163 4247 277 4312 nedum
314 4250 457 4330 parentes
497 4253 598 4325 erant3
644 4265 741 4330 neque
782 4245 944 4328 quisquam
980 4244 1123 4326 antiquus

71 4356 154 4431 neela
182 4373 234 4427 eos
267 4363 382 4416 tenems
416 4353 610 4439 appellasset.
660 4352 861 4417 Scribendnm
900 4369 966 4416 esse
996 4370 1124 4434 pavores

73 4460 113 4531 tut
142 4470 219 4522 aner
248 4457 337 4523 dolor
369 4459 472 4543 Argia
504 4479 532 4524 v.
549 4458 617 4522 353
648 4457 848 4541 appellatur),
884 4475 944 4523 non
977 4456 1121 4528 dicerem,
