<?xml version="1.0" encoding="UTF-8"?>
<!DOCTYPE html PUBLIC "-//W3C//DTD XHTML 1.0 Transitional//EN"
    "http://www.w3.org/TR/xhtml1/DTD/xhtml1-transitional.dtd">
<html xmlns="http://www.w3.org/1999/xhtml" xml:lang="en" lang="en">
 <head>
  <title>
</title>
<meta http-equiv="Content-Type" content="text/html;charset=utf-8" />
  <meta name='ocr-system' content='tesseract 3.04.00' />
  <meta name='ocr-capabilities' content='ocr_page ocr_carea ocr_par ocr_line ocrx_word'/>
</head>
<body>
  <div class='ocr_page' id='page_1' title='image "./ioniemadvigiiad00madvgoog_0560.png"; bbox 0 0 2656 5056; ppageno 0'>
   <div class='ocr_carea' id='block_1_1' title="bbox 475 691 1081 759">
    <p class='ocr_par' dir='ltr' id='par_1_1' title="bbox 475 691 1081 759">
     <span class='ocr_line' id='line_1_1' title="bbox 475 691 1081 759; baseline 0 -13"><span class='ocrx_word' id='word_1_1' title='bbox 475 691 562 746; x_wconf 78' lang='lat' dir='ltr'><strong>Taciti</strong></span> <span class='ocrx_word' id='word_1_2' title='bbox 580 693 706 747; x_wconf 81' lang='lat' dir='ltr'><strong>Annales.</strong></span> <span class='ocrx_word' id='word_1_3' title='bbox 1020 695 1081 759; x_wconf 82' lang='lat'><strong>549</strong></span> 
     </span>
    </p>
   </div>
   <div class='ocr_carea' id='block_1_2' title="bbox 60 890 1200 2033">
    <p class='ocr_par' dir='ltr' id='par_1_2' title="bbox 62 890 1159 1295">
     <span class='ocr_line' id='line_1_2' title="bbox 63 890 1127 979; baseline 0.004 -21"><span class='ocrx_word' id='word_1_4' title='bbox 63 893 221 977; x_wconf 87' lang='lat' dir='ltr'><strong>perspicue</strong></span> <span class='ocrx_word' id='word_1_5' title='bbox 253 891 396 955; x_wconf 88' lang='lat' dir='ltr'><strong>laonnoso</strong></span> <span class='ocrx_word' id='word_1_6' title='bbox 429 892 501 955; x_wconf 88' lang='lat' dir='ltr'><strong>ante</strong></span> <span class='ocrx_word' id='word_1_7' title='bbox 522 891 625 957; x_wconf 91' lang='lat' dir='ltr'><strong>omnia</strong></span> <span class='ocrx_word' id='word_1_8' title='bbox 646 890 804 957; x_wconf 76' lang='lat' dir='ltr'><strong>tetinenda</strong></span> <span class='ocrx_word' id='word_1_9' title='bbox 831 893 918 969; x_wconf 78' lang='lat' dir='ltr'><strong>sunt,</strong></span> <span class='ocrx_word' id='word_1_10' title='bbox 955 913 1023 979; x_wconf 88' lang='lat' dir='ltr'><strong>qnae</strong></span> <span class='ocrx_word' id='word_1_11' title='bbox 1052 914 1127 962; x_wconf 90' lang='lat' dir='ltr'><strong>sana</strong></span> 
     </span>
     <span class='ocr_line' id='line_1_3' title="bbox 63 984 1159 1085; baseline 0.001 -22"><span class='ocrx_word' id='word_1_12' title='bbox 63 998 252 1081; x_wconf 86' lang='lat' dir='ltr'><strong>reliquerunt</strong></span> <span class='ocrx_word' id='word_1_13' title='bbox 272 995 398 1069; x_wconf 84' lang='lat' dir='ltr'><strong>librarii,</strong></span> <span class='ocrx_word' id='word_1_14' title='bbox 421 996 660 1078; x_wconf 75' lang='lat' dir='ltr'><strong>poenitentiae</strong></span> <span class='ocrx_word' id='word_1_15' title='bbox 682 997 785 1063; x_wconf 87' lang='lat' dir='ltr'><strong>senis</strong></span> <span class='ocrx_word' id='word_1_16' title='bbox 807 984 969 1078; x_wconf 66' lang='lat' dir='ltr'><strong>(libelii).⁴</strong></span> <span class='ocrx_word' id='word_1_17' title='bbox 1003 1000 1128 1085; x_wconf 67' lang='lat' dir='ltr'><strong>semp</strong></span> <span class='ocrx_word' id='word_1_18' title='bbox 1157 1016 1159 1022; x_wconf 89' lang='lat'>·</span> 
     </span>
     <span class='ocr_line' id='line_1_4' title="bbox 62 1100 1128 1188; baseline 0.001 -20.014"><span class='ocrx_word' id='word_1_19' title='bbox 62 1113 129 1171; x_wconf 89' lang='lat' dir='ltr'><strong>tum</strong></span> <span class='ocrx_word' id='word_1_20' title='bbox 153 1104 253 1167; x_wconf 85' lang='lat' dir='ltr'><strong>fuerat</strong></span> <span class='ocrx_word' id='word_1_21' title='bbox 284 1101 323 1166; x_wconf 92' lang='lat' dir='ltr'><strong>ad</strong></span> <span class='ocrx_word' id='word_1_22' title='bbox 357 1101 435 1165; x_wconf 89' lang='lat' dir='ltr'><strong>hanc</strong></span> <span class='ocrx_word' id='word_1_23' title='bbox 459 1100 604 1166; x_wconf 85' lang='lat' dir='ltr'><strong>formam:</strong></span> <span class='ocrx_word' id='word_1_24' title='bbox 639 1121 750 1184; x_wconf 89' lang='lat' dir='ltr'><strong>posse</strong></span> <span class='ocrx_word' id='word_1_25' title='bbox 783 1104 1007 1188; x_wconf 78' lang='lat' dir='ltr'>quandoque</span> <span class='ocrx_word' id='word_1_26' title='bbox 1029 1105 1128 1171; x_wconf 81' lang='lat' dir='ltr'><strong>Ger·</strong></span> 
     </span>
     <span class='ocr_line' id='line_1_5' title="bbox 62 1207 1125 1325; baseline 0.003 -51"><span class='ocrx_word' id='word_1_27' title='bbox 62 1209 211 1274; x_wconf 83' lang='lat' dir='ltr'><strong>manici</strong></span> <span class='ocrx_word' id='word_1_28' title='bbox 219 1208 287 1272; x_wconf 84' lang='lat' dir='ltr'><strong>sti</strong></span> <span class='ocrx_word' id='word_1_29' title='bbox 297 1207 414 1291; x_wconf 78' lang='lat' dir='ltr'><strong>[rpem</strong></span> <span class='ocrx_word' id='word_1_30' title='bbox 440 1228 660 1292; x_wconf 73' lang='lat' dir='ltr'><strong>reserpere3</strong></span> <span class='ocrx_word' id='word_1_31' title='bbox 695 1209 828 1271; x_wconf 79' lang='lat' dir='ltr'><strong>dorent</strong></span> <span class='ocrx_word' id='word_1_32' title='bbox 843 1211 966 1325; x_wconf 79' lang='lat' dir='ltr'><strong>epc]t&#39;</strong></span> <span class='ocrx_word' id='word_1_33' title='bbox 958 1230 1032 1275; x_wconf 85' lang='lat' dir='ltr'><strong>num</strong></span> <span class='ocrx_word' id='word_1_34' title='bbox 1055 1230 1125 1294; x_wconf 87' lang='lat' dir='ltr'><strong>poe·</strong></span> 
     </span>
    </p>

    <p class='ocr_par' dir='ltr' id='par_1_3' title="bbox 60 1296 1200 2033">
     <span class='ocr_line' id='line_1_6' title="bbox 61 1296 1200 1381; baseline -0.004 -1"><span class='ocrx_word' id='word_1_35' title='bbox 61 1312 382 1381; x_wconf 88' lang='lat' dir='ltr'><strong>nitentiaesenis</strong></span> <span class='ocrx_word' id='word_1_36' title='bbox 455 1332 457 1335; x_wconf 73' lang='grc'>’</span> <span class='ocrx_word' id='word_1_37' title='bbox 537 1331 539 1338; x_wconf 69' lang='grc'>’</span> <span class='ocrx_word' id='word_1_38' title='bbox 1197 1296 1200 1304; x_wconf 60' lang='grc'>’</span> 
     </span>
     <span class='ocr_line' id='line_1_7' title="bbox 75 1417 1127 1506; baseline 0.001 -21"><span class='ocrx_word' id='word_1_39' title='bbox 75 1444 81 1447; x_wconf 94' lang='grc'><em>·</em></span> <span class='ocrx_word' id='word_1_40' title='bbox 164 1421 231 1485; x_wconf 84' lang='lat' dir='ltr'><strong>Lib.</strong></span> <span class='ocrx_word' id='word_1_41' title='bbox 256 1419 310 1494; x_wconf 90' lang='lat' dir='ltr'><strong>Vl</strong></span> <span class='ocrx_word' id='word_1_42' title='bbox 331 1417 369 1481; x_wconf 82' lang='lat'><strong>31</strong></span> <span class='ocrx_word' id='word_1_43' title='bbox 395 1419 479 1487; x_wconf 84' lang='lat' dir='ltr'><strong>tolim</strong></span> <span class='ocrx_word' id='word_1_44' title='bbox 503 1419 570 1496; x_wconf 80' lang='lat'><strong>25):</strong></span> <span class='ocrx_word' id='word_1_45' title='bbox 603 1439 710 1503; x_wconf 89' lang='lat' dir='ltr'><strong>quam</strong></span> <span class='ocrx_word' id='word_1_46' title='bbox 743 1422 1011 1506; x_wconf 75' lang='lat' dir='ltr'><strong>(Agn&#39;ppinamt</strong></span> <span class='ocrx_word' id='word_1_47' title='bbox 996 1426 1060 1493; x_wconf 52' lang='lat' dir='ltr'><strong>,ant</strong></span> <span class='ocrx_word' id='word_1_48' title='bbox 1067 1441 1127 1486; x_wconf 91' lang='lat' dir='ltr'><strong>er·</strong></span> 
     </span>
     <span class='ocr_line' id='line_1_8' title="bbox 60 1512 1128 1609; baseline -0.003 -15"><span class='ocrx_word' id='word_1_49' title='bbox 60 1531 167 1594; x_wconf 86' lang='lat' dir='ltr'><strong>fecto</strong></span> <span class='ocrx_word' id='word_1_50' title='bbox 206 1525 343 1592; x_wconf 87' lang='lat' dir='ltr'><strong>Seiano</strong></span> <span class='ocrx_word' id='word_1_51' title='bbox 372 1512 444 1608; x_wconf 52' lang='lat' dir='ltr'><strong>&#39;spe</strong></span> <span class='ocrx_word' id='word_1_52' title='bbox 477 1528 747 1591; x_wconf 79' lang='lat' dir='ltr'><strong>sustentatam</strong></span> <span class='ocrx_word' id='word_1_53' title='bbox 783 1528 1005 1609; x_wconf 80' lang='lat' dir='ltr'><strong>provixisse</strong></span> <span class='ocrx_word' id='word_1_54' title='bbox 1041 1546 1128 1593; x_wconf 82' lang='lat' dir='ltr'><strong>reor·</strong></span> 
     </span>
     <span class='ocr_line' id='line_1_9' title="bbox 61 1631 1132 1716; baseline -0.004 -16"><span class='ocrx_word' id='word_1_55' title='bbox 61 1638 116 1705; x_wconf 85' lang='lat' dir='ltr'><strong>et,</strong></span> <span class='ocrx_word' id='word_1_56' title='bbox 161 1635 370 1716; x_wconf 86' lang='lat' dir='ltr'><strong>postquam</strong></span> <span class='ocrx_word' id='word_1_57' title='bbox 408 1631 507 1696; x_wconf 83' lang='lat' dir='ltr'>nihil</span> <span class='ocrx_word' id='word_1_58' title='bbox 551 1631 593 1696; x_wconf 88' lang='lat' dir='ltr'><strong>de</strong></span> <span class='ocrx_word' id='word_1_59' title='bbox 634 1634 791 1698; x_wconf 84' lang='lat' dir='ltr'><strong>saevitia</strong></span> <span class='ocrx_word' id='word_1_60' title='bbox 829 1634 1132 1711; x_wconf 80' lang='lat' dir='ltr'><strong>remittebatur,-</strong></span> 
     </span>
     <span class='ocr_line' id='line_1_10' title="bbox 61 1732 1129 1822; baseline -0.002 -16"><span class='ocrx_word' id='word_1_61' title='bbox 61 1741 268 1806; x_wconf 87' lang='lat' dir='ltr'><strong>voluntate</strong></span> <span class='ocrx_word' id='word_1_62' title='bbox 290 1738 537 1803; x_wconf 84' lang='lat' dir='ltr'><strong>exstinctam.</strong></span> <span class='ocrx_word' id='word_1_63' title='bbox 590 1736 696 1822; x_wconf 89' lang='lat' dir='ltr'><strong>Neque</strong></span> <span class='ocrx_word' id='word_1_64' title='bbox 717 1740 868 1820; x_wconf 81' lang='lat' dir='ltr'><strong>reperitur</strong></span> <span class='ocrx_word' id='word_1_65' title='bbox 888 1759 1017 1822; x_wconf 84' lang='lat' dir='ltr'><strong>usquam</strong></span> <span class='ocrx_word' id='word_1_66' title='bbox 1040 1732 1129 1822; x_wconf 51' lang='lat' dir='ltr'><strong>pro-2</strong></span> 
     </span>
     <span class='ocr_line' id='line_1_11' title="bbox 60 1844 1127 1929; baseline -0.003 -16"><span class='ocrx_word' id='word_1_67' title='bbox 60 1850 209 1918; x_wconf 88' lang='lat' dir='ltr'><strong>vivere,</strong></span> <span class='ocrx_word' id='word_1_68' title='bbox 233 1861 331 1926; x_wconf 88' lang='lat' dir='ltr'><strong>neque</strong></span> <span class='ocrx_word' id='word_1_69' title='bbox 351 1844 427 1908; x_wconf 89' lang='lat' dir='ltr'><strong>nlla</strong></span> <span class='ocrx_word' id='word_1_70' title='bbox 462 1844 592 1907; x_wconf 88' lang='lat' dir='ltr'><strong>minima</strong></span> <span class='ocrx_word' id='word_1_71' title='bbox 633 1845 698 1909; x_wconf 89' lang='lat' dir='ltr'><strong>eius</strong></span> <span class='ocrx_word' id='word_1_72' title='bbox 734 1846 819 1910; x_wconf 86' lang='lat' dir='ltr'><strong>verbi</strong></span> <span class='ocrx_word' id='word_1_73' title='bbox 853 1845 988 1929; x_wconf 87' lang='lat' dir='ltr'><strong>fingendi</strong></span> <span class='ocrx_word' id='word_1_74' title='bbox 1021 1846 1127 1910; x_wconf 83' lang='lat' dir='ltr'><strong>Tacito</strong></span> 
     </span>
     <span class='ocr_line' id='line_1_12' title="bbox 61 1949 1132 2033; baseline -0.003 -14"><span class='ocrx_word' id='word_1_75' title='bbox 61 1971 155 2019; x_wconf 88' lang='lat' dir='ltr'><strong>causa</strong></span> <span class='ocrx_word' id='word_1_76' title='bbox 186 1949 391 2015; x_wconf 82' lang='lat' dir='ltr'><strong>necessitasve</strong></span> <span class='ocrx_word' id='word_1_77' title='bbox 420 1952 486 2013; x_wconf 82' lang='lat' dir='ltr'><strong>erat</strong></span> <span class='ocrx_word' id='word_1_78' title='bbox 518 1949 556 2013; x_wconf 91' lang='lat' dir='ltr'><strong>ad</strong></span> <span class='ocrx_word' id='word_1_79' title='bbox 582 1968 669 2032; x_wconf 88' lang='lat' dir='ltr'><strong>porro</strong></span> <span class='ocrx_word' id='word_1_80' title='bbox 702 1951 826 2026; x_wconf 86' lang='lat' dir='ltr'><strong>vivendi</strong></span> <span class='ocrx_word' id='word_1_81' title='bbox 846 1956 912 2024; x_wconf 84' lang='lat' dir='ltr'><strong>(aut</strong></span> <span class='ocrx_word' id='word_1_82' title='bbox 931 1953 1034 2033; x_wconf 86' lang='lat' dir='ltr'><strong>potius</strong></span> <span class='ocrx_word' id='word_1_83' title='bbox 1056 1955 1132 2016; x_wconf 86' lang='lat' dir='ltr'><strong>vltae·</strong></span> 
     </span>
    </p>
   </div>
   <div class='ocr_carea' id='block_1_3' title="bbox 59 2055 1227 2139">
    <p class='ocr_par' dir='ltr' id='par_1_4' title="bbox 59 2055 1227 2139">
     <span class='ocr_line' id='line_1_13' title="bbox 59 2055 1227 2139; baseline -0.003 -14"><span class='ocrx_word' id='word_1_84' title='bbox 59 2056 234 2136; x_wconf 81' lang='lat' dir='ltr'><strong>trahenda)</strong></span> <span class='ocrx_word' id='word_1_85' title='bbox 286 2055 538 2139; x_wconf 83' lang='lat' dir='ltr'><strong>significationem</strong></span> <span class='ocrx_word' id='word_1_86' title='bbox 593 2057 831 2139; x_wconf 81' lang='lat' dir='ltr'><strong>exprimendam.</strong></span> <span class='ocrx_word' id='word_1_87' title='bbox 902 2057 999 2123; x_wconf 84' lang='lat' dir='ltr'><strong>Oredo</strong></span> <span class='ocrx_word' id='word_1_88' title='bbox 1050 2076 1120 2122; x_wconf 93' lang='lat' dir='ltr'><strong>eum</strong></span> <span class='ocrx_word' id='word_1_89' title='bbox 1226 2102 1227 2105; x_wconf 19' lang='grc' dir='ltr'><strong>κ</strong></span> 
     </span>
    </p>
   </div>
   <div class='ocr_carea' id='block_1_4' title="bbox 60 2160 1135 3628">
    <p class='ocr_par' dir='ltr' id='par_1_5' title="bbox 60 2160 1131 2441">
     <span class='ocr_line' id='line_1_14' title="bbox 61 2160 1131 2247; baseline -0.007 -14"><span class='ocrx_word' id='word_1_90' title='bbox 61 2165 238 2246; x_wconf 73' lang='lat' dir='ltr'><strong>scripsisse:</strong></span> <span class='ocrx_word' id='word_1_91' title='bbox 287 2181 352 2245; x_wconf 83' lang='lat' dir='ltr'><strong>spe</strong></span> <span class='ocrx_word' id='word_1_92' title='bbox 396 2165 672 2241; x_wconf 74' lang='lat' dir='ltr'><strong>sustentatam</strong></span> <span class='ocrx_word' id='word_1_93' title='bbox 711 2163 836 2224; x_wconf 45' lang='lat' dir='ltr'><strong>&#39;citam</strong></span> <span class='ocrx_word' id='word_1_94' title='bbox 879 2160 1131 2247; x_wconf 70' lang='lat' dir='ltr'><strong>paedaciese&#39;</strong></span> 
     </span>
     <span class='ocr_line' id='line_1_15' title="bbox 61 2258 1117 2351; baseline -0.002 -15"><span class='ocrx_word' id='word_1_95' title='bbox 61 2286 132 2337; x_wconf 87' lang='lat' dir='ltr'><strong>cum</strong></span> <span class='ocrx_word' id='word_1_96' title='bbox 155 2269 380 2334; x_wconf 87' lang='lat' dir='ltr'><strong>substantivum</strong></span> <span class='ocrx_word' id='word_1_97' title='bbox 408 2272 478 2351; x_wconf 89' lang='lat' dir='ltr'><strong>post</strong></span> <span class='ocrx_word' id='word_1_98' title='bbox 497 2258 586 2334; x_wconf 81' lang='lat' dir='ltr'><strong>¹tam</strong></span> <span class='ocrx_word' id='word_1_99' title='bbox 619 2269 798 2346; x_wconf 79' lang='lat' dir='ltr'><strong>excidisset,</strong></span> <span class='ocrx_word' id='word_1_100' title='bbox 830 2273 936 2334; x_wconf 89' lang='lat' dir='ltr'><strong>natum</strong></span> <span class='ocrx_word' id='word_1_101' title='bbox 960 2287 1027 2335; x_wconf 88' lang='lat' dir='ltr'><strong>esse</strong></span> <span class='ocrx_word' id='word_1_102' title='bbox 1049 2288 1117 2334; x_wconf 88' lang='lat' dir='ltr'><strong>ver·</strong></span> 
     </span>
     <span class='ocr_line' id='line_1_16' title="bbox 60 2373 336 2441; baseline -0.015 0"><span class='ocrx_word' id='word_1_103' title='bbox 60 2373 336 2441; x_wconf 87' lang='lat' dir='ltr'><strong>bum1naud1um</strong></span> 
     </span>
    </p>

    <p class='ocr_par' dir='ltr' id='par_1_6' title="bbox 61 2412 1135 3628">
     <span class='ocr_line' id='line_1_17' title="bbox 162 2412 1124 2564; baseline 0.003 -20"><span class='ocrx_word' id='word_1_104' title='bbox 162 2480 228 2544; x_wconf 91' lang='lat' dir='ltr'><strong>Ibd.</strong></span> <span class='ocrx_word' id='word_1_105' title='bbox 256 2478 297 2540; x_wconf 78' lang='lat'><strong>50</strong></span> <span class='ocrx_word' id='word_1_106' title='bbox 323 2478 408 2557; x_wconf 76' lang='grc' dir='ltr'>(ι44)</span> <span class='ocrx_word' id='word_1_107' title='bbox 443 2478 594 2564; x_wconf 89' lang='lat' dir='ltr'><strong>Iamque</strong></span> <span class='ocrx_word' id='word_1_108' title='bbox 627 2483 727 2547; x_wconf 89' lang='lat' dir='ltr'><strong>mult</strong></span> <span class='ocrx_word' id='word_1_109' title='bbox 713 2485 752 2546; x_wconf 91' lang='lat' dir='ltr'><strong>ta</strong></span> <span class='ocrx_word' id='word_1_110' title='bbox 783 2499 892 2546; x_wconf 90' lang='lat' dir='ltr'><strong>manu</strong></span> <span class='ocrx_word' id='word_1_111' title='bbox 841 2412 1124 2564; x_wconf 83' lang='lat' dir='ltr'><strong>(Artabanus)</strong></span> 
     </span>
     <span class='ocr_line' id='line_1_18' title="bbox 62 2585 1131 2672; baseline 0 -21"><span class='ocrx_word' id='word_1_112' title='bbox 62 2588 316 2672; x_wconf 89' lang='lat' dir='ltr'><strong>propinqua</strong></span> <span class='ocrx_word' id='word_1_113' title='bbox 311 2585 496 2651; x_wconf 86' lang='lat' dir='ltr'><strong>Seleuciae</strong></span> <span class='ocrx_word' id='word_1_114' title='bbox 528 2586 778 2652; x_wconf 77' lang='lat' dir='ltr'><strong>adventabat.</strong></span> <span class='ocrx_word' id='word_1_115' title='bbox 834 2592 941 2671; x_wconf 68' lang='lat' dir='ltr'><strong>Aeque</strong></span> <span class='ocrx_word' id='word_1_116' title='bbox 968 2589 1131 2651; x_wconf 77' lang='lat' dir='ltr'><strong>adventare</strong></span> 
     </span>
     <span class='ocr_line' id='line_1_19' title="bbox 61 2690 1135 2779; baseline 0.006 -27"><span class='ocrx_word' id='word_1_117' title='bbox 61 2694 241 2779; x_wconf 75' lang='lat' dir='ltr'><strong>propinquo</strong></span> <span class='ocrx_word' id='word_1_118' title='bbox 273 2691 336 2770; x_wconf 87' lang='lat' dir='ltr'><strong>allo</strong></span> <span class='ocrx_word' id='word_1_119' title='bbox 371 2690 507 2772; x_wconf 84' lang='lat' dir='ltr'><strong>exemplo</strong></span> <span class='ocrx_word' id='word_1_120' title='bbox 539 2691 652 2756; x_wconf 85' lang='lat' dir='ltr'><strong>dicitur</strong></span> <span class='ocrx_word' id='word_1_121' title='bbox 687 2697 741 2758; x_wconf 92' lang='lat' dir='ltr'><strong>ant</strong></span> <span class='ocrx_word' id='word_1_122' title='bbox 776 2692 839 2758; x_wconf 89' lang='lat' dir='ltr'><strong>ulla</strong></span> <span class='ocrx_word' id='word_1_123' title='bbox 873 2694 1012 2777; x_wconf 81' lang='lat' dir='ltr'><strong>analogia</strong></span> <span class='ocrx_word' id='word_1_124' title='bbox 1045 2700 1135 2774; x_wconf 79' lang='lat' dir='ltr'><strong>(nam</strong></span> 
     </span>
     <span class='ocr_line' id='line_1_20' title="bbox 65 2796 1129 2880; baseline 0.001 -16"><span class='ocrx_word' id='word_1_125' title='bbox 65 2801 187 2865; x_wconf 85' lang='lat' dir='ltr'><strong>diversa</strong></span> <span class='ocrx_word' id='word_1_126' title='bbox 220 2802 292 2862; x_wconf 89' lang='lat' dir='ltr'><strong>sunt</strong></span> <span class='ocrx_word' id='word_1_127' title='bbox 308 2796 446 2858; x_wconf 74' lang='lat' dir='ltr'><strong>adcolas·</strong></span> <span class='ocrx_word' id='word_1_128' title='bbox 469 2814 587 2880; x_wconf 75' lang='lat' dir='ltr'><strong>penno,</strong></span> <span class='ocrx_word' id='word_1_129' title='bbox 610 2799 757 2861; x_wconf 51' lang='lat' dir='ltr'><strong>¹adsidere</strong></span> <span class='ocrx_word' id='word_1_130' title='bbox 778 2801 898 2876; x_wconf 68' lang='lat' dir='ltr'><strong>andorn,</strong></span> <span class='ocrx_word' id='word_1_131' title='bbox 932 2801 989 2865; x_wconf 90' lang='lat' dir='ltr'><strong>hoc</strong></span> <span class='ocrx_word' id='word_1_132' title='bbox 1010 2804 1067 2876; x_wconf 74' lang='lat' dir='ltr'><strong>est,</strong></span> <span class='ocrx_word' id='word_1_133' title='bbox 1089 2801 1129 2865; x_wconf 87' lang='lat' dir='ltr'><strong>ad</strong></span> 
     </span>
     <span class='ocr_line' id='line_1_21' title="bbox 63 2904 1135 2992; baseline -0.004 -21"><span class='ocrx_word' id='word_1_134' title='bbox 63 2924 171 2992; x_wconf 82' lang='lat' dir='ltr'><strong>genna,</strong></span> <span class='ocrx_word' id='word_1_135' title='bbox 207 2905 244 2968; x_wconf 91' lang='lat' dir='ltr'><strong>ad</strong></span> <span class='ocrx_word' id='word_1_136' title='bbox 284 2904 407 2976; x_wconf 84' lang='lat' dir='ltr'><strong>unbem,</strong></span> <span class='ocrx_word' id='word_1_137' title='bbox 443 2908 497 2967; x_wconf 87' lang='lat' dir='ltr'><strong>aut</strong></span> <span class='ocrx_word' id='word_1_138' title='bbox 522 2904 660 2987; x_wconf 84' lang='lat' dir='ltr'><strong>genibus,</strong></span> <span class='ocrx_word' id='word_1_139' title='bbox 695 2905 782 2981; x_wconf 79' lang='lat' dir='ltr'><strong>urbi),</strong></span> <span class='ocrx_word' id='word_1_140' title='bbox 810 2922 906 2988; x_wconf 88' lang='lat' dir='ltr'><strong>neque</strong></span> <span class='ocrx_word' id='word_1_141' title='bbox 939 2907 971 2967; x_wconf 82' lang='lat' dir='ltr'><strong>ia</strong></span> <span class='ocrx_word' id='word_1_142' title='bbox 998 2907 1135 2990; x_wconf 81' lang='lat' dir='ltr'><strong>propia-³</strong></span> 
     </span>
     <span class='ocr_line' id='line_1_22' title="bbox 65 3010 1129 3098; baseline -0.001 -25"><span class='ocrx_word' id='word_1_143' title='bbox 65 3036 127 3098; x_wconf 74' lang='lat' dir='ltr'><strong>qao</strong></span> <span class='ocrx_word' id='word_1_144' title='bbox 150 3011 222 3073; x_wconf 78' lang='lat' dir='ltr'><strong>urbi</strong></span> <span class='ocrx_word' id='word_1_145' title='bbox 249 3010 410 3074; x_wconf 66' lang='lat' dir='ltr'><strong>adversare</strong></span> <span class='ocrx_word' id='word_1_146' title='bbox 441 3010 563 3075; x_wconf 77' lang='lat' dir='ltr'><strong>usitate.</strong></span> <span class='ocrx_word' id='word_1_147' title='bbox 609 3010 824 3075; x_wconf 75' lang='lat' dir='ltr'><strong>scribendum:</strong></span> <span class='ocrx_word' id='word_1_148' title='bbox 857 3017 1129 3096; x_wconf 76' lang='lat' dir='ltr'><strong>propinquans</strong></span> 
     </span>
     <span class='ocr_line' id='line_1_23' title="bbox 64 3116 1126 3202; baseline -0.002 -18"><span class='ocrx_word' id='word_1_149' title='bbox 64 3117 256 3183; x_wconf 77' lang='lat' dir='ltr'><strong>Seleuciae</strong></span> <span class='ocrx_word' id='word_1_150' title='bbox 292 3117 542 3181; x_wconf 86' lang='lat' dir='ltr'><strong>adventabat.</strong></span> <span class='ocrx_word' id='word_1_151' title='bbox 588 3116 645 3181; x_wconf 66' lang='lat' dir='ltr'><strong>dx</strong></span> <span class='ocrx_word' id='word_1_152' title='bbox 686 3119 923 3202; x_wconf 77' lang='lat' dir='ltr'><strong>propinquas</strong></span> <span class='ocrx_word' id='word_1_153' title='bbox 964 3117 985 3182; x_wconf 84' lang='lat' dir='ltr'>S</span> <span class='ocrx_word' id='word_1_154' title='bbox 1021 3123 1126 3183; x_wconf 90' lang='lat' dir='ltr'><strong>natum</strong></span> 
     </span>
     <span class='ocr_line' id='line_1_24' title="bbox 64 3220 549 3307; baseline -0.01 -17"><span class='ocrx_word' id='word_1_155' title='bbox 64 3220 448 3307; x_wconf 80' lang='lat' dir='ltr'><strong>estpropinquaS.¹)</strong></span> <span class='ocrx_word' id='word_1_156' title='bbox 504 3244 505 3249; x_wconf 47' lang='lat'>¹</span> <span class='ocrx_word' id='word_1_157' title='bbox 548 3232 549 3235; x_wconf 75' lang='grc'>’</span> 
     </span>
     <span class='ocr_line' id='line_1_25' title="bbox 79 3328 1128 3409; baseline -0.001 -15"><span class='ocrx_word' id='word_1_158' title='bbox 79 3346 84 3351; x_wconf 90' lang='grc'><strong><em>·</em></strong></span> <span class='ocrx_word' id='word_1_159' title='bbox 171 3330 238 3394; x_wconf 86' lang='lat' dir='ltr'><strong>lbd.</strong></span> <span class='ocrx_word' id='word_1_160' title='bbox 262 3330 301 3391; x_wconf 82' lang='lat'><strong>54</strong></span> <span class='ocrx_word' id='word_1_161' title='bbox 324 3328 393 3409; x_wconf 83' lang='grc' dir='ltr'><em>ι48)</em></span> <span class='ocrx_word' id='word_1_162' title='bbox 420 3329 452 3393; x_wconf 94' lang='lat' dir='ltr'><strong>in</strong></span> <span class='ocrx_word' id='word_1_163' title='bbox 486 3329 518 3392; x_wconf 88' lang='lat' dir='ltr'><strong>L.</strong></span> <span class='ocrx_word' id='word_1_164' title='bbox 542 3331 695 3403; x_wconf 85' lang='lat' dir='ltr'><strong>Arruntii,</strong></span> <span class='ocrx_word' id='word_1_165' title='bbox 733 3349 786 3395; x_wconf 87' lang='lat' dir='ltr'><strong>cur</strong></span> <span class='ocrx_word' id='word_1_166' title='bbox 808 3332 887 3395; x_wconf 88' lang='lat' dir='ltr'><strong>mori</strong></span> <span class='ocrx_word' id='word_1_167' title='bbox 908 3329 992 3405; x_wconf 85' lang='lat' dir='ltr'><strong>velit,</strong></span> <span class='ocrx_word' id='word_1_168' title='bbox 1021 3347 1128 3394; x_wconf 90' lang='lat' dir='ltr'><strong>causa·</strong></span> 
     </span>
     <span class='ocr_line' id='line_1_26' title="bbox 64 3434 1127 3519; baseline -0.004 -17"><span class='ocrx_word' id='word_1_169' title='bbox 64 3457 135 3502; x_wconf 89' lang='lat' dir='ltr'><strong>rum</strong></span> <span class='ocrx_word' id='word_1_170' title='bbox 160 3434 379 3517; x_wconf 82' lang='lat' dir='ltr'><strong>explicatione:</strong></span> <span class='ocrx_word' id='word_1_171' title='bbox 421 3453 513 3499; x_wconf 91' lang='lat' dir='ltr'><strong>sane</strong></span> <span class='ocrx_word' id='word_1_172' title='bbox 548 3446 689 3519; x_wconf 89' lang='lat' dir='ltr'><strong>paucos</strong></span> <span class='ocrx_word' id='word_1_173' title='bbox 711 3440 751 3500; x_wconf 89' lang='lat' dir='ltr'><strong>et</strong></span> <span class='ocrx_word' id='word_1_174' title='bbox 772 3454 956 3518; x_wconf 87' lang='lat' dir='ltr'><strong>suprema</strong></span> <span class='ocrx_word' id='word_1_175' title='bbox 977 3435 1127 3517; x_wconf 88' lang='lat' dir='ltr'><strong>princi-</strong></span> 
     </span>
     <span class='ocr_line' id='line_1_27' title="bbox 62 3541 1127 3628; baseline -0.003 -20"><span class='ocrx_word' id='word_1_176' title='bbox 62 3545 123 3628; x_wconf 92' lang='lat' dir='ltr'><strong>pis</strong></span> <span class='ocrx_word' id='word_1_177' title='bbox 148 3541 231 3606; x_wconf 91' lang='lat' dir='ltr'><strong>dies</strong></span> <span class='ocrx_word' id='word_1_178' title='bbox 252 3560 367 3624; x_wconf 90' lang='lat' dir='ltr'><strong>posse</strong></span> <span class='ocrx_word' id='word_1_179' title='bbox 399 3541 541 3616; x_wconf 70' lang='lat' dir='ltr'><strong>vicari:</strong></span> <span class='ocrx_word' id='word_1_180' title='bbox 575 3541 1127 3625; x_wconf 85' lang='lat' dir='ltr'><strong>quemadmodumevasnrum</strong></span> 
     </span>
    </p>
   </div>
   <div class='ocr_carea' id='block_1_5' title="bbox 64 3792 266 3803">
    <p class='ocr_par' dir='ltr' id='par_1_7' title="bbox 64 3792 266 3803">
     <span class='ocr_line' id='line_1_28' title="bbox 64 3792 266 3803; baseline -0.02 -1"><span class='ocrx_word' id='word_1_181' title='bbox 64 3792 266 3803; x_wconf 46' lang='grc' dir='ltr'><strong>...ά-Μ</strong></span> 
     </span>
    </p>
   </div>
   <div class='ocr_carea' id='block_1_6' title="bbox 81 3942 1128 4014">
    <p class='ocr_par' dir='ltr' id='par_1_8' title="bbox 81 3942 1128 4014">
     <span class='ocr_line' id='line_1_29' title="bbox 81 3942 1128 4014; baseline 0.004 -21"><span class='ocrx_word' id='word_1_182' title='bbox 81 3950 117 4014; x_wconf 76' lang='grc'><strong>,1)</strong></span> <span class='ocrx_word' id='word_1_183' title='bbox 138 3947 169 4004; x_wconf 79' lang='grc' dir='ltr'><strong>Ο,</strong></span> <span class='ocrx_word' id='word_1_184' title='bbox 188 3949 224 4004; x_wconf 78' lang='grc'><strong>52</strong></span> <span class='ocrx_word' id='word_1_185' title='bbox 241 3946 300 4014; x_wconf 81' lang='grc'>(46)</span> <span class='ocrx_word' id='word_1_186' title='bbox 325 3948 350 3998; x_wconf 80' lang='lat' dir='ltr'><strong>ia</strong></span> <span class='ocrx_word' id='word_1_187' title='bbox 366 3947 484 4011; x_wconf 70' lang='lat' dir='ltr'><strong>patientta</strong></span> <span class='ocrx_word' id='word_1_188' title='bbox 501 3945 674 4010; x_wconf 71' lang='lat' dir='ltr'><strong>firmitudinem</strong></span> <span class='ocrx_word' id='word_1_189' title='bbox 695 3944 813 3999; x_wconf 63' lang='lat' dir='ltr'><strong>amatore</strong></span> <span class='ocrx_word' id='word_1_190' title='bbox 833 3943 902 3998; x_wconf 83' lang='lat' dir='ltr'><strong>nihil</strong></span> <span class='ocrx_word' id='word_1_191' title='bbox 931 3956 988 3996; x_wconf 75' lang='lat' dir='ltr'><strong>esse</strong></span> <span class='ocrx_word' id='word_1_192' title='bbox 1006 3942 1128 4009; x_wconf 64' lang='lat' dir='ltr'><strong>Muretus</strong></span> 
     </span>
    </p>
   </div>
   <div class='ocr_carea' id='block_1_7' title="bbox 86 4127 1133 4572">
    <p class='ocr_par' dir='ltr' id='par_1_9' title="bbox 86 4127 1133 4572">
     <span class='ocr_line' id='line_1_30' title="bbox 86 4127 1127 4203; baseline -0.003 -16"><span class='ocrx_word' id='word_1_193' title='bbox 86 4198 90 4202; x_wconf 39' lang='grc'><strong>,</strong></span> <span class='ocrx_word' id='word_1_194' title='bbox 135 4133 288 4197; x_wconf 74' lang='lat' dir='ltr'><strong>amicatur,</strong></span> <span class='ocrx_word' id='word_1_195' title='bbox 322 4131 509 4203; x_wconf 84' lang='lat' dir='ltr'><strong>Itaquerecte</strong></span> <span class='ocrx_word' id='word_1_196' title='bbox 528 4128 608 4186; x_wconf 83' lang='lat' dir='ltr'><strong>scribi</strong></span> <span class='ocrx_word' id='word_1_197' title='bbox 626 4128 714 4185; x_wconf 88' lang='lat' dir='ltr'><strong>voluit</strong></span> <span class='ocrx_word' id='word_1_198' title='bbox 737 4127 957 4198; x_wconf 87' lang='lat' dir='ltr'><strong>impatientia</strong></span> <span class='ocrx_word' id='word_1_199' title='bbox 981 4146 1011 4184; x_wconf 90' lang='lat' dir='ltr'><strong>eo</strong></span> <span class='ocrx_word' id='word_1_200' title='bbox 1041 4130 1127 4199; x_wconf 84' lang='lat' dir='ltr'><strong>signi·</strong></span> 
     </span>
     <span class='ocr_line' id='line_1_31' title="bbox 137 4220 1127 4294; baseline -0.005 -14"><span class='ocrx_word' id='word_1_201' title='bbox 137 4226 226 4289; x_wconf 85' lang='lat' dir='ltr'><strong>ficata,</strong></span> <span class='ocrx_word' id='word_1_202' title='bbox 246 4240 298 4294; x_wconf 90' lang='lat' dir='ltr'><strong>quo</strong></span> <span class='ocrx_word' id='word_1_203' title='bbox 323 4221 395 4292; x_wconf 87' lang='lat' dir='ltr'><strong>apud</strong></span> <span class='ocrx_word' id='word_1_204' title='bbox 412 4221 556 4290; x_wconf 81' lang='lat' dir='ltr'><strong>Apuleium</strong></span> <span class='ocrx_word' id='word_1_205' title='bbox 584 4225 611 4276; x_wconf 90' lang='lat' dir='ltr'><strong>et</strong></span> <span class='ocrx_word' id='word_1_206' title='bbox 635 4220 782 4281; x_wconf 78' lang='lat' dir='ltr'><strong>Arnobium</strong></span> <span class='ocrx_word' id='word_1_207' title='bbox 802 4220 834 4276; x_wconf 90' lang='lat' dir='ltr'><strong>de</strong></span> <span class='ocrx_word' id='word_1_208' title='bbox 852 4222 996 4291; x_wconf 89' lang='lat' dir='ltr'><strong>impotenti</strong></span> <span class='ocrx_word' id='word_1_209' title='bbox 1015 4222 1127 4277; x_wconf 90' lang='lat' dir='ltr'><strong>libidine</strong></span> 
     </span>
     <span class='ocr_line' id='line_1_32' title="bbox 137 4314 1127 4388; baseline -0.003 -17"><span class='ocrx_word' id='word_1_210' title='bbox 137 4318 255 4388; x_wconf 89' lang='lat' dir='ltr'><strong>ponitur.</strong></span> <span class='ocrx_word' id='word_1_211' title='bbox 295 4316 384 4385; x_wconf 83' lang='lat' dir='ltr'><strong>Atque</strong></span> <span class='ocrx_word' id='word_1_212' title='bbox 409 4316 541 4370; x_wconf 88' lang='lat' dir='ltr'><strong>transitus</strong></span> <span class='ocrx_word' id='word_1_213' title='bbox 567 4314 600 4369; x_wconf 89' lang='lat' dir='ltr'><strong>ad</strong></span> <span class='ocrx_word' id='word_1_214' title='bbox 629 4315 696 4369; x_wconf 88' lang='lat' dir='ltr'><strong>hanc</strong></span> <span class='ocrx_word' id='word_1_215' title='bbox 714 4314 877 4383; x_wconf 75' lang='lat' dir='ltr'><strong>impotentia</strong></span> <span class='ocrx_word' id='word_1_216' title='bbox 903 4316 1048 4385; x_wconf 85' lang='lat' dir='ltr'><strong>significat</strong></span> <span class='ocrx_word' id='word_1_217' title='bbox 1040 4332 1127 4376; x_wconf 82' lang='lat' dir='ltr'><strong>nonem</strong></span> 
     </span>
     <span class='ocr_line' id='line_1_33' title="bbox 137 4406 1133 4508; baseline -0.002 -44"><span class='ocrx_word' id='word_1_218' title='bbox 137 4411 189 4464; x_wconf 86' lang='lat' dir='ltr'><strong>iam</strong></span> <span class='ocrx_word' id='word_1_219' title='bbox 206 4411 327 4480; x_wconf 88' lang='lat' dir='ltr'><strong>apparet</strong></span> <span class='ocrx_word' id='word_1_220' title='bbox 335 4408 405 4479; x_wconf 88' lang='lat' dir='ltr'><strong>apud</strong></span> <span class='ocrx_word' id='word_1_221' title='bbox 424 4407 557 4473; x_wconf 89' lang='lat' dir='ltr'><strong>Ovidium,</strong></span> <span class='ocrx_word' id='word_1_222' title='bbox 577 4408 654 4478; x_wconf 72' lang='lat' dir='ltr'><strong>qnia</strong></span> <span class='ocrx_word' id='word_1_223' title='bbox 652 4409 802 4475; x_wconf 73' lang='lat' dir='ltr'><strong>&#39;ripaticum</strong></span> <span class='ocrx_word' id='word_1_224' title='bbox 744 4419 802 4459; x_wconf 75' lang='lat' dir='ltr'><strong>neem</strong></span> <span class='ocrx_word' id='word_1_225' title='bbox 831 4411 873 4460; x_wconf 79' lang='lat' dir='ltr'><strong>iroe</strong></span> <span class='ocrx_word' id='word_1_226' title='bbox 900 4406 970 4463; x_wconf 83' lang='lat' dir='ltr'><strong>dixit</strong></span> <span class='ocrx_word' id='word_1_227' title='bbox 988 4414 1061 4473; x_wconf 85' lang='lat' dir='ltr'><strong>enm,</strong></span> <span class='ocrx_word' id='word_1_228' title='bbox 1081 4408 1133 4508; x_wconf 83' lang='lat' dir='ltr'><strong>qui&#39;</strong></span> 
     </span>
     <span class='ocr_line' id='line_1_34' title="bbox 137 4501 929 4572; baseline -0.005 -13"><span class='ocrx_word' id='word_1_229' title='bbox 137 4505 203 4559; x_wconf 77' lang='lat' dir='ltr'><strong>bam</strong></span> <span class='ocrx_word' id='word_1_230' title='bbox 222 4502 345 4558; x_wconf 84' lang='lat' dir='ltr'><strong>cohibere</strong></span> <span class='ocrx_word' id='word_1_231' title='bbox 360 4519 412 4557; x_wconf 92' lang='lat' dir='ltr'><strong>non</strong></span> <span class='ocrx_word' id='word_1_232' title='bbox 430 4503 527 4572; x_wconf 88' lang='lat' dir='ltr'><strong>posset,</strong></span> <span class='ocrx_word' id='word_1_233' title='bbox 546 4501 654 4555; x_wconf 87' lang='lat' dir='ltr'><strong>hoct</strong></span> <span class='ocrx_word' id='word_1_234' title='bbox 613 4504 662 4566; x_wconf 87' lang='lat' dir='ltr'><strong>est,</strong></span> <span class='ocrx_word' id='word_1_235' title='bbox 681 4501 727 4555; x_wconf 79' lang='lat' dir='ltr'><strong>ira</strong></span> <span class='ocrx_word' id='word_1_236' title='bbox 745 4501 929 4571; x_wconf 82' lang='lat' dir='ltr'><strong>impotentem.</strong></span> 
     </span>
    </p>
   </div>
   <div class='ocr_carea' id='block_1_8' title="bbox 0 0 1332 5056">
    <p class='ocr_par' dir='ltr' id='par_1_10' title="bbox 0 0 1332 5056">
     <span class='ocr_line' id='line_1_35' title="bbox 0 0 1332 5056; baseline 0 0"><span class='ocrx_word' id='word_1_237' title='bbox 0 0 1332 5056; x_wconf 95' lang='lat' dir='ltr'><strong> </strong></span> 
     </span>
    </p>
   </div>
  </div>
 </body>
</html>
