2656 5056
239 279 299 342 m
598 272 867 342 mmmm

197 474 269 542 silio
292 473 372 552 (sine
403 474 501 540 Attici
533 470 757 548 admonitione)
789 469 831 536 ad
864 472 1077 539 Hortensium
1110 472 1257 554 scripsisse

198 580 248 665 qui
282 578 463 645 Messallam
496 577 685 644 defenderat.
741 577 851 662 Itaque
874 578 922 645 sie
942 578 1044 645 verba
1064 578 1216 645 scribenda
1234 582 1258 642 et

199 687 447 771 interpungenda
462 686 551 751 suut:
573 681 850 751 nonaullam.
866 731 885 762 .,
901 683 1050 751 statim
1072 687 1117 750 ut
1131 684 1257 756 audiri.

200 792 245 858 do
267 792 397 877 Gyaro
420 790 513 857 dadi
534 790 704 856 litteras
727 791 822 856 et-
838 789 879 856 id
900 790 1038 874 ipsum
1063 791 1256 859 consilium

199 897 379 962 nostrum
401 896 587 963 -etiam
622 894 670 962 ad
699 896 984 976 Hortensium,
1022 898 1088 963 cni
1122 895 1258 981 quiden

199 1001 317 1069 raldo
339 1003 629 1090 συνηγωνίων.
681 1002 762 1082 Quid
791 1002 978 1085 proauita
1003 1005 1155 1087 scriptum
1175 1003 1257 1077 fuerit

200 1108 362 1190 procerte
390 1127 448 1174 non
475 1109 609 1192 reperio;
642 1109 806 1175 sententiae
837 1108 992 1174 satisfacit
1025 1113 1189 1177 anctore
1216 1112 1258 1183 te;

194 1211 256 1278 sed
277 1211 371 1277 nimis
392 1214 492 1279 audax
515 1214 645 1281 mutatio
666 1214 800 1280 videtur.

305 1378 384 1445 lbid.
401 1381 452 1460 21,
468 1381 506 1445 b:
529 1381 585 1461 Is,
608 1381 819 1465 ceteroqui
842 1380 1077 1460 abstinens,
1094 1382 1163 1448 sed
1179 1381 1260 1448 lulis

202 1484 292 1568 loge
313 1487 508 1566 transita,
531 1487 655 1553 semel
676 1489 806 1553 tamon
829 1487 869 1552 iu
891 1486 1016 1567 diem,
1034 1488 1184 1568 non,ut
1201 1486 1260 1551 alii

202 1590 409 1672 solebant,
453 1594 638 1659 omnibus
680 1593 799 1672 vicis,
843 1596 989 1677 prater
1028 1612 1116 1661 enm
1156 1590 1261 1659 semel

202 1713 315 1761 nemo
348 1700 525 1784 accepit,
559 1700 681 1779 lacit,
714 1700 756 1764 ut
787 1698 885 1764 mibi
914 1698 1184 1783 excipiendus
1203 1696 1260 1773 eit,

202 1820 287 1866 cum
324 1803 552 1872 teruncium
590 1825 687 1892 nego
724 1807 907 1890 sumptus
944 1807 1110 1872 tactum.
1174 1806 1261 1887 Lege

204 1907 385 1975 transita
414 1930 469 1994 pro
491 1930 542 1991 eo,
573 1912 656 1996 quod
677 1916 725 1981 est
746 1913 887 1980 contra
908 1913 1059 1998 legem,
1087 1913 1196 1978 Latine
1214 1928 1260 1977 noo

205 2011 329 2095 dicitur,
363 2035 419 2083 uec
446 2017 551 2085 Cicero
583 2018 776 2086 confessurus
809 2021 876 2084 erat
903 2018 1006 2103 legem
1030 2019 1180 2086 violatam
1200 2033 1261 2082 esse

205 2119 301 2187 Deest
321 2122 477 2189 obiectum
501 2124 587 2192 vorbi
609 2125 779 2207 aceepit
830 2123 1036 2191 Scribendum
1060 2126 1200 2192 ridetur:
1218 2124 1261 2199 ls,

205 2228 416 2312 ceteroqui
448 2230 680 2310 abstinens,
712 2231 821 2296 Iulia
852 2230 941 2315 lega
970 2230 1125 2318 prandia,
1155 2227 1261 2298 semel

205 2333 336 2399 tamon
360 2336 398 2401 in
421 2336 541 2417 diem,
574 2356 665 2417 nou,
698 2339 742 2402 ut
761 2336 837 2402 alii
858 2337 1064 2417 solebant,
1094 2336 1259 2403 omuibus

206 2439 325 2519 uicis,
348 2445 508 2527 aceepit
535 2447 658 2528 <ot>
680 2443 796 2522 lacit,
819 2444 862 2508 ut
883 2442 982 2509 mihi
1010 2441 1259 2527 excipiendus

206 2545 263 2609 sit
286 2548 344 2614 eet.
389 2547 444 2613 Bis
466 2548 602 2631 positum
624 2567 714 2615 acco
721 2550 783 2634 pit
810 2547 947 2615 olfecisse
970 2549 1107 2631 ridetur,
1128 2555 1164 2616 ut
1183 2548 1260 2615 rerba

204 2651 347 2735 quadam
370 2673 406 2718 ex
426 2652 571 2719 iuferiora
593 2654 660 2721 loeo
681 2656 742 2721 huc
763 2654 1002 2721 retraherentur.

306 2813 383 2879 Ibid.
402 2814 455 2894 Vl,
475 2816 502 2895 l,
518 2818 552 2881 7:
576 2816 712 2902 Igitur
733 2822 778 2885 ut
798 2837 880 2884 meo
903 2818 1070 2886 decreto
1094 2819 1259 2886 soluetur

204 2918 370 3004 Scaptio
392 2922 553 3003 statim,
577 2943 690 3007 qnam
712 2925 751 2990 id
775 2926 926 2991 rectum
949 2926 1021 3004 sit,
1052 2926 1098 2990 tu
1118 2922 1258 2990 iudica·

203 3026 266 3092 bis
288 3033 346 3094 eet.
379 3028 453 3094 Huc
468 3030 627 3112 scriptura,
643 3049 712 3114 qua
734 3030 915 3097 coniecturis
937 3049 998 3096 non
1021 3030 1148 3097 lenibus
1169 3028 1259 3093 esce
1309 3047 1310 3055 ¹

202 3134 260 3211 est,
294 3151 333 3198 ua
366 3137 535 3202 orationem
571 3137 696 3219 quidem
725 3127 819 3203 habet
839 3136 1030 3203 tolerabilem
1053 3138 1113 3212 (ut
1132 3171 1173 3184 -
1192 3129 1259 3197 sol·

202 3238 383 3319 vatur-,
398 3259 512 3325 qnam
533 3241 574 3308 id
595 3245 748 3310 rectum
771 3244 827 3310 sit
843 3262 897 3326 pro
912 3261 958 3322 eo,
974 3239 1058 3325 quod
1074 3244 1140 3307 est:
1162 3253 1259 3324 qnam

202 3344 357 3409 rectum
390 3347 446 3412 sit
477 3349 603 3429 solvi),
638 3350 752 3415 nedum
783 3349 970 3416 seutentiam
1000 3348 1050 3428 iis,
1080 3366 1149 3432 qua
1170 3345 1258 3412 uiuae

201 3447 269 3531 ipse
302 3450 396 3515 autea
427 3450 515 3533 dixit,
549 3456 664 3538 aptam
719 3456 828 3539 Neque
861 3456 944 3520 euim
976 3454 1083 3522 Cicero
1118 3450 1259 3535 Scaptium

202 3558 344 3641 coegerat
375 3560 536 3638 pecuniam
574 3561 683 3626 statim
716 3563 862 3646 accipere,
895 3561 978 3645 quod
1010 3561 1148 3640 nolebat
1169 3557 1218 3625 sel
1236 3555 1259 3620 ei

144 3742 146 3746 Ι
200 3664 404 3742 concesserat,
437 3666 474 3730 ut
505 3684 598 3732 cansa
630 3667 815 3747 differretur,
848 3667 875 3733 si
908 3668 987 3735 forto
1017 3667 1161 3751 Scaptius
1190 3660 1259 3746 apud

199 3767 298 3834 alium
332 3770 544 3852 proconsulem
577 3773 646 3855 plus
673 3775 819 3857 consequi
848 3776 969 3858 posset3
1003 3774 1042 3839 ef.
1065 3792 1114 3856 cp.
1136 3772 1165 3851 2,
1192 3771 1208 3831 l
1233 3769 1259 3832 et

200 3874 229 3951 3,
253 3876 282 3938 5.
334 3876 534 3943 Scribonium
568 3880 632 3946 est:
661 3879 799 3965 Igitur
829 3899 911 3946 meo
942 3881 1002 3957 (sie
1030 3879 1078 3958 Μ)
1112 3876 1259 3945 decreto

199 3979 422 4048 solutares
445 3984 571 4062 (sicli)
594 3985 763 4071 Scaptio
790 3986 876 4065 stat3
907 4006 1019 4070 quam
1053 3985 1094 4054 id
1120 3985 1258 4051 rectum

183 4085 270 4165 -sit,
294 4088 335 4151 tu
357 4087 572 4158 iudicabis.
