2656 5056
442 720 580 775 Ciceronis
600 720 709 774 Orator.
1029 718 1066 780 97

26 915 118 982 illud
144 914 284 995 mirarer,
306 917 366 981 nisi
389 915 495 982 mirari
518 915 676 993 desissem,
707 934 760 980 rur
788 914 820 979 in
843 913 988 995 proximis
1011 912 1110 978 verbis

30 1041 232 1088 summum
256 1041 344 1088 esse
367 1022 436 1088 tolli
458 1041 527 1087 cum
551 1021 649 1087 Balio
672 1020 811 1088 voluerit.

145 1139 293 1206 lbidll:
317 1139 395 1205 Nec
416 1158 508 1204 vero
531 1139 816 1224 utetur(orator)
833 1140 1110 1223 imprudenter

29 1247 112 1329 hac
135 1246 264 1327 oopia,
296 1245 365 1311 sed
397 1244 528 1311 omnia
557 1245 754 1329 expendet
782 1246 821 1310 et
844 1247 1011 1330 seligam
1035 1265 1109 1312 non

27 1354 143 1419 enim
179 1371 334 1435 semper
367 1371 436 1416 nec
469 1350 506 1414 in
539 1351 872 1417 omnibnscansis
895 1371 937 1417 cx
959 1351 1110 1418 eisdem

31 1459 370 1543 argumentorum
398 1462 594 1523 momenta
615 1460 717 1523 sunt.
755 1458 838 1523 Dure
861 1460 963 1524 omitti
985 1458 1109 1524 videtur

33 1565 159 1639 locis;
181 1563 236 1629 sod
257 1566 382 1644 prunus
405 1563 541 1641 offendit,
563 1563 654 1647 quod,
671 1564 707 1629 ut
722 1583 802 1631 nuno
816 1565 909 1630 verbs
923 1566 1107 1640 scribuntur,

24 1673 292 1755 argumentorum
333 1672 489 1734 momenta
531 1688 566 1735 ex
610 1670 683 1735 locis
727 1689 793 1736 esse
841 1670 1001 1749 dicuntur,
1052 1691 1108 1738 nec

32 1777 162 1842 omnino
210 1779 355 1857 apparet,
407 1795 466 1859 quo
514 1777 736 1841 momentorum
785 1795 893 1841 nomen
943 1779 1107 1859 pertineat.

29 1882 121 1962 Quid
144 1883 358 1964 requireretur,
382 1885 519 1948 senserat
541 1884 601 1947 iam
626 1883 730 1964 aliqua
751 1901 787 1954 ex
809 1886 897 1966 parte
920 1884 1107 1960 anhinus3

34 1987 233 2054 scribendum
259 1989 343 2053 enim
365 1989 430 2054 sine
453 1989 545 2054 dubio
569 1991 629 2053 est:
662 2006 734 2053 non
765 1990 866 2053 enim
890 2008 1045 2072 semper
1068 2038 1075 2054 .
1099 2038 1106 2055 .

28 2093 244 2160 exeisdem
258 2093 378 2176 <locis
391 2094 885 2177 eadem>argumentorum
909 2101 1109 2162 momenta

34 2202 139 2265 sunt.
197 2204 395 2284 Argumenta,
430 2219 497 2283 quae
532 2219 566 2264 ex
594 2200 708 2265 eisdem
743 2200 820 2267 locis
852 2202 1012 2281 ducantur,
1046 2223 1106 2269 non

36 2325 160 2389 semper
192 2307 274 2371 idem
308 2305 458 2371 momenti
492 2305 602 2371 hahere
636 2307 720 2385 dicit,
755 2309 810 2374 sed
834 2309 924 2374 modo
945 2307 1106 2393 gravioris,

31 2412 130 2477 modo
152 2411 276 2478 levioris
299 2410 440 2495 ponderis
463 2430 539 2478 esse.
572 2411 686 2478 Oculus
709 2414 825 2480 librarii
847 2415 878 2479 in
901 2415 1050 2481 eisdem
1075 2416 1108 2480 et

30 2519 173 2584 eadem
196 2520 358 2584 aberrauit.
1145 2592 1147 2596 Α

139 2625 216 2691 lhid.
240 2626 295 2688 δῖε
328 2625 396 2690 sed
418 2624 491 2689 ille
513 2625 555 2703 (in
579 2624 708 2689 dicendo
731 2627 862 2704 cantus),
886 2646 997 2710 quem
1022 2629 1105 2712 sig·

39 2730 190 2796 nificat
222 2731 512 2797 Demosthenes
548 2731 587 2794 et
617 2729 844 2808 AEschines,
881 2751 965 2797 cum
1001 2735 1107 2800 alter

37 2836 164 2902 altori
186 2837 333 2903 obiicit
356 2837 465 2903 vocis
487 2837 702 2910 flexionem
726 2836 830 2901 dicit
851 2838 1104 2919 plurnetiam

33 2944 331 3009 Demosthenes
353 2944 551 3025 illumque
573 2960 673 3022 saepe
697 2941 798 3006 dicit
820 2961 914 3008 voce
936 2945 1046 3011 dulci
1068 2949 1106 3011 et

30 3050 151 3115 clara
173 3050 312 3118 luisse.
356 3049 491 3114 Verbum
517 3047 620 3112 dicit
645 3066 737 3130 quam
756 3050 838 3113 esset
856 3067 993 3130 pravum,
1009 3052 1107 3117 sensit

39 3156 198 3222 Emestius
220 3156 350 3240 tollique
374 3157 509 3231 volebat3
533 3154 642 3220 lortius
667 3154 831 3237 Kayserns,
847 3159 882 3220 ut
896 3156 1022 3228 solebat.
1040 3157 1105 3223 haec

32 3260 156 3326 omnia:
190 3261 291 3329 dicit
320 3262 436 3347 plura
464 3307 471 3323 .
496 3308 502 3322 .
527 3307 566 3323 ..
599 3260 728 3326 fuisse
760 3262 888 3337 notarit,
924 3264 1005 3329 unde
1038 3269 1106 3330 orta

37 3369 151 3443 esseut,
171 3368 249 3433 nihil
264 3387 381 3434 curans.
414 3366 575 3432 Ernestins
598 3367 711 3450 quique
733 3368 788 3434 alii
813 3369 915 3434 locum
937 3370 1106 3451 tentarunt,

29 3476 133 3558 caput
148 3474 216 3539 uitii
231 3493 292 3540 non
308 3475 488 3558 attigerunt,
504 3472 584 3556 quod
607 3473 755 3539 vocabulo
778 3475 894 3556 plura
915 3476 1104 3554 contimtum

36 3598 138 3664 neque
175 3579 257 3645 enim
294 3583 362 3645 uter
394 3582 496 3646 orator
528 3579 661 3644 alterum
694 3581 872 3663 probrorum
906 3583 1106 3651 multitudine

37 3687 223 3768 superasset,
257 3674 451 3752 dinumerare
484 3684 622 3751 Ciceroni
650 3685 682 3749 in
710 3688 846 3752 mentem
875 3688 1026 3770 veniebat,
1051 3691 1105 3757 sed

31 3793 194 3876 singulare
216 3793 341 3876 aliquod
357 3791 576 3858 Demosthenis
598 3792 767 3858 convicium
793 3792 826 3857 in
841 3792 1019 3861 AEschinem
1033 3816 1105 3862 con-

36 3901 154 3964 iectnm
176 3899 304 3965 notarit.
360 3897 529 3982 scripserat
551 3898 666 3965 enimz.
684 3900 789 3965 alter
810 3900 934 3965 alteri
958 3901 1117 3973 obiicit

31 4005 150 4071 vocis
193 4004 413 4083 flexiones,
456 4004 598 4075 dlsohini
634 4005 767 4092 plorare
803 4005 925 4072 etiam
962 4006 1104 4075 Demo·

35 4111 222 4191 sthenes,
255 4110 431 4196 significans
463 4112 681 4178 Demosthenis
709 4112 820 4187 locum,
854 4113 907 4195 qni
937 4116 1037 4180 exstat
1066 4113 1104 4180 de

29 4218 106 4283 -Cor
135 4219 211 4283 287:
247 4219 290 4306 τῇ
326 4220 422 4308 φωνῇ
461 4213 631 4304 δακρύειν.
689 4217 826 4283 Priorem
862 4219 1013 4302 syllohom
1048 4240 1104 4287 no·

32 4323 132 4388 minis
166 4323 345 4392 AEschini
378 4325 482 4391 hausit
510 4322 687 4392 terminatio
720 4325 801 4391 vocis
831 4324 1032 4407 precedentis
1055 4345 1104 4393 es.

35 4427 159 4495 Deinde
193 4430 243 4495 rix
274 4429 365 4496 credo
397 4431 572 4498 Ciceronem
606 4433 714 4498 contra
740 4432 902 4497 veritatem
934 4433 1103 4515 scripsisse,

29 4553 139 4618 saepe
172 4556 190 4602 n
222 4537 429 4604 Demosthene
461 4537 615 4604 AEschiois
648 4555 752 4604 rocem
785 4537 906 4604 dulcem
937 4541 970 4604 et
990 4539 1111 4633 claram

890 4657 906 4711 7
