2678 5016
255 275 296 339 ω
616 273 874 346 mmmm

217 476 364 544 Heinsius
385 471 530 539 substitui
551 470 664 544 voluit,
697 474 762 532 iore
783 472 912 557 quietam
948 491 1020 538 nam
1042 491 1139 557 neque
1161 473 1272 557 qnietis

215 601 327 649 nomen
362 578 456 665 animi
481 596 517 642 ex
549 577 629 643 bona
660 577 846 642 conscientia
877 578 1034 644 securitati
1064 579 1272 664 significanda

216 688 324 771 aptum
347 687 403 758 est,
426 702 482 748 nec
501 684 567 744 iore
587 685 669 747 recte
691 681 822 748 additur.
866 682 1064 750 Scribeudum
1088 684 1209 768 opinor:

411 787 677 872 praterii'totiens
699 787 882 851 irreoocccne
907 807 1007 872 eques.

313 894 486 961 Revocatur
508 891 589 956 enim
618 893 650 955 et
678 893 844 968 retinetur,
877 891 986 959 ceteris
1007 896 1272 977 praetereuntibus,

211 1004 242 1068 in
265 1021 324 1087 qno
347 998 463 1082 aliquid
484 997 714 1080 reprehenditur
735 1016 770 1061 ac
791 998 921 1062 notatur.
1200 987 1203 991 ’

311 1105 379 1172 Ibd.
402 1102 464 1180 III,
488 1104 518 1179 3,
540 1105 595 1167 21:

346 1211 383 1276 Si
400 1210 463 1276 iam
485 1208 626 1274 deficiam
649 1226 872 1292 suppressaque
894 1210 999 1294 lingna
1021 1210 1122 1293 palato

326 1372 328 1375 .
378 1378 381 1385 ,
407 1314 455 1380 vix
479 1313 630 1379 instillato
652 1314 839 1383 restituenda
859 1334 956 1390 mero,

206 1419 208 1422 ’
344 1420 464 1485 nuntiet
486 1420 545 1483 huc
570 1419 679 1501 aliquis
701 1419 859 1484 dominam
881 1421 1009 1494 venisse,
1035 1438 1204 1503 resurgam.

210 1528 359 1610 Comupta
379 1525 444 1590 haec
460 1543 527 1590 esse
541 1525 603 1589 iam
619 1523 765 1588 Heinsius
788 1525 1029 1591 etBurmannus
1043 1525 1270 1590 intellexerunt.

208 1633 290 1698 Nam
318 1633 349 1696 et
375 1632 447 1713 post
472 1650 691 1714 suppressaque
712 1630 836 1695 verbum
869 1630 965 1704 deest,
996 1649 1050 1695 nec
1073 1631 1179 1714 linqua
1200 1650 1272 1713 ecp-

204 1759 312 1823 preeeo
328 1735 435 1820 potato
457 1754 524 1818 quae
547 1734 605 1814 sit,
632 1735 693 1811 dici
715 1736 830 1818 potest,
858 1747 913 1800 nec
934 1738 1007 1818 apta
1031 1736 1154 1801 omnino
1175 1735 1272 1818 palati

209 1844 326 1909 mentio
352 1842 383 1905 in
416 1860 488 1906 voce
516 1842 630 1906 amissa
662 1839 865 1923 redituraque.
914 1843 1030 1907 Vanam
1052 1841 1124 1923 (hoc
1158 1843 1216 1918 est,
1238 1844 1272 1905 ut

209 1969 265 2015 nos
280 1948 442 2032 loquimur,
467 1947 602 2030 pulsum)
636 1945 828 2011 deficientem
862 1947 931 2011 uino
958 1946 1109 2012 instillato
1135 1945 1272 2011 revocari

209 2055 333 2121 solitam
354 2053 494 2133 videmus
515 2071 551 2117 ex
566 2053 646 2119 Pont
661 2052 686 2129 Ι,
711 2051 742 2124 3,
767 2053 806 2115 10
824 2052 888 2129 (cir.
912 2053 1015 2118 Senec.
1039 2052 1077 2116 de
1092 2052 1190 2126 benef,
1213 2053 1271 2125 ΙΙΙ,

208 2162 238 2237 9,
262 2162 292 2239 2,
314 2160 402 2243 epist.
426 2158 476 2236 95,
500 2159 563 2240 22).
608 2157 742 2242 Scripsit
763 2159 858 2243 igitur
880 2159 946 2223 sine
968 2158 1060 2223 dnbio
1084 2157 1228 2223 Ovidius:

350 2264 383 2330 Si
404 2264 466 2330 iam
489 2265 629 2352 deficiam
652 2282 875 2349 suppressaque
897 2283 971 2325 oeno
987 2261 1119 2346 potetur,

391 2370 439 2434 vir
464 2371 615 2436 instillato
636 2364 824 2435 restituenda
845 2386 940 2442 mero,
962 2370 1019 2432 cet.

309 2476 391 2542 Nam
402 2494 490 2541 vverra
505 2494 564 2540 uon
585 2475 685 2539 solum
701 2473 831 2539 deficere
847 2475 879 2539 et
894 2473 1000 2534 cadere
1015 2472 1156 2537 dicuntur
1177 2471 1273 2555 (apud

210 2582 358 2647 Senecam
374 2583 395 2646 1.
411 2600 436 2645 c.
453 2583 483 2645 et
499 2580 646 2657 Celsum),
668 2578 828 2643 sedetiam
842 2578 956 2663 supere
978 2583 1027 2655 (ex
1049 2578 1137 2642 Pout.
1160 2577 1218 2655 III,
1245 2579 1271 2653 Ι,

208 2687 274 2769 69),
294 2685 373 2770 quod
401 2685 548 2750 hocloco
570 2682 679 2769 palari
700 2683 826 2748 Ovidius
853 2682 1034 2766 appellavit,
1064 2682 1123 2748 nisi
1145 2695 1273 2767 capetus·

205 2793 337 2876 scripsit.

306 2895 374 2963 lod.
397 2897 454 2974 ΙΙΙ,
476 2897 505 2970 5,
530 2897 545 2958 l
569 2915 653 2979 sqq:

355 3003 437 3068 Usus
459 3001 602 3067 amicitiae
625 3003 729 3067 tecum
753 3002 829 3067 mihi
850 3021 973 3086 persua,
996 3001 1031 3065 ut
1050 3000 1138 3066 illam

396 3126 455 3172 non
477 3126 558 3191 agre
582 3126 686 3190 posses
708 3108 914 3181 dissimulare,
936 3106 1004 3185 suit,

356 3213 388 3277 ni
410 3230 460 3277 me
483 3213 656 3297 complexus
678 3215 788 3280 vinclis
810 3213 999 3298 propioribus
1021 3229 1103 3276 esses

397 3338 474 3383 nave
497 3337 566 3384 mea
588 3322 689 3396 vento,
711 3321 824 3392 forsan,
849 3321 939 3385 eunte
961 3338 1025 3384 suo.

256 3413 266 3421 ”
305 3423 346 3486 Et
370 3423 468 3489 totam
491 3423 625 3488 condicio
646 3426 832 3490 senteutiam
854 3427 1001 3509 pervertit
1010 3422 1094 3509 (quid
1116 3425 1164 3488 est
1186 3422 1270 3487 enim

205 3527 272 3604 hoo,
295 3527 436 3611 exiguam
458 3529 553 3594 fuisse
574 3528 743 3595 amicitiam
772 3533 804 3596 et
826 3530 1011 3596 dissimulari
1033 3529 1178 3612 potuisse,
1210 3527 1271 3591 nisi

205 3631 318 3697 arctior
338 3633 480 3709 denseti)
503 3638 534 3698 et
554 3636 674 3716 pravior
700 3635 767 3718 ipsa
787 3637 832 3714 fit,
856 3636 978 3701 adiecta
1003 3635 1159 3700 mentione
1181 3634 1269 3698 bonae

205 3736 333 3801 fortuna
366 3740 398 3803 et
425 3739 547 3822 soreos
602 3740 673 3805 Una
701 3741 804 3807 littera
836 3744 973 3820 murteta,
1006 3760 1068 3806 una
1089 3738 1195 3803 addita
1218 3757 1269 3802 re-

205 3845 356 3923 nascetur,
377 3844 457 3927 quod
479 3845 605 3911 Ouidius
627 3849 805 3932 scripserat:

341 3948 404 4011 Nec
425 3969 475 4014 me
498 3955 671 4035 complexus
694 3955 803 4020 vinclis
824 3956 1014 4037 propioribus
1033 3973 1116 4020 esses

382 4074 457 4120 nave
480 4076 549 4123 mea
570 4063 670 4135 vento,
692 4063 804 4140 forsan,
826 4065 918 4128 eunte
940 4080 1004 4125 suo.
