2656 5056
454 671 593 728 Ciceronis
612 672 744 743 epistoloe.
1031 674 1092 738 169

165 866 244 933 Ibid.
267 868 318 947 24,
339 868 377 931 4:
408 868 523 935 Modo
547 869 689 934 csedem
712 870 995 951 timueramus,
1019 890 1132 954 quam

61 974 197 1040 oratio
220 973 444 1040 fortissimi
472 975 579 1041 senis
602 975 1131 1056 Q.Gonsidiidiscusserst;

58 1097 122 1159 ea,
156 1099 272 1163 qnam
306 1080 494 1164 quotidie
521 1081 666 1148 timere
693 1084 971 1165 potueramus,
995 1085 1133 1151 subito

58 1188 203 1252 exorta
224 1189 293 1252 est
332 1185 464 1252 Etiamsi
485 1186 631 1254 Latinum
655 1190 737 1255 esset
758 1190 903 1256 oaedem
925 1190 1131 1268 discutere,

57 1291 144 1375 quod
176 1310 237 1358 non
269 1295 327 1371 est,
359 1295 464 1359 tamen
499 1293 636 1360 Considii
668 1297 751 1362 senis
783 1297 879 1362 oratio
916 1313 976 1361 nou
1013 1297 1135 1378 poteret

57 1396 181 1463 oaedem
202 1417 221 1463 s
243 1398 371 1478 Caesare,
394 1398 550 1481 Pompeio,
574 1400 682 1468 Crasso
705 1401 876 1486 cogitatam
896 1400 1057 1485 impedire.
1095 1402 1131 1467 In

58 1503 97 1568 M
120 1504 268 1586 scriptum
301 1506 369 1570 est:
398 1524 470 1590 qne
503 1507 652 1585 oratio,
687 1526 723 1572 ex
755 1525 815 1591 quo
847 1507 984 1574 nuscitur
1006 1526 1129 1573 vorum:

59 1627 158 1695 quem
171 1611 523 1695 <metum>oratio
546 1657 577 1674 ..
601 1612 637 1693 Q.
660 1612 844 1678 Considii
866 1612 1131 1680 discusserat.

58 1717 276 1784 Usitatiesime
294 1717 410 1783 dieitur
432 1718 560 1797 metum,
584 1717 734 1796 timorem,
758 1718 873 1784 similis
895 1718 1058 1784 discutere.
1096 1719 1130 1784 Iu

57 1821 112 1901 iis,
130 1842 198 1907 quae
214 1827 393 1908 sequuntur,
409 1828 491 1889 recte
507 1822 748 1908 Wesenbergius
764 1826 834 1889 ante
849 1843 961 1908 quam
985 1823 1132 1890 excidisse

58 1929 290 1996 substantivum
313 1928 409 2008 uidit3
443 1930 498 1994 sed
529 1929 590 1994 ris
619 1949 728 2013 pssum
759 1931 866 2013 aptum
893 1929 1029 2006 videtum
1052 1930 1132 1995 nihil

57 2038 167 2103 temen
190 2035 300 2102 melius
320 2035 448 2119 reperio.

164 2198 247 2266 Ibid.
264 2197 321 2275 ΙΙΙ,
344 2199 373 2278 8,
396 2198 433 2263 4:
458 2198 572 2264 cuins
596 2199 698 2264 euim
720 2198 877 2265 scelere
899 2200 1068 2282 impulsi
1089 2219 1132 2267 ac

57 2305 217 2387 proditi
251 2304 395 2382 simus,
429 2303 507 2369 iam
540 2304 724 2386 profecto
753 2304 883 2384 vides,
906 2308 1027 2390 atque
1050 2309 1131 2372 uti-

60 2429 147 2475 nam
180 2412 256 2476 ism
291 2414 382 2476 suto
414 2408 595 2476 vidisses
631 2430 758 2496 neque
795 2413 925 2477 totum
958 2411 1131 2477 animum

59 2518 172 2581 tuum
193 2516 350 2582 maerori
373 2535 522 2582 mecum
542 2517 664 2583 simul
686 2517 888 2583 dedisses!
922 2517 1027 2585 Cicero
1045 2518 1131 2584 utti-

60 2641 136 2688 cnm
158 2623 266 2688 mallet
287 2626 357 2689 ante
379 2642 485 2690 ossum
516 2624 548 2688 et
574 2623 716 2689 exsilium
743 2642 832 2688 suum
855 2624 1035 2707 providisse,
1059 2624 1130 2709 quid

61 2728 124 2795 sibi
158 2730 333 2796 immineret
364 2729 494 2813 periculi
526 2729 635 2795 fraude
665 2730 698 2794 et
726 2728 841 2794 scelere
862 2729 990 2795 inimici.
1035 2730 1132 2816 Atqui

60 2835 118 2900 illo
139 2835 276 2918 tempore
297 2836 386 2901 nulls
408 2837 474 2901 erat
495 2833 641 2900 maerendi
663 2853 764 2912 caess,
786 2832 841 2899 sed
857 2834 998 2913 cereudi;
1022 2854 1131 2902 maeror

61 2939 273 3006 calamitatem
296 2946 421 3007 secutus
436 2943 493 3007 est
529 2941 640 3024 lisque
655 2938 833 3005 Ciceronem
849 2938 1007 3022 scripsisse
1023 2940 1131 3006 credo:

60 3065 188 3131 neque
220 3049 349 3113 totum
378 3048 550 3113 animum
578 3049 689 3112 tuum
710 3044 818 3112 errori
839 3064 988 3111 mecum
1010 3046 1130 3111 simul

60 3152 258 3219 dedisses.
313 3153 410 3219 Suum
443 3171 576 3218 errorem
603 3151 708 3218 Cicero
737 3152 883 3237 proximis
904 3152 1006 3218 verbis
1028 3150 1128 3236 signi-

59 3257 152 3324 ficet:
186 3259 288 3342 quod
320 3261 356 3324 ei
388 3259 648 3337 crediderim,
677 3278 789 3343 quem
824 3277 910 3324 esso
932 3256 1131 3323 nefarium

61 3383 139 3430 non
161 3365 355 3446 putarim3
378 3383 450 3430 eum
472 3383 604 3431 errorem
628 3383 708 3431 nunc
730 3365 854 3431 demum
876 3364 970 3448 luget.

164 3530 243 3597 Ibid.
269 3532 318 3610 12,
347 3532 381 3597 3:
404 3532 482 3617 Ego
515 3532 637 3598 etiam
671 3552 773 3598 nuno
805 3530 940 3596 eodem
972 3531 1011 3594 in
1047 3530 1132 3596 loco

59 3640 177 3704 isceo
206 3639 292 3704 sine
324 3656 505 3704 sermons
527 3638 630 3720 ullo,
656 3639 744 3705 sine
767 3637 1020 3722 cogitatione
1042 3635 1131 3700 nlla.

59 3743 299 3825 disertius,
329 3749 371 3811 ut
401 3744 568 3824 scribis,
602 3744 903 3830 significarem,
938 3746 980 3808 ut
1007 3741 1053 3806 sd
1075 3760 1133 3806 me

59 3853 224 3917 venires
246 3852 280 3924 si
308 3851 494 3917 donatam
523 3851 567 3916 ut
593 3850 789 3935 intelligo
819 3854 858 3916 te
886 3849 984 3916 istic
1012 3848 1131 3932 prod-

59 3976 168 4038 esse,
191 3958 255 4023 hic
276 3975 321 4022 ne
343 3958 462 4023 verbo
484 3955 644 4041 quidem
667 3958 803 4024 levare
825 3976 882 4021 me
907 3974 1034 4039 posse.
1079 3953 1133 4018 In·

60 4063 194 4130 feliciter
214 4063 351 4128 tentatas
380 4061 441 4130 loci
468 4064 632 4129 manifesto
662 4065 797 4147 corrupti
826 4062 1054 4128 emendationes
1083 4061 1132 4125 vel

60 4187 159 4235 unum
191 4169 476 4254 significarem
505 4171 536 4234 in
567 4170 846 4255 significarim
867 4169 1022 4235 mutatum
1045 4184 1133 4234 coar·

59 4274 140 4360 guil.
197 4273 313 4341 Licet
347 4276 400 4356 sic,
432 4277 469 4341 nt
496 4277 553 4342 hoc
580 4276 647 4342 loco
677 4277 797 4360 putant,
821 4295 875 4359 pro
896 4292 1132 4358 quemquem

59 4380 199 4464 positum
228 4400 247 4446 a
275 4381 431 4448 Ciceronis
464 4402 520 4448 usu
551 4401 674 4465 prorsus
694 4381 839 4447 abhorret
860 4381 911 4458 (sd
935 4382 1019 4447 Fam.
1042 4381 1129 4459 ΧΙΙΙ,

60 4489 153 4566 27‚l
188 4486 411 4554 incredibiliter
443 4494 575 4567 erratur;
607 4491 673 4554 sine
704 4489 769 4554 ulla
801 4488 998 4556 anacoluthia
1025 4488 1132 4554 dicero
