<?xml version="1.0" encoding="UTF-8"?>
<!DOCTYPE html PUBLIC "-//W3C//DTD XHTML 1.0 Transitional//EN"
    "http://www.w3.org/TR/xhtml1/DTD/xhtml1-transitional.dtd">
<html xmlns="http://www.w3.org/1999/xhtml" xml:lang="en" lang="en">
 <head>
  <title>
</title>
<meta http-equiv="Content-Type" content="text/html;charset=utf-8" />
  <meta name='ocr-system' content='tesseract 3.04.00' />
  <meta name='ocr-capabilities' content='ocr_page ocr_carea ocr_par ocr_line ocrx_word'/>
</head>
<body>
  <div class='ocr_page' id='page_1' title='image "./ioniemadvigiiad00madvgoog_0465.png"; bbox 0 0 2662 5062; ppageno 0'>
   <div class='ocr_carea' id='block_1_1' title="bbox 250 292 916 389">
    <p class='ocr_par' dir='ltr' id='par_1_1' title="bbox 250 292 916 389">
     <span class='ocr_line' id='line_1_1' title="bbox 250 292 916 389; baseline -0.023 -27"><span class='ocrx_word' id='word_1_1' title='bbox 250 300 312 364; x_wconf 68' lang='lat' dir='ltr'><strong>me</strong></span> <span class='ocrx_word' id='word_1_2' title='bbox 610 292 916 389; x_wconf 26' lang='lat' dir='ltr'><strong>mmmm·</strong></span> 
     </span>
    </p>
   </div>
   <div class='ocr_carea' id='block_1_2' title="bbox 150 491 1287 4160">
    <p class='ocr_par' dir='ltr' id='par_1_2' title="bbox 209 491 1265 775">
     <span class='ocr_line' id='line_1_2' title="bbox 209 491 1263 586; baseline -0.006 -20"><span class='ocrx_word' id='word_1_3' title='bbox 209 499 319 586; x_wconf 80' lang='lat' dir='ltr'><strong>gatio</strong></span> <span class='ocrx_word' id='word_1_4' title='bbox 341 515 385 563; x_wconf 93' lang='lat' dir='ltr'><strong>ac</strong></span> <span class='ocrx_word' id='word_1_5' title='bbox 412 511 552 558; x_wconf 89' lang='lat' dir='ltr'><strong>rursus</strong></span> <span class='ocrx_word' id='word_1_6' title='bbox 584 492 764 576; x_wconf 78' lang='lat' dir='ltr'><strong>erupti03</strong></span> <span class='ocrx_word' id='word_1_7' title='bbox 797 495 893 556; x_wconf 91' lang='lat' dir='ltr'><strong>tunc</strong></span> <span class='ocrx_word' id='word_1_8' title='bbox 925 491 1086 577; x_wconf 80' lang='lat' dir='ltr'><strong>frigora</strong></span> <span class='ocrx_word' id='word_1_9' title='bbox 1119 512 1263 576; x_wconf 89' lang='lat' dir='ltr'><strong>compe·</strong></span> 
     </span>
     <span class='ocr_line' id='line_1_3' title="bbox 210 597 1265 682; baseline -0.009 -12"><span class='ocrx_word' id='word_1_10' title='bbox 210 606 381 670; x_wconf 88' lang='lat' dir='ltr'><strong>scuntur</strong></span> <span class='ocrx_word' id='word_1_11' title='bbox 414 600 452 663; x_wconf 91' lang='lat' dir='ltr'><strong>et</strong></span> <span class='ocrx_word' id='word_1_12' title='bbox 487 597 700 662; x_wconf 75' lang='lat' dir='ltr'><strong>succidunt.</strong></span> <span class='ocrx_word' id='word_1_13' title='bbox 749 597 817 662; x_wconf 89' lang='lat' dir='ltr'><strong>Hoc</strong></span> <span class='ocrx_word' id='word_1_14' title='bbox 849 597 931 661; x_wconf 91' lang='lat' dir='ltr'><strong>enim</strong></span> <span class='ocrx_word' id='word_1_15' title='bbox 968 618 1023 682; x_wconf 93' lang='lat' dir='ltr'><strong>pro</strong></span> <span class='ocrx_word' id='word_1_16' title='bbox 1061 600 1265 666; x_wconf 87' lang='lat' dir='ltr'><strong>succedunt</strong></span> 
     </span>
     <span class='ocr_line' id='line_1_4' title="bbox 210 698 844 775; baseline -0.019 0"><span class='ocrx_word' id='word_1_17' title='bbox 210 707 382 775; x_wconf 89' lang='lat' dir='ltr'><strong>necessario</strong></span> <span class='ocrx_word' id='word_1_18' title='bbox 404 702 627 770; x_wconf 87' lang='lat' dir='ltr'><strong>restituendum</strong></span> <span class='ocrx_word' id='word_1_19' title='bbox 650 698 707 767; x_wconf 84' lang='lat' dir='ltr'><strong>est.</strong></span> <span class='ocrx_word' id='word_1_20' title='bbox 764 722 783 764; x_wconf 87' lang='grc'><strong>.·</strong></span> <span class='ocrx_word' id='word_1_21' title='bbox 840 758 844 762; x_wconf 91' lang='grc'>.</span> 
     </span>
    </p>

    <p class='ocr_par' dir='ltr' id='par_1_3' title="bbox 150 800 1283 3934">
     <span class='ocr_line' id='line_1_5' title="bbox 312 800 1266 891; baseline -0.004 -14"><span class='ocrx_word' id='word_1_22' title='bbox 312 812 378 877; x_wconf 82' lang='lat' dir='ltr'><strong>lod.</strong></span> <span class='ocrx_word' id='word_1_23' title='bbox 411 809 460 886; x_wconf 81' lang='lat'><strong>14,</strong></span> <span class='ocrx_word' id='word_1_24' title='bbox 492 808 528 871; x_wconf 76' lang='lat'><strong>2:</strong></span> <span class='ocrx_word' id='word_1_25' title='bbox 573 807 664 873; x_wconf 80' lang='lat' dir='ltr'><strong>Cum</strong></span> <span class='ocrx_word' id='word_1_26' title='bbox 696 806 851 891; x_wconf 87' lang='lat' dir='ltr'><strong>aliquid</strong></span> <span class='ocrx_word' id='word_1_27' title='bbox 880 800 1153 890; x_wconf 69' lang='lat' dir='ltr'><strong>peccaturqin</strong></span> <span class='ocrx_word' id='word_1_28' title='bbox 1189 812 1266 875; x_wconf 84' lang='lat' dir='ltr'><strong>terra</strong></span> 
     </span>
     <span class='ocr_line' id='line_1_6' title="bbox 211 912 1267 1002; baseline -0.003 -20"><span class='ocrx_word' id='word_1_29' title='bbox 211 918 391 1002; x_wconf 79' lang='lat' dir='ltr'>positione),</span> <span class='ocrx_word' id='word_1_30' title='bbox 428 915 510 978; x_wconf 91' lang='lat' dir='ltr'><strong>tum</strong></span> <span class='ocrx_word' id='word_1_31' title='bbox 543 912 657 978; x_wconf 86' lang='lat' dir='ltr'><strong>velut</strong></span> <span class='ocrx_word' id='word_1_32' title='bbox 688 913 781 997; x_wconf 84' lang='lat' dir='ltr'><strong>aegri</strong></span> <span class='ocrx_word' id='word_1_33' title='bbox 814 912 999 994; x_wconf 88' lang='lat' dir='ltr'><strong>eorporis</strong></span> <span class='ocrx_word' id='word_1_34' title='bbox 1031 919 1165 981; x_wconf 89' lang='lat' dir='ltr'><strong>motus</strong></span> <span class='ocrx_word' id='word_1_35' title='bbox 1203 918 1267 988; x_wconf 88' lang='lat' dir='ltr'><strong>est,</strong></span> 
     </span>
     <span class='ocr_line' id='line_1_7' title="bbox 212 1017 1266 1110; baseline -0.005 -21"><span class='ocrx_word' id='word_1_36' title='bbox 212 1023 362 1105; x_wconf 89' lang='lat' dir='ltr'><strong>spiritu</strong></span> <span class='ocrx_word' id='word_1_37' title='bbox 384 1018 476 1097; x_wconf 86' lang='lat' dir='ltr'><strong>illo,</strong></span> <span class='ocrx_word' id='word_1_38' title='bbox 499 1018 564 1110; x_wconf 82' lang='lat' dir='ltr'><strong>qui</strong></span> <span class='ocrx_word' id='word_1_39' title='bbox 592 1017 822 1083; x_wconf 81' lang='lat' dir='ltr'><strong>modestius</strong></span> <span class='ocrx_word' id='word_1_40' title='bbox 840 1018 1085 1095; x_wconf 66' lang='lat' dir='ltr'><strong>(ersodectuci)</strong></span> <span class='ocrx_word' id='word_1_41' title='bbox 1105 1020 1266 1103; x_wconf 80' lang='lat' dir='ltr'><strong>perflue</strong></span> 
     </span>
     <span class='ocr_line' id='line_1_8' title="bbox 211 1123 1267 1205; baseline -0.005 -11"><span class='ocrx_word' id='word_1_42' title='bbox 211 1130 288 1203; x_wconf 89' lang='lat' dir='ltr'><strong>bat,</strong></span> <span class='ocrx_word' id='word_1_43' title='bbox 307 1129 391 1190; x_wconf 90' lang='lat' dir='ltr'><strong>icto</strong></span> <span class='ocrx_word' id='word_1_44' title='bbox 416 1123 699 1189; x_wconf 85' lang='lat' dir='ltr'><strong>vehementius</strong></span> <span class='ocrx_word' id='word_1_45' title='bbox 720 1126 759 1188; x_wconf 91' lang='lat' dir='ltr'><strong>et</strong></span> <span class='ocrx_word' id='word_1_46' title='bbox 788 1127 1006 1205; x_wconf 78' lang='lat' dir='ltr'><strong>quassante</strong></span> <span class='ocrx_word' id='word_1_47' title='bbox 1032 1143 1150 1191; x_wconf 83' lang='lat' dir='ltr'><strong>uenas</strong></span> <span class='ocrx_word' id='word_1_48' title='bbox 1176 1143 1267 1197; x_wconf 85' lang='lat' dir='ltr'><strong>suaa</strong></span> 
     </span>
     <span class='ocr_line' id='line_1_9' title="bbox 212 1228 1266 1312; baseline -0.005 -14"><span class='ocrx_word' id='word_1_49' title='bbox 212 1252 283 1299; x_wconf 89' lang='lat' dir='ltr'><strong>nec</strong></span> <span class='ocrx_word' id='word_1_50' title='bbox 304 1234 347 1296; x_wconf 92' lang='lat' dir='ltr'><strong>nt</strong></span> <span class='ocrx_word' id='word_1_51' title='bbox 371 1229 439 1294; x_wconf 91' lang='lat' dir='ltr'><strong>illi</strong></span> <span class='ocrx_word' id='word_1_52' title='bbox 462 1229 582 1312; x_wconf 89' lang='lat' dir='ltr'><strong>paulo</strong></span> <span class='ocrx_word' id='word_1_53' title='bbox 605 1231 699 1292; x_wconf 90' lang='lat' dir='ltr'><strong>ante</strong></span> <span class='ocrx_word' id='word_1_54' title='bbox 721 1228 924 1305; x_wconf 74' lang='lat' dir='ltr'><strong>dicebant,</strong></span> <span class='ocrx_word' id='word_1_55' title='bbox 958 1229 1108 1312; x_wconf 86' lang='lat' dir='ltr'><strong>quibus</strong></span> <span class='ocrx_word' id='word_1_56' title='bbox 1131 1229 1266 1295; x_wconf 85' lang='lat' dir='ltr'><strong>animal</strong></span> 
     </span>
     <span class='ocr_line' id='line_1_10' title="bbox 212 1323 1269 1423; baseline -0.005 -20"><span class='ocrx_word' id='word_1_57' title='bbox 212 1339 352 1423; x_wconf 88' lang='lat' dir='ltr'><strong>placet</strong></span> <span class='ocrx_word' id='word_1_58' title='bbox 384 1339 663 1408; x_wconf 86' lang='lat' dir='ltr'><strong>esseterram;</strong></span> <span class='ocrx_word' id='word_1_59' title='bbox 699 1351 782 1398; x_wconf 87' lang='lat' dir='ltr'><strong>nam</strong></span> <span class='ocrx_word' id='word_1_60' title='bbox 817 1332 851 1397; x_wconf 85' lang='lat' dir='ltr'><strong>si</strong></span> <span class='ocrx_word' id='word_1_61' title='bbox 879 1333 947 1397; x_wconf 90' lang='lat' dir='ltr'><strong>hoc</strong></span> <span class='ocrx_word' id='word_1_62' title='bbox 978 1336 1057 1411; x_wconf 90' lang='lat' dir='ltr'><strong>est,</strong></span> <span class='ocrx_word' id='word_1_63' title='bbox 1093 1323 1269 1418; x_wconf 87' lang='lat' dir='ltr'><strong>quemad·</strong></span> 
     </span>
     <span class='ocr_line' id='line_1_11' title="bbox 211 1438 1269 1514; baseline -0.004 -5"><span class='ocrx_word' id='word_1_64' title='bbox 211 1440 364 1509; x_wconf 88' lang='lat' dir='ltr'><strong>modum</strong></span> <span class='ocrx_word' id='word_1_65' title='bbox 386 1441 543 1514; x_wconf 89' lang='lat' dir='ltr'><strong>animal,</strong></span> <span class='ocrx_word' id='word_1_66' title='bbox 577 1440 665 1504; x_wconf 87' lang='lat' dir='ltr'><strong>tota</strong></span> <span class='ocrx_word' id='word_1_67' title='bbox 696 1438 950 1503; x_wconf 80' lang='lat' dir='ltr'><strong>vexationem</strong></span> <span class='ocrx_word' id='word_1_68' title='bbox 983 1440 1154 1505; x_wconf 77' lang='lat' dir='ltr'><strong>sentiet.</strong></span> <span class='ocrx_word' id='word_1_69' title='bbox 1203 1442 1269 1505; x_wconf 83' lang='lat' dir='ltr'><strong>Hae</strong></span> 
     </span>
     <span class='ocr_line' id='line_1_12' title="bbox 212 1542 1270 1630; baseline -0.004 -17"><span class='ocrx_word' id='word_1_70' title='bbox 212 1542 384 1614; x_wconf 88' lang='lat' dir='ltr'><strong>adiunctio:</strong></span> <span class='ocrx_word' id='word_1_71' title='bbox 426 1546 507 1610; x_wconf 87' lang='lat' dir='ltr'><strong>Neo</strong></span> <span class='ocrx_word' id='word_1_72' title='bbox 528 1547 572 1609; x_wconf 90' lang='lat' dir='ltr'><strong>ut</strong></span> <span class='ocrx_word' id='word_1_73' title='bbox 592 1544 658 1608; x_wconf 88' lang='lat' dir='ltr'><strong>illi</strong></span> <span class='ocrx_word' id='word_1_74' title='bbox 680 1546 738 1608; x_wconf 91' lang='lat' dir='ltr'><strong>oet.</strong></span> <span class='ocrx_word' id='word_1_75' title='bbox 761 1543 925 1608; x_wconf 88' lang='lat' dir='ltr'><strong>admodum</strong></span> <span class='ocrx_word' id='word_1_76' title='bbox 937 1544 1068 1610; x_wconf 91' lang='lat' dir='ltr'><strong>obseura</strong></span> <span class='ocrx_word' id='word_1_77' title='bbox 1090 1549 1158 1624; x_wconf 81' lang='lat' dir='ltr'><strong>est3</strong></span> <span class='ocrx_word' id='word_1_78' title='bbox 1181 1563 1270 1630; x_wconf 88' lang='lat' dir='ltr'><strong>neque</strong></span> 
     </span>
     <span class='ocr_line' id='line_1_13' title="bbox 212 1640 1270 1734; baseline -0.004 -16"><span class='ocrx_word' id='word_1_79' title='bbox 212 1653 294 1719; x_wconf 90' lang='lat' dir='ltr'><strong>enim</strong></span> <span class='ocrx_word' id='word_1_80' title='bbox 326 1652 428 1716; x_wconf 90' lang='lat' dir='ltr'><strong>certus</strong></span> <span class='ocrx_word' id='word_1_81' title='bbox 459 1640 567 1716; x_wconf 90' lang='lat' dir='ltr'><strong>modus</strong></span> <span class='ocrx_word' id='word_1_82' title='bbox 593 1667 689 1715; x_wconf 85' lang='lat' dir='ltr'><strong>renas</strong></span> <span class='ocrx_word' id='word_1_83' title='bbox 717 1648 882 1732; x_wconf 71' lang='lat' dir='ltr'><strong>quassandi</strong></span> <span class='ocrx_word' id='word_1_84' title='bbox 911 1650 1104 1734; x_wconf 84' lang='lat' dir='ltr'><strong>significatus</strong></span> <span class='ocrx_word' id='word_1_85' title='bbox 1138 1655 1195 1727; x_wconf 88' lang='lat' dir='ltr'><strong>est,</strong></span> <span class='ocrx_word' id='word_1_86' title='bbox 1229 1650 1270 1715; x_wconf 94' lang='lat' dir='ltr'><strong>cui</strong></span> 
     </span>
     <span class='ocr_line' id='line_1_14' title="bbox 213 1757 1272 1839; baseline -0.002 -17"><span class='ocrx_word' id='word_1_87' title='bbox 213 1759 292 1822; x_wconf 89' lang='lat' dir='ltr'><strong>alius</strong></span> <span class='ocrx_word' id='word_1_88' title='bbox 325 1757 496 1822; x_wconf 88' lang='lat' dir='ltr'><strong>contrarius</strong></span> <span class='ocrx_word' id='word_1_89' title='bbox 523 1759 657 1839; x_wconf 81' lang='lat' dir='ltr'><strong>ponatur</strong></span> <span class='ocrx_word' id='word_1_90' title='bbox 682 1758 755 1820; x_wconf 88' lang='lat' dir='ltr'><strong>ante</strong></span> <span class='ocrx_word' id='word_1_91' title='bbox 776 1759 1049 1831; x_wconf 63' lang='lat' dir='ltr'><strong>commemoratum</strong></span> <span class='ocrx_word' id='word_1_92' title='bbox 1085 1776 1143 1822; x_wconf 88' lang='lat' dir='ltr'><strong>neo</strong></span> <span class='ocrx_word' id='word_1_93' title='bbox 1165 1774 1272 1831; x_wconf 89' lang='lat' dir='ltr'><strong>eorum,</strong></span> 
     </span>
     <span class='ocr_line' id='line_1_15' title="bbox 216 1862 1272 1946; baseline 0 -21"><span class='ocrx_word' id='word_1_94' title='bbox 216 1862 326 1946; x_wconf 90' lang='lat' dir='ltr'><strong>quibus</strong></span> <span class='ocrx_word' id='word_1_95' title='bbox 348 1862 462 1927; x_wconf 86' lang='lat' dir='ltr'><strong>animal</strong></span> <span class='ocrx_word' id='word_1_96' title='bbox 484 1862 587 1946; x_wconf 88' lang='lat' dir='ltr'><strong>placet</strong></span> <span class='ocrx_word' id='word_1_97' title='bbox 614 1880 684 1927; x_wconf 88' lang='lat' dir='ltr'><strong>esse</strong></span> <span class='ocrx_word' id='word_1_98' title='bbox 705 1865 837 1937; x_wconf 89' lang='lat' dir='ltr'><strong>terram,</strong></span> <span class='ocrx_word' id='word_1_99' title='bbox 869 1863 1023 1926; x_wconf 89' lang='lat' dir='ltr'><strong>sententia</strong></span> <span class='ocrx_word' id='word_1_100' title='bbox 1046 1865 1119 1928; x_wconf 90' lang='lat' dir='ltr'><strong>aute</strong></span> <span class='ocrx_word' id='word_1_101' title='bbox 1141 1880 1272 1929; x_wconf 87' lang='lat' dir='ltr'><strong>comme·</strong></span> 
     </span>
     <span class='ocr_line' id='line_1_16' title="bbox 212 1967 1272 2050; baseline 0.001 -21"><span class='ocrx_word' id='word_1_102' title='bbox 212 1969 332 2032; x_wconf 86' lang='lat' dir='ltr'><strong>morata</strong></span> <span class='ocrx_word' id='word_1_103' title='bbox 363 1970 486 2033; x_wconf 89' lang='lat' dir='ltr'><strong>estant</strong></span> <span class='ocrx_word' id='word_1_104' title='bbox 515 1969 581 2032; x_wconf 87' lang='lat' dir='ltr'><strong>ulla</strong></span> <span class='ocrx_word' id='word_1_105' title='bbox 599 1985 702 2031; x_wconf 89' lang='lat' dir='ltr'><strong>eorum</strong></span> <span class='ocrx_word' id='word_1_106' title='bbox 725 1967 823 2031; x_wconf 90' lang='lat' dir='ltr'><strong>oratio</strong></span> <span class='ocrx_word' id='word_1_107' title='bbox 845 1967 1033 2050; x_wconf 87' lang='lat' dir='ltr'><strong>interposita.</strong></span> <span class='ocrx_word' id='word_1_108' title='bbox 1084 1968 1202 2033; x_wconf 82' lang='lat' dir='ltr'><strong>Seneca</strong></span> <span class='ocrx_word' id='word_1_109' title='bbox 1222 1983 1272 2031; x_wconf 87' lang='lat' dir='ltr'><strong>sua</strong></span> 
     </span>
     <span class='ocr_line' id='line_1_17' title="bbox 212 2072 1273 2159; baseline -0.002 -23"><span class='ocrx_word' id='word_1_110' title='bbox 212 2072 279 2154; x_wconf 89' lang='lat' dir='ltr'><strong>ipse</strong></span> <span class='ocrx_word' id='word_1_111' title='bbox 314 2074 408 2138; x_wconf 84' lang='lat' dir='ltr'><strong>verba</strong></span> <span class='ocrx_word' id='word_1_112' title='bbox 440 2073 597 2157; x_wconf 87' lang='lat' dir='ltr'><strong>significat</strong></span> <span class='ocrx_word' id='word_1_113' title='bbox 630 2072 721 2155; x_wconf 87' lang='lat' dir='ltr'><strong>paulo</strong></span> <span class='ocrx_word' id='word_1_114' title='bbox 748 2090 840 2155; x_wconf 91' lang='lat' dir='ltr'><strong>supra</strong></span> <span class='ocrx_word' id='word_1_115' title='bbox 871 2072 892 2159; x_wconf 59' lang='grc' dir='ltr'><strong><em>ξ</em></strong></span> <span class='ocrx_word' id='word_1_116' title='bbox 920 2074 936 2133; x_wconf 88' lang='lat' dir='ltr'><strong>i</strong></span> <span class='ocrx_word' id='word_1_117' title='bbox 962 2073 1063 2156; x_wconf 91' lang='lat' dir='ltr'><strong>posita</strong></span> <span class='ocrx_word' id='word_1_118' title='bbox 1095 2072 1134 2136; x_wconf 87' lang='lat' dir='ltr'><strong>de</strong></span> <span class='ocrx_word' id='word_1_119' title='bbox 1156 2088 1273 2154; x_wconf 85' lang='lat' dir='ltr'><strong>corpore</strong></span> 
     </span>
     <span class='ocr_line' id='line_1_18' title="bbox 213 2172 1273 2261; baseline -0.003 -19"><span class='ocrx_word' id='word_1_120' title='bbox 213 2180 304 2242; x_wconf 84' lang='lat' dir='ltr'><strong>terrae</strong></span> <span class='ocrx_word' id='word_1_121' title='bbox 336 2179 470 2243; x_wconf 85' lang='lat' dir='ltr'><strong>hurn&#39;ano</strong></span> <span class='ocrx_word' id='word_1_122' title='bbox 505 2172 625 2261; x_wconf 83' lang='lat' dir='ltr'><strong>corpori</strong></span> <span class='ocrx_word' id='word_1_123' title='bbox 647 2176 742 2242; x_wconf 89' lang='lat' dir='ltr'><strong>simili</strong></span> <span class='ocrx_word' id='word_1_124' title='bbox 764 2179 796 2241; x_wconf 91' lang='lat' dir='ltr'><strong>ct</strong></span> <span class='ocrx_word' id='word_1_125' title='bbox 816 2176 855 2241; x_wconf 90' lang='lat' dir='ltr'><strong>de</strong></span> <span class='ocrx_word' id='word_1_126' title='bbox 876 2178 993 2253; x_wconf 79' lang='lat' dir='ltr'><strong>centis,</strong></span> <span class='ocrx_word' id='word_1_127' title='bbox 1038 2197 1137 2261; x_wconf 88' lang='lat' dir='ltr'><strong>quos</strong></span> <span class='ocrx_word' id='word_1_128' title='bbox 1174 2176 1273 2241; x_wconf 90' lang='lat' dir='ltr'><strong>nihil</strong></span> 
     </span>
     <span class='ocr_line' id='line_1_19' title="bbox 213 2283 1274 2368; baseline -0.003 -19"><span class='ocrx_word' id='word_1_129' title='bbox 213 2285 324 2349; x_wconf 87' lang='lat' dir='ltr'><strong>alind</strong></span> <span class='ocrx_word' id='word_1_130' title='bbox 357 2285 585 2367; x_wconf 88' lang='lat' dir='ltr'><strong>quisquam</strong></span> <span class='ocrx_word' id='word_1_131' title='bbox 613 2283 781 2348; x_wconf 89' lang='lat' dir='ltr'><strong>animam</strong></span> <span class='ocrx_word' id='word_1_132' title='bbox 812 2284 1030 2359; x_wconf 84' lang='lat' dir='ltr'><strong>vocaverit,</strong></span> <span class='ocrx_word' id='word_1_133' title='bbox 1059 2288 1216 2368; x_wconf 80' lang='lat' dir='ltr'><strong>cavetque,</strong></span> <span class='ocrx_word' id='word_1_134' title='bbox 1237 2300 1274 2347; x_wconf 90' lang='lat' dir='ltr'><strong>ne</strong></span> 
     </span>
     <span class='ocr_line' id='line_1_20' title="bbox 213 2388 1273 2472; baseline -0.003 -17"><span class='ocrx_word' id='word_1_135' title='bbox 213 2409 432 2455; x_wconf 77' lang='lat' dir='ltr'><strong>caereorum</strong></span> <span class='ocrx_word' id='word_1_136' title='bbox 456 2389 577 2453; x_wconf 89' lang='lat' dir='ltr'><strong>decreto</strong></span> <span class='ocrx_word' id='word_1_137' title='bbox 610 2390 643 2454; x_wconf 92' lang='lat' dir='ltr'><strong>et</strong></span> <span class='ocrx_word' id='word_1_138' title='bbox 669 2388 709 2453; x_wconf 94' lang='lat' dir='ltr'><strong>ad</strong></span> <span class='ocrx_word' id='word_1_139' title='bbox 738 2407 844 2454; x_wconf 90' lang='lat' dir='ltr'><strong>eorum</strong></span> <span class='ocrx_word' id='word_1_140' title='bbox 871 2388 994 2454; x_wconf 90' lang='lat' dir='ltr'><strong>modum</strong></span> <span class='ocrx_word' id='word_1_141' title='bbox 1017 2389 1106 2455; x_wconf 90' lang='lat' dir='ltr'><strong>dieta</strong></span> <span class='ocrx_word' id='word_1_142' title='bbox 1123 2390 1273 2472; x_wconf 87' lang='lat' dir='ltr'><strong>accipian-</strong></span> 
     </span>
     <span class='ocr_line' id='line_1_21' title="bbox 212 2494 1272 2578; baseline -0.001 -20"><span class='ocrx_word' id='word_1_143' title='bbox 212 2497 273 2571; x_wconf 88' lang='lat' dir='ltr'><strong>tur,</strong></span> <span class='ocrx_word' id='word_1_144' title='bbox 295 2496 347 2578; x_wconf 93' lang='lat' dir='ltr'><strong>qui</strong></span> <span class='ocrx_word' id='word_1_145' title='bbox 370 2500 483 2560; x_wconf 86' lang='lat' dir='ltr'><strong>terram</strong></span> <span class='ocrx_word' id='word_1_146' title='bbox 513 2495 628 2559; x_wconf 89' lang='lat' dir='ltr'><strong>animal</strong></span> <span class='ocrx_word' id='word_1_147' title='bbox 651 2514 718 2560; x_wconf 90' lang='lat' dir='ltr'><strong>esse</strong></span> <span class='ocrx_word' id='word_1_148' title='bbox 740 2496 863 2578; x_wconf 89' lang='lat' dir='ltr'><strong>putent;</strong></span> <span class='ocrx_word' id='word_1_149' title='bbox 900 2494 970 2559; x_wconf 90' lang='lat' dir='ltr'><strong>inde</strong></span> <span class='ocrx_word' id='word_1_150' title='bbox 993 2495 1075 2559; x_wconf 93' lang='lat' dir='ltr'><strong>enim</strong></span> <span class='ocrx_word' id='word_1_151' title='bbox 1099 2498 1272 2568; x_wconf 85' lang='lat' dir='ltr'><strong>secuturum</strong></span> 
     </span>
     <span class='ocr_line' id='line_1_22' title="bbox 213 2600 1275 2683; baseline -0.003 -16"><span class='ocrx_word' id='word_1_152' title='bbox 213 2621 290 2679; x_wconf 91' lang='lat' dir='ltr'><strong>esse,</strong></span> <span class='ocrx_word' id='word_1_153' title='bbox 319 2603 355 2666; x_wconf 92' lang='lat' dir='ltr'><strong>nt</strong></span> <span class='ocrx_word' id='word_1_154' title='bbox 375 2603 440 2665; x_wconf 91' lang='lat' dir='ltr'><strong>tota</strong></span> <span class='ocrx_word' id='word_1_155' title='bbox 464 2602 548 2665; x_wconf 88' lang='lat' dir='ltr'><strong>terra</strong></span> <span class='ocrx_word' id='word_1_156' title='bbox 569 2603 702 2678; x_wconf 80' lang='lat' dir='ltr'><strong>vexetur,</strong></span> <span class='ocrx_word' id='word_1_157' title='bbox 725 2620 794 2675; x_wconf 88' lang='lat' dir='ltr'><strong>non,</strong></span> <span class='ocrx_word' id='word_1_158' title='bbox 818 2600 898 2683; x_wconf 92' lang='lat' dir='ltr'><strong>qnod</strong></span> <span class='ocrx_word' id='word_1_159' title='bbox 921 2618 1029 2683; x_wconf 84' lang='lat' dir='ltr'><strong>reapse</strong></span> <span class='ocrx_word' id='word_1_160' title='bbox 1050 2600 1116 2674; x_wconf 83' lang='lat' dir='ltr'><strong>fiat,</strong></span> <span class='ocrx_word' id='word_1_161' title='bbox 1139 2601 1275 2681; x_wconf 57' lang='lat' dir='ltr'><strong>tantum,</strong></span> 
     </span>
     <span class='ocr_line' id='line_1_23' title="bbox 212 2706 1273 2800; baseline -0.003 -28"><span class='ocrx_word' id='word_1_162' title='bbox 212 2708 302 2772; x_wconf 90' lang='lat' dir='ltr'><strong>modo</strong></span> <span class='ocrx_word' id='word_1_163' title='bbox 335 2725 415 2788; x_wconf 89' lang='lat' dir='ltr'><strong>pars.</strong></span> <span class='ocrx_word' id='word_1_164' title='bbox 467 2706 575 2789; x_wconf 89' lang='lat' dir='ltr'><strong>Itaque</strong></span> <span class='ocrx_word' id='word_1_165' title='bbox 609 2706 640 2771; x_wconf 91' lang='lat' dir='ltr'><strong>in</strong></span> <span class='ocrx_word' id='word_1_166' title='bbox 670 2724 740 2800; x_wconf 22' lang='lat' dir='ltr'><strong>,una</strong></span> <span class='ocrx_word' id='word_1_167' title='bbox 769 2706 874 2770; x_wconf 88' lang='lat' dir='ltr'><strong>littera</strong></span> <span class='ocrx_word' id='word_1_168' title='bbox 908 2706 1081 2771; x_wconf 90' lang='lat' dir='ltr'><strong>aberratum</strong></span> <span class='ocrx_word' id='word_1_169' title='bbox 1117 2710 1175 2785; x_wconf 87' lang='lat' dir='ltr'><strong>est,</strong></span> <span class='ocrx_word' id='word_1_170' title='bbox 1208 2723 1273 2770; x_wconf 90' lang='lat' dir='ltr'><strong>cnm</strong></span> 
     </span>
     <span class='ocr_line' id='line_1_24' title="bbox 213 2811 1276 2894; baseline -0.001 -18"><span class='ocrx_word' id='word_1_171' title='bbox 213 2812 329 2877; x_wconf 85' lang='lat' dir='ltr'><strong>Seneca</strong></span> <span class='ocrx_word' id='word_1_172' title='bbox 355 2811 524 2893; x_wconf 87' lang='lat' dir='ltr'><strong>posuisset:</strong></span> <span class='ocrx_word' id='word_1_173' title='bbox 559 2814 599 2876; x_wconf 90' lang='lat' dir='ltr'><strong>et</strong></span> <span class='ocrx_word' id='word_1_174' title='bbox 632 2813 849 2894; x_wconf 87' lang='lat' dir='ltr'><strong>quassante</strong></span> <span class='ocrx_word' id='word_1_175' title='bbox 884 2830 1007 2875; x_wconf 83' lang='lat' dir='ltr'><strong>venas</strong></span> <span class='ocrx_word' id='word_1_176' title='bbox 1039 2831 1146 2880; x_wconf 89' lang='lat' dir='ltr'><strong>snas.</strong></span> <span class='ocrx_word' id='word_1_177' title='bbox 1198 2812 1276 2877; x_wconf 90' lang='lat' dir='ltr'><strong>Nec</strong></span> 
     </span>
     <span class='ocr_line' id='line_1_25' title="bbox 150 2915 1275 2999; baseline -0.002 -17"><span class='ocrx_word' id='word_1_178' title='bbox 150 2922 159 2927; x_wconf 81' lang='grc'><em>”</em></span> <span class='ocrx_word' id='word_1_179' title='bbox 212 2918 255 2982; x_wconf 92' lang='lat' dir='ltr'><strong>nt</strong></span> <span class='ocrx_word' id='word_1_180' title='bbox 295 2915 362 2981; x_wconf 93' lang='lat' dir='ltr'><strong>illi</strong></span> <span class='ocrx_word' id='word_1_181' title='bbox 405 2917 517 2999; x_wconf 86' lang='lat' dir='ltr'><strong>paulo</strong></span> <span class='ocrx_word' id='word_1_182' title='bbox 561 2918 651 2982; x_wconf 88' lang='lat' dir='ltr'><strong>ante</strong></span> <span class='ocrx_word' id='word_1_183' title='bbox 694 2916 886 2998; x_wconf 83' lang='lat' dir='ltr'><strong>dicebam,</strong></span> <span class='ocrx_word' id='word_1_184' title='bbox 935 2916 1081 2999; x_wconf 89' lang='lat' dir='ltr'><strong>quibus</strong></span> <span class='ocrx_word' id='word_1_185' title='bbox 1127 2915 1275 2983; x_wconf 86' lang='lat' dir='ltr'><strong>animal¹</strong></span> 
     </span>
     <span class='ocr_line' id='line_1_26' title="bbox 211 3022 1274 3105; baseline -0.002 -18"><span class='ocrx_word' id='word_1_186' title='bbox 211 3022 350 3105; x_wconf 90' lang='lat' dir='ltr'><strong>placet</strong></span> <span class='ocrx_word' id='word_1_187' title='bbox 371 3039 460 3087; x_wconf 88' lang='lat' dir='ltr'><strong>esse</strong></span> <span class='ocrx_word' id='word_1_188' title='bbox 483 3023 652 3099; x_wconf 88' lang='lat' dir='ltr'><strong>terram;</strong></span> <span class='ocrx_word' id='word_1_189' title='bbox 674 3041 777 3096; x_wconf 88' lang='lat' dir='ltr'><strong>nam,</strong></span> <span class='ocrx_word' id='word_1_190' title='bbox 798 3022 829 3086; x_wconf 96' lang='lat' dir='ltr'><strong>si</strong></span> <span class='ocrx_word' id='word_1_191' title='bbox 852 3027 912 3087; x_wconf 89' lang='lat' dir='ltr'><strong>cet.</strong></span> <span class='ocrx_word' id='word_1_192' title='bbox 953 3022 1067 3087; x_wconf 81' lang='lat' dir='ltr'><strong>Eodem</strong></span> <span class='ocrx_word' id='word_1_193' title='bbox 1091 3024 1183 3089; x_wconf 90' lang='lat' dir='ltr'><strong>modo</strong></span> <span class='ocrx_word' id='word_1_194' title='bbox 1205 3023 1274 3101; x_wconf 84' lang='lat' dir='ltr'><strong>Vll,</strong></span> 
     </span>
     <span class='ocr_line' id='line_1_27' title="bbox 213 3126 1275 3209; baseline 0 -20"><span class='ocrx_word' id='word_1_195' title='bbox 213 3127 251 3206; x_wconf 76' lang='lat'><strong>9,</strong></span> <span class='ocrx_word' id='word_1_196' title='bbox 287 3126 433 3201; x_wconf 74' lang='lat' dir='ltr'><strong>aetas,</strong></span> <span class='ocrx_word' id='word_1_197' title='bbox 457 3127 477 3189; x_wconf 90' lang='lat'><strong>3</strong></span> <span class='ocrx_word' id='word_1_198' title='bbox 502 3128 625 3209; x_wconf 91' lang='lat' dir='ltr'><strong>ponitur</strong></span> <span class='ocrx_word' id='word_1_199' title='bbox 657 3128 840 3193; x_wconf 88' lang='lat' dir='ltr'><strong>dicebam</strong></span> <span class='ocrx_word' id='word_1_200' title='bbox 871 3129 991 3193; x_wconf 88' lang='lat' dir='ltr'><strong>modo.</strong></span> <span class='ocrx_word' id='word_1_201' title='bbox 1037 3130 1112 3206; x_wconf 87' lang='lat' dir='ltr'><strong>(Pro</strong></span> <span class='ocrx_word' id='word_1_202' title='bbox 1135 3126 1275 3193; x_wconf 89' lang='lat' dir='ltr'><strong>namsi</strong></span> 
     </span>
     <span class='ocr_line' id='line_1_28' title="bbox 214 3231 1276 3315; baseline 0 -19"><span class='ocrx_word' id='word_1_203' title='bbox 214 3233 335 3298; x_wconf 88' lang='lat' dir='ltr'><strong>codices</strong></span> <span class='ocrx_word' id='word_1_204' title='bbox 368 3231 460 3297; x_wconf 87' lang='lat' dir='ltr'><strong>nisi.</strong></span> <span class='ocrx_word' id='word_1_205' title='bbox 514 3232 657 3299; x_wconf 84' lang='lat' dir='ltr'><strong>Fortasse</strong></span> <span class='ocrx_word' id='word_1_206' title='bbox 689 3232 804 3298; x_wconf 86' lang='lat' dir='ltr'><strong>Seneca</strong></span> <span class='ocrx_word' id='word_1_207' title='bbox 833 3233 997 3315; x_wconf 82' lang='lat' dir='ltr'><strong>scripserat</strong></span> <span class='ocrx_word' id='word_1_208' title='bbox 1018 3235 1160 3298; x_wconf 89' lang='lat' dir='ltr'><strong>tantum:</strong></span> <span class='ocrx_word' id='word_1_209' title='bbox 1194 3238 1276 3298; x_wconf 90' lang='lat' dir='ltr'><strong>ter·</strong></span> 
     </span>
     <span class='ocr_line' id='line_1_29' title="bbox 212 3338 1277 3421; baseline -0.001 -19"><span class='ocrx_word' id='word_1_210' title='bbox 212 3357 308 3413; x_wconf 81' lang='lat' dir='ltr'><strong>ram3</strong></span> <span class='ocrx_word' id='word_1_211' title='bbox 344 3338 378 3402; x_wconf 90' lang='lat' dir='ltr'><strong>si</strong></span> <span class='ocrx_word' id='word_1_212' title='bbox 400 3339 473 3402; x_wconf 90' lang='lat' dir='ltr'><strong>hoc</strong></span> <span class='ocrx_word' id='word_1_213' title='bbox 498 3338 578 3413; x_wconf 87' lang='lat' dir='ltr'><strong>est,</strong></span> <span class='ocrx_word' id='word_1_214' title='bbox 610 3342 680 3419; x_wconf 86' lang='lat' dir='ltr'><strong>cet.)</strong></span> <span class='ocrx_word' id='word_1_215' title='bbox 733 3340 768 3404; x_wconf 94' lang='lat' dir='ltr'><strong>In</strong></span> <span class='ocrx_word' id='word_1_216' title='bbox 790 3338 935 3421; x_wconf 83' lang='lat' dir='ltr'><strong>proximis</strong></span> <span class='ocrx_word' id='word_1_217' title='bbox 956 3338 1058 3403; x_wconf 86' lang='lat' dir='ltr'><strong>verbis</strong></span> <span class='ocrx_word' id='word_1_218' title='bbox 1080 3357 1189 3403; x_wconf 88' lang='lat' dir='ltr'><strong>verum</strong></span> <span class='ocrx_word' id='word_1_219' title='bbox 1211 3355 1277 3403; x_wconf 89' lang='lat' dir='ltr'><strong>csse</strong></span> 
     </span>
     <span class='ocr_line' id='line_1_30' title="bbox 213 3441 1279 3529; baseline 0.001 -21"><span class='ocrx_word' id='word_1_220' title='bbox 213 3462 271 3508; x_wconf 94' lang='lat' dir='ltr'><strong>non</strong></span> <span class='ocrx_word' id='word_1_221' title='bbox 293 3444 397 3527; x_wconf 90' lang='lat' dir='ltr'><strong>potest</strong></span> <span class='ocrx_word' id='word_1_222' title='bbox 417 3441 641 3508; x_wconf 88' lang='lat' dir='ltr'><strong>mordacius</strong></span> <span class='ocrx_word' id='word_1_223' title='bbox 674 3445 865 3529; x_wconf 89' lang='lat' dir='ltr'><strong>impellit;</strong></span> <span class='ocrx_word' id='word_1_224' title='bbox 895 3442 1085 3508; x_wconf 88' lang='lat' dir='ltr'><strong>desideratur</strong></span> <span class='ocrx_word' id='word_1_225' title='bbox 1107 3444 1203 3509; x_wconf 90' lang='lat' dir='ltr'><strong>ctiam</strong></span> <span class='ocrx_word' id='word_1_226' title='bbox 1225 3460 1279 3528; x_wconf 85' lang='lat' dir='ltr'><strong>ge-</strong></span> 
     </span>
     <span class='ocr_line' id='line_1_31' title="bbox 212 3546 1278 3632; baseline 0.001 -18"><span class='ocrx_word' id='word_1_227' title='bbox 212 3549 365 3614; x_wconf 88' lang='lat' dir='ltr'><strong>minatum</strong></span> <span class='ocrx_word' id='word_1_228' title='bbox 388 3548 499 3613; x_wconf 88' lang='lat' dir='ltr'><strong>alias.</strong></span> <span class='ocrx_word' id='word_1_229' title='bbox 543 3546 659 3630; x_wconf 91' lang='lat' dir='ltr'><strong>Opinor</strong></span> <span class='ocrx_word' id='word_1_230' title='bbox 679 3549 827 3632; x_wconf 88' lang='lat' dir='ltr'><strong>scripturn</strong></span> <span class='ocrx_word' id='word_1_231' title='bbox 849 3548 943 3614; x_wconf 88' lang='lat' dir='ltr'><strong>fuisse</strong></span> <span class='ocrx_word' id='word_1_232' title='bbox 966 3548 1004 3613; x_wconf 88' lang='lat' dir='ltr'><strong>ad</strong></span> <span class='ocrx_word' id='word_1_233' title='bbox 1026 3549 1107 3615; x_wconf 87' lang='lat' dir='ltr'><strong>hanc</strong></span> <span class='ocrx_word' id='word_1_234' title='bbox 1128 3550 1278 3615; x_wconf 83' lang='lat' dir='ltr'><strong>formam:</strong></span> 
     </span>
     <span class='ocr_line' id='line_1_32' title="bbox 212 3650 1282 3739; baseline 0.002 -20"><span class='ocrx_word' id='word_1_235' title='bbox 212 3655 345 3739; x_wconf 88' lang='lat' dir='ltr'><strong>Neque</strong></span> <span class='ocrx_word' id='word_1_236' title='bbox 368 3653 470 3719; x_wconf 91' lang='lat' dir='ltr'><strong>enim</strong></span> <span class='ocrx_word' id='word_1_237' title='bbox 493 3654 529 3718; x_wconf 94' lang='lat' dir='ltr'><strong>in</strong></span> <span class='ocrx_word' id='word_1_238' title='bbox 552 3650 670 3718; x_wconf 88' lang='lat' dir='ltr'><strong>nobis</strong></span> <span class='ocrx_word' id='word_1_239' title='bbox 704 3653 831 3718; x_wconf 82' lang='lat' dir='ltr'><strong>febris</strong></span> <span class='ocrx_word' id='word_1_240' title='bbox 853 3654 959 3720; x_wconf 87' lang='lat' dir='ltr'><strong>alias</strong></span> <span class='ocrx_word' id='word_1_241' title='bbox 980 3658 1122 3739; x_wconf 89' lang='lat' dir='ltr'><strong>partes</strong></span> <span class='ocrx_word' id='word_1_242' title='bbox 1143 3656 1282 3721; x_wconf 87' lang='lat' dir='ltr'><strong>mo‘de·</strong></span> 
     </span>
     <span class='ocr_line' id='line_1_33' title="bbox 212 3757 1283 3845; baseline 0.001 -19"><span class='ocrx_word' id='word_1_243' title='bbox 212 3762 344 3828; x_wconf 88' lang='lat' dir='ltr'><strong>ratius</strong></span> <span class='ocrx_word' id='word_1_244' title='bbox 392 3757 490 3845; x_wconf 79' lang='lat' dir='ltr'><strong>[otiis]</strong></span> <span class='ocrx_word' id='word_1_245' title='bbox 538 3757 730 3842; x_wconf 89' lang='lat' dir='ltr'><strong>impellit.</strong></span> <span class='ocrx_word' id='word_1_246' title='bbox 789 3758 1041 3825; x_wconf 88' lang='lat' dir='ltr'><strong>Moderatins</strong></span> <span class='ocrx_word' id='word_1_247' title='bbox 1085 3763 1283 3844; x_wconf 88' lang='lat' dir='ltr'><strong>superiorum</strong></span> 
     </span>
     <span class='ocr_line' id='line_1_34' title="bbox 212 3868 446 3934; baseline -0.013 0"><span class='ocrx_word' id='word_1_248' title='bbox 212 3869 365 3934; x_wconf 89' lang='lat' dir='ltr'><strong>editorum</strong></span> <span class='ocrx_word' id='word_1_249' title='bbox 389 3868 446 3932; x_wconf 89' lang='lat' dir='ltr'><strong>est.</strong></span> 
     </span>
    </p>

    <p class='ocr_par' dir='ltr' id='par_1_4' title="bbox 211 3969 1287 4160">
     <span class='ocr_line' id='line_1_35' title="bbox 312 3969 1285 4049; baseline 0.002 -11"><span class='ocrx_word' id='word_1_250' title='bbox 312 3973 377 4038; x_wconf 89' lang='lat' dir='ltr'><strong>lbd.</strong></span> <span class='ocrx_word' id='word_1_251' title='bbox 412 3971 470 4041; x_wconf 88' lang='lat'><strong>19,</strong></span> <span class='ocrx_word' id='word_1_252' title='bbox 503 3971 539 4034; x_wconf 77' lang='lat'><strong>2:</strong></span> <span class='ocrx_word' id='word_1_253' title='bbox 583 3969 783 4049; x_wconf 84' lang='lat' dir='ltr'><strong>Quomodo</strong></span> <span class='ocrx_word' id='word_1_254' title='bbox 805 3989 889 4035; x_wconf 91' lang='lat' dir='ltr'><strong>curn</strong></span> <span class='ocrx_word' id='word_1_255' title='bbox 912 3971 952 4035; x_wconf 91' lang='lat' dir='ltr'><strong>in</strong></span> <span class='ocrx_word' id='word_1_256' title='bbox 975 3970 1082 4035; x_wconf 88' lang='lat' dir='ltr'><strong>dolio</strong></span> <span class='ocrx_word' id='word_1_257' title='bbox 1105 3977 1285 4040; x_wconf 88' lang='lat' dir='ltr'><strong>cantan-</strong></span> 
     </span>
     <span class='ocr_line' id='line_1_36' title="bbox 211 4076 1287 4160; baseline 0.007 -20"><span class='ocrx_word' id='word_1_258' title='bbox 211 4078 266 4143; x_wconf 91' lang='lat' dir='ltr'><strong>tis</strong></span> <span class='ocrx_word' id='word_1_259' title='bbox 289 4095 360 4142; x_wconf 85' lang='lat' dir='ltr'><strong>vox</strong></span> <span class='ocrx_word' id='word_1_260' title='bbox 380 4076 457 4141; x_wconf 89' lang='lat' dir='ltr'><strong>illa</strong></span> <span class='ocrx_word' id='word_1_261' title='bbox 477 4095 548 4157; x_wconf 89' lang='lat' dir='ltr'><strong>per</strong></span> <span class='ocrx_word' id='word_1_262' title='bbox 568 4078 695 4141; x_wconf 90' lang='lat' dir='ltr'><strong>totum</strong></span> <span class='ocrx_word' id='word_1_263' title='bbox 720 4094 807 4142; x_wconf 91' lang='lat' dir='ltr'><strong>cnm</strong></span> <span class='ocrx_word' id='word_1_264' title='bbox 830 4076 994 4160; x_wconf 90' lang='lat' dir='ltr'><strong>quadam</strong></span> <span class='ocrx_word' id='word_1_265' title='bbox 1018 4077 1287 4147; x_wconf 88' lang='lat' dir='ltr'><strong>discussione</strong></span> 
     </span>
    </p>
   </div>
   <div class='ocr_carea' id='block_1_3' title="bbox 0 0 1347 5062">
    <p class='ocr_par' dir='ltr' id='par_1_5' title="bbox 0 0 1347 5062">
     <span class='ocr_line' id='line_1_37' title="bbox 0 0 1347 5062; baseline 0 0"><span class='ocrx_word' id='word_1_266' title='bbox 0 0 1347 5062; x_wconf 95' lang='lat' dir='ltr'><strong> </strong></span> 
     </span>
    </p>
   </div>
  </div>
 </body>
</html>
