2580 5054
484 691 626 760 Sophoclis
644 692 723 747 Aiax.
934 692 939 703 ⁸
1068 692 1086 755 9

164 890 332 974 Δέχεσθσι
354 878 537 972 συμφοράν
559 886 636 951 nihil
650 891 697 953 est
712 889 771 954 nisi
785 889 901 955 malum
918 887 1082 955 admittere
1098 894 1136 953 et

62 990 221 1076 suscipere
247 992 517 1077 (quemadmodum
545 993 656 1059 Trach.
685 993 746 1058 376
778 995 891 1061 dicitur
917 994 1128 1081 εἰσδέχεσθαι

61 1093 229 1186 requerere
251 1091 472 1188 indempnem
495 1100 575 1184 quod
589 1100 647 1166 huc
661 1102 728 1167 loco
744 1100 914 1184 necessario
928 1101 1138 1186 significatur,.

60 1205 184 1273 Ulixem
205 1205 283 1271 nihil
305 1206 381 1271 mali
402 1206 551 1290 suspicari
573 1206 682 1272 debere
705 1205 766 1271 sibi
788 1225 824 1271 ex
847 1207 940 1274 Aiace
966 1208 1135 1287 oriturum.

61 1312 117 1378 illo
140 1312 232 1378 uerbo
254 1311 420 1396 significari
441 1312 556 1396 nequit.
600 1312 715 1396 Opiuor
736 1313 886 1395 seriptum
909 1313 1020 1381 luisse:
1119 1371 1136 1393 ,

163 1463 170 1480 .
194 1464 203 1483 .
226 1464 235 1483 .
256 1419 342 1504 μηδὲ
364 1415 546 1504 συμφσρᾰιι
568 1419 607 1485 τί
615 1426 698 1486 θσυ

162 1521 224 1591 τόν
247 1519 350 1609 ἄνδρ’.
400 1572 402 1575 .

213 1700 274 1762 404
296 1719 362 1785 sqq.
385 1703 429 1776 (in
453 1701 558 1766 Aiacis
580 1702 731 1785 querelal:

164 1819 297 1880 πεῖσις
319 1797 382 1872 οὖν
404 1798 515 1895 φύγῃς

163 1926 224 1978 root
244 1909 362 1997 μολσίιι
386 1915 499 1999 μενεῖς

164 2020 194 2084 εί
215 2015 258 2085 ‘tce'
280 2023 346 2105 μὲν
375 2021 507 2106 φθίσει,
535 2018 640 2105 φίλοι,
662 2011 767 2086 τοῖσδ’
788 2012 876 2104 ὁμοῦ
899 2021 1015 2096 πέλας,

162 2120 293 2210 μοίραις
315 2120 466 2214 δ’σίγραις
488 2126 737 2211 προσκείμεθα.
1047 2126 1055 2139 '

163 2288 294 2354 Versum
306 2291 367 2354 406
380 2295 556 2373 corruptum
568 2308 646 2368 esse,
659 2296 690 2355 et
701 2287 899 2354 menifestum
913 2291 961 2354 est
976 2291 1008 2354 et
1023 2309 1140 2356 omues.

60 2393 126 2460 fere
159 2396 379 2473 consentiuntr
414 2414 510 2480 neque
543 2397 647 2461 tamen
680 2397 843 2479 qnisquam
876 2396 1134 2479 animadvertisse

23 2521 27 2526 ·
61 2500 188 2566 videtur
208 2502 339 2584 primam
362 2502 465 2567 mendi
487 2503 592 2568 sedem
616 2501 649 2567 in
672 2503 763 2587 φίλοι
796 2520 871 2573 esse,
899 2502 951 2587 qui
974 2502 1141 2569 vocativus

63 2612 96 2673 et
117 2625 172 2688 per
193 2626 226 2673 se
247 2609 279 2673 in
301 2608 360 2673 hae
382 2608 519 2692 generali
540 2608 760 2691 conquestione
782 2611 814 2673 et
835 2609 999 2674 miserrimi
1029 2611 1140 2676 status

64 2711 270 2795 descriptione
295 2712 419 2797 ineptus
450 2719 507 2792 est,
541 2717 573 2780 et
605 2716 686 2796 quod
715 2715 793 2778 Aiax
815 2714 914 2779 solam
936 2716 1130 2782 Tecmessam

63 2817 242 2903 alloquitur.
286 2823 321 2887 ln
349 2821 447 2886 altero
474 2821 612 2887 membro
642 2813 761 2904 (τοῖσδ’
782 2846 810 2885 κ.
833 2845 862 2886 τ.
886 2821 928 2895 λ.)
951 2821 1049 2888 latere
1071 2822 1134 2889 eli-

62 2926 147 3009 quid,
181 2927 263 3010 quod
295 2927 444 3011 superiori
477 2931 507 2993 el
539 2921 581 2993 τσί
610 2932 675 3011 μὲν
708 2927 829 3012 φθίσει
863 2929 1048 2993 eontrarium
1082 2931 1143 3008 sit,v

63 3032 240 3100 Diudorliue
277 3035 389 3114 sensit,
425 3034 479 3100 sed
514 3032 613 3109 elnac,
651 3035 734 3116 qued
768 3053 823 3116 pro
859 3046 933 3100 τσῑσ
970 3034 1136 3100 substituit

62 3137 166 3219 (τίσις
188 3133 241 3221 δ’),
274 3143 306 3206 et
337 3160 355 3206 a
388 3140 502 3207 litteris
524 3141 645 3226 longius
666 3141 783 3206 recedit
806 3142 838 3206 et
859 3140 1015 3206 notionem
1036 3138 1140 3204 habet·

63 3246 168 3312 miuus
190 3247 262 3313 huie
281 3249 348 3313 loco
370 3250 490 3330 aptem;
518 3246 597 3312 illud
619 3245 813 3313 Dindorfium
835 3266 955 3331 quoque
977 3246 1058 3330 legit
1079 3248 1135 3311 aut

62 3372 124 3419 uon
158 3353 233 3420 satis
265 3354 439 3430 commouit
473 3354 553 3435 quod
586 3348 627 3420 ια’
660 3358 726 3439 μὲν
758 3353 851 3419 nimis
880 3352 1000 3419 infinite
1022 3351 1139 3418 dicitur

64 3459 220 3547 (quadam
252 3459 400 3535 interire).
453 3461 561 3542 Itaque
594 3460 717 3526 initium
753 3459 979 3526 emendationis
1012 3464 1069 3539 est,
1100 3461 1145 3523 ut⁴

61 3567 179 3632 rectius
199 3568 348 3651 separatis
368 3566 483 3632 litteris
506 3568 674 3634 scribatur:
697 3569 728 3633 εἰ
750 3560 792 3634 ια’
808 3571 873 3652 μὲν
896 3565 1028 3653 φθίσει,
1052 3558 1140 3653 φίλ’

64 3672 108 3751 (si
130 3691 197 3754 quae
219 3675 344 3739 caract
375 3673 474 3738 amica
505 3678 588 3751 sunt,
621 3677 780 3758 pereunt);
815 3671 926 3739 deinde
963 3674 1133 3739 coniunctis

62 3778 180 3845 rectius
201 3778 315 3844 litteris
336 3798 455 3864 unaque
471 3780 575 3846 deleta
589 3780 729 3859 efficitur,
749 3777 830 3863 qnod
846 3780 941 3844 etiam
957 3779 1141 3846 Dindorlius

62 3886 231 3970 querebat,
263 3886 391 3951 alterius
414 3887 542 3951 membri
565 3886 756 3952 subiectum:
791 3885 909 3959 σίτσς
943 3878 981 3952 θ’.
1038 3885 1144 3951 Totus

60 3991 162 4078 igilur
183 4011 289 4059 versus
312 3991 355 4057 sic
377 3992 556 4057 scribendus
579 3998 642 4058 est:

167 4124 198 4188 εἰ
219 4117 260 4188 aa*
282 4123 347 4205 μὲν
370 4121 499 4206 φθίνει,
523 4113 615 4207 φίλ’,
638 4121 759 4195 elnon
781 4113 900 4205 δ’όμσύ
924 4123 1037 4197 πέλας.

216 4277 278 4342 496
300 4298 365 4364 sqq.
409 4280 573 4347 Tecmessa
593 4282 637 4346 sic
658 4281 808 4364 loquitur:

166 4394 189 4498 ᾔ
209 4403 275 4494 γάρ
299 4404 413 4498 θσίτῃς
435 4406 479 4477 στί
501 4411 556 4477 καί
579 4405 783 4496 τελευτήσας
804 4403 907 4498 σ’φῂς,

168 4508 275 4606 ταύτῃ
298 4509 415 4601 νόμιζε
438 4510 524 4602 adol
545 4518 588 4605 τῇ
610 4509 688 4602 τόθ’
710 4510 820 4604 ἡμέρᾳ
