2678 5016
225 305 285 367 142
579 305 637 360 Lib.
651 304 698 360 VI.
712 305 776 375 Cap.
789 305 843 360 111.

282 505 349 571 Lib.
384 503 434 577 IV,
470 504 530 564 174
554 523 622 587 sqq.
667 502 836 585 Postquam
859 502 968 584 hospes
990 503 1179 587 Argonautis
1214 504 1247 569 in

180 611 284 678 littore
308 609 458 693 Bebrycio
491 609 612 674 oblatus
646 628 698 674 eos
731 607 908 672 dehortatus
940 609 997 685 est,
1018 627 1057 673 ne
1090 610 1247 694 Ampcnm

180 721 329 800 peterent,
352 719 396 783 sie
418 716 569 801 pergitur:

316 824 392 888 Haeo
413 822 466 887 ubi
488 840 548 886 non
572 821 636 885 ulla
657 819 784 884 invenes
808 818 968 884 formidine
990 820 1067 884 moti

316 930 480 1010 accipiunt,
504 927 586 992 dolet
608 928 641 990 01
661 925 737 990 dura
759 926 803 989 sic
824 942 950 1007 porgere
972 928 1087 1003 mente,

316 1036 404 1118 terga
425 1033 510 1115 sequi
533 1050 737 1114 properosque
758 1031 844 1094 iuhet
866 1030 1050 1115 coniungere
1071 1048 1206 1114 gressus.

280 1139 330 1202 lta
350 1139 433 1203 enim
462 1137 526 1202 haec
554 1136 674 1202 codices
708 1137 823 1219 scripta
845 1136 968 1202 hahent.
1029 1136 1169 1200 Primum
1191 1155 1246 1219 ap-

180 1245 269 1325 paret
290 1243 335 1321 (in
357 1264 416 1327 quo
440 1245 508 1327 post
529 1242 606 1308 alios
626 1242 714 1307 Thilo
737 1242 900 1316 aberravit,
930 1245 999 1333 post
1019 1262 1046 1305 r.
1073 1241 1132 1303 175
1155 1242 1247 1324 plene

179 1350 421 1434 interpungens),
454 1369 483 1414 v.
518 1348 577 1410 176
610 1347 758 1411 contineri
784 1347 931 1428 apodosin
963 1351 1105 1429 recteque
1127 1347 1246 1412 narrari

179 1456 347 1536 hospitem,
382 1458 543 1538 postquam
582 1453 659 1517 nihil
695 1451 883 1517 dehortando
913 1453 1017 1536 profici
1049 1452 1246 1529 intellexerit,

179 1560 353 1643 praecedere
383 1561 439 1626 viae
474 1560 583 1624 ducem
615 1562 792 1639 ceterosque
824 1558 930 1623 iubere
963 1578 997 1624 ee
1029 1577 1106 1641 pone
1146 1559 1244 1641 sequi.

179 1665 217 1729 In
250 1686 277 1731 v.
310 1666 380 1745 175,
411 1667 443 1730 in
476 1685 534 1748 quo
562 1664 723 1729 infeliciter
747 1663 836 1728 Thilo
869 1664 1081 1728 Burmannum
1119 1666 1245 1729 secutus

179 1781 238 1833 0101
260 1792 313 1855 pro
334 1774 377 1834 sie
399 1772 530 1855 scripsit,
555 1771 749 1835 vitiosissime
783 1769 862 1832 dolet
890 1769 929 1834 ad
960 1769 1114 1853 hospitem
1136 1770 1243 1842 relato,

179 1887 238 1939 rtet
271 1877 309 1940 ad
334 1878 540 1961 Argonautas,
563 1877 703 1960 quoniam
731 1876 906 1941 huiusmodi
928 1875 1098 1941 sententia:
1123 1875 1244 1955 „videt

180 2001 239 2064 que
262 2001 314 2048 eos
336 1984 413 2047 dura
433 1985 536 2046 mente
558 1986 704 2066 pergere“
728 2002 825 2065 neque
847 1982 936 2048 facile
959 1980 1136 2065 corrigendo
1164 1981 1245 2046 effici

180 2090 284 2171 potest
320 2091 351 2154 et
372 2089 517 2173 ignavam
551 2087 645 2152 habet
676 2088 891 2171 repetitionem
914 2087 992 2163 eius,
1023 2086 1103 2170 quod
1129 2105 1157 2150 v.
1183 2086 1244 2148 174

180 2192 297 2259 dictum
323 2197 380 2272 est,
400 2195 533 2260 adhaec
549 2194 728 2263 deducimur
750 2193 972 2259 emendationis
993 2193 1139 2269 formam,
1160 2191 1244 2258 viam

179 2301 370 2366 monstrante
391 2300 485 2366 etiam
508 2300 655 2365 mendoso
676 2299 729 2364 illo
751 2299 810 2363 sic:

278 2407 354 2471 Haec
377 2386 428 2471 uhi
450 2425 508 2470 non
529 2406 593 2470 ulla
614 2407 738 2470 iuvenes
759 2403 924 2470 formidine
949 2404 1024 2469 mot'

279 2512 442 2595 accipiunt,
464 2509 573 2573 uellent
596 2510 672 2574 dura
693 2510 721 2571 si
743 2528 870 2593 pergere
894 2512 1006 2587 mente,

280 2620 368 2700 terga
389 2615 476 2699 sequi
498 2634 701 2698 properosque
727 2615 813 2680 iubet
837 2614 1018 2698 coniungere
1039 2635 1172 2699 gressus.
1276 2660 1283 2667 a

277 2721 396 2805 Neque
419 2723 500 2787 enim
534 2720 642 2783 uellent
674 2740 743 2786 cum
774 2721 916 2805 praesenti
946 2720 1092 2786 historico
1127 2719 1240 2801 (iubet)

178 2827 372 2891 coniunctum
420 2828 486 2892 iure
528 2828 667 2893 offendat.
726 2827 760 2892 Si
796 2829 862 2911 quis
898 2831 1003 2892 tamen
1039 2826 1162 2910 propius
1202 2826 1242 2891 ad

177 2931 360 3014 scripturam
383 2932 523 2998 codicum
547 2933 641 3012 (dolet
661 2937 702 3017 et)
716 2935 851 3010 accedet,
872 2934 1003 2999 libenter
1022 2933 1139 2999 cedam.

276 3037 344 3102 lbd.
376 3038 429 3101 181
464 3059 543 3122 sqq,
576 3040 629 3105 ubi
658 3039 839 3104 describitur
871 3038 968 3105 soedus
1005 3041 1148 3122 aspectus
1179 3036 1242 3104 loci

175 3148 247 3209 ante
269 3144 445 3225 speluncam
468 3145 589 3229 Amyci,
612 3145 677 3209 haec
698 3146 857 3229 leguntur:

528 3251 599 3316 hinc
620 3253 714 3328 (recte
735 3249 807 3313 Ald.
830 3249 893 3332 hic)
917 3252 1026 3315 tmnca
1048 3249 1156 3315 rotatis

311 3357 435 3422 brachia
458 3357 547 3440 rapta
570 3356 644 3422 viris
666 3356 832 3438 strictoque
854 3356 1019 3420 immortua
1040 3356 1136 3421 caestu

312 3481 442 3546 ossaque
464 3465 555 3528 taetra
577 3462 640 3527 situ
661 3463 693 3527 et
714 3463 849 3546 capitum
870 3463 1085 3528 maestissimus
1107 3461 1193 3540 ordo,

311 3569 458 3652 respicias
480 3569 591 3651 quibus
615 3567 743 3633 adverso
765 3568 822 3632 sub
845 3569 969 3633 vulnere
991 3567 1075 3632 nulla

306 3674 369 3739 iam
390 3675 486 3741 iacies
509 3695 565 3741 nec
588 3693 698 3741 nomen
720 3674 808 3754 erat,

172 3776 204 3842 in
239 3778 349 3861 quibus
379 3781 541 3847 manifesto
572 3782 746 3863 corruptum
779 3781 828 3845 est
854 3780 1008 3865 respicias.
1051 3780 1135 3844 Nam
1156 3777 1238 3861 quod

173 3901 314 3949 enarrare
335 3889 484 3951 conantur
505 3887 533 3949 si
552 3886 711 3970 respicias,
745 3887 781 3950 ut
801 3887 952 3962 omittam,
990 3904 1082 3968 quam
1103 3884 1238 3950 inaniter

50 4052 52 4057 .
170 3990 229 4057 hoe
265 3990 406 4070 addatur,
439 4011 531 4074 quam
564 4011 692 4074 pravum
727 3993 768 4058 sit
802 3992 985 4076 respiciendi
1004 3992 1132 4057 verbum
1170 3997 1237 4073 (pro

169 4096 373 4180 tropicieodrl,
410 4117 502 4179 quam
525 4116 584 4162 non
606 4098 677 4162 huic
699 4098 886 4165 condicionis
908 4099 1051 4183 ellipticae
1073 4099 1181 4165 formae
1203 4096 1236 4162 in
