2662 5062
224 304 300 403 ¹412
594 305 653 362 Lib.
663 305 740 362 vm.
748 305 872 376 Capill.

197 508 327 574 formam
363 505 564 581 transeunte).
618 503 689 568 Nun
722 502 869 586 profunde
900 501 980 567 latet
1006 503 1132 571 uerum:
1170 527 1273 592 aegrc

197 612 417 685 ministrat,
438 632 502 672 rue
523 609 607 675 eius
628 609 764 674 labore
785 626 931 673 summe
953 609 1058 677 colit.
1070 612 1097 691 ¹)

298 715 362 781 Ibd
386 715 436 790 28,
471 712 491 777 3
514 715 599 797 (post
619 713 774 798 egregiam
797 715 967 779 etcertum
990 713 1139 783 Salmasii
1163 736 1271 783 ernen-

199 822 370 887 daticnem:
404 820 620 902 ubicunque
642 837 778 884 nomen
799 818 963 887 illustre
985 818 1153 902 defecit,
1192 821 1271 887 illc

198 927 310 992 deum
332 918 567 1002 infulciunt,
590 923 676 990 cuius
698 924 885 1009 prestante
899 925 939 990 'et
959 924 1101 991 facilitati
1113 927 1269 993 Haasium

198 1051 319 1116 quoque
351 1050 441 1098 suurn
473 1029 551 1094 illud
581 1030 676 1095 verba
705 1027 883 1095 infulcieudi
906 1030 1070 1097 artificium
1085 1033 1269 1114 ’praetulisse

200 1138 344 1215 mirarer,
376 1136 435 1200 nisi
467 1154 553 1219 paeue
584 1135 734 1200 desissem
762 1133 881 1207 mirari)
909 1135 954 1201 sic
981 1137 1078 1202 oratio
1106 1138 1269 1221 interpun-

199 1241 300 1327 genda
321 1242 379 1315 est,
401 1243 436 1306 ut
457 1238 530 1306 clim
545 1239 608 1306 fere
620 1241 662 1318 (in
675 1240 723 1305 ed.
740 1239 821 1302 1672
833 1240 1052 1322 etBipuutiua)
1065 1241 1269 1326 interpunge-

198 1347 306 1411 batur:
350 1345 548 1410 Neminem
571 1344 810 1428 despexeris,
841 1344 1001 1409 etiarnsi
1030 1344 1137 1410 eirca
1158 1347 1268 1412 illum

200 1450 375 1516 obsoleta
399 1452 488 1515 snut
508 1451 655 1516 nomina
671 1452 709 1515 et
725 1469 859 1533 parum
881 1449 1111 1535 indulgente
1135 1452 1269 1543 adiuta

198 1555 364 1620 fortuna.
408 1553 495 1620 Siue
527 1555 708 1621 libertini
741 1559 829 1622 ante
865 1574 929 1620 vus
960 1555 1158 1622 habentur
1189 1560 1268 1624 sive

200 1660 300 1726 servi
326 1707 391 1735 ...,
416 1660 557 1744 erigite
579 1661 763 1727 audacter
784 1661 931 1727 animus
953 1664 1011 1727 eet.

301 1765 367 1831 run.
391 1748 441 1844 aa,
466 1764 500 1830 3:
545 1757 605 1831 rra
635 1786 818 1850 nusquam
849 1766 1045 1831 beneficio
1080 1767 1268 1844 vincitur,

152 1876 158 1887 '
200 1870 308 1935 cuius
330 1871 560 1936 beneficium
583 1873 642 1940 esi
661 1871 801 1954 ipsum,
824 1871 921 1954 quod
942 1872 1120 1936 uincitur.
1169 1873 1266 1939 Scrib.

201 1997 272 2060 quo
294 1977 472 2043 vincitur.
918 2027 920 2032 .

300 2082 365 2147 Lib.
400 2082 459 2157 IV,
490 2082 524 2160 6,
556 2082 744 2163 lfuamfi,
768 2081 797 2144 ’3
818 2083 921 2147 nutavi
942 2083 958 2146 I
980 2085 1010 2166 p.
1033 2082 1087 2160 68)
1110 2100 1184 2165 pars
1206 2083 1268 2148 veri

201 2183 383 2273 simpliciter
416 2208 452 2253 ex
487 2188 605 2271 optimc
637 2188 741 2254 codiee
770 2187 904 2253 wuenda
930 2190 987 2263 est,
1016 2206 1108 2272 quam
1132 2187 1269 2252 nonnulli

200 2295 380 2372 tenuerunt,
412 2294 468 2360 sed
489 2295 529 2360 ad
546 2296 658 2360 'bium
681 2292 901 2376 expediendum
930 2293 1020 2359 unius
1043 2295 1194 2376 praeterea
1214 2296 1266 2362 lit·

200 2401 275 2464 terae
295 2417 379 2464 error
400 2400 555 2465 tollendus
577 2402 639 2475 est;
661 2418 734 2464 uam
758 2418 793 2464 er
814 2398 958 2464 histtot
979 2399 1142 2465 flumine
1165 2401 1267 2466 miri·

201 2504 285 2568 tera
318 2524 433 2587 super
468 2525 545 2589 quae
578 2505 789 2570 decurrunt
815 2505 895 2570 sola
927 2506 1267 2587 surumflvebeutia

201 2609 280 2688 (cod.
313 2601 631 2689 Nauliieri-debetz
669 2612 726 2675 tut
746 2603 921 2677 flumina
949 2610 1080 2675 emisit
1109 2632 1180 2695 per
1213 2632 1267 2688 ea,

201 2733 415 2799 superquae
438 2715 663 2793 decurrunt,
697 2717 778 2782 ecla
807 2701 936 2781 aurum
972 2713 1165 2782 vehentia.
1209 2716 1269 2782 Per

201 2837 328 2885 arenosa
349 2822 426 2900 sola,
449 2842 539 2906 super
560 2840 627 2906 quae
649 2820 777 2887 flumina
799 2821 985 2897 decurrunt,
1010 2840 1119 2888 aurum
1142 2824 1265 2889 vehunt.

301 2927 367 2993 Ibd.
401 2928 436 3003 8,
470 2930 485 2990 1
521 2928 586 3006 (ubi
625 2927 741 2992 Seneca
778 2921 948 3006 Stoicorum
983 2944 1069 2993 mure
1104 2928 1267 3013 allegorice

202 3031 274 3098 deos
308 3033 346 3097 ad
370 3036 487 3099 natura
515 3035 596 3100 vires
620 3036 652 3100 et
672 3034 776 3099 motus
800 3020 1042 3112 accommodatte
1087 3033 1268 3102 Liberum

200 3137 368 3217 patrem,
400 3139 487 3220 quia
518 3140 683 3206 crnuiunr
715 3156 853 3221 parens
881 3139 949 3216 eit,
979 3136 1075 3221 quod
1103 3139 1268 3220 primum

198 3381 400 3395 h———n—

228 3539 251 3605 ¹)
271 3541 336 3610 Cap.
354 3542 397 3603 26,
415 3541 433 3596 2
451 3540 606 3596 certissima
625 3530 806 3599 emendationi
832 3538 941 3594 Gruteri
964 3553 996 3593 ex
1025 3537 1114 3608 qued
1142 3538 1270 3595 &cientis

269 3631 350 3701 quoi
375 3631 475 3698 (eins,
503 3632 584 3701 quoi
609 3632 843 3687 nectebantur
872 3629 1025 3700 insidia)
1048 3631 1176 3700 imperite
1194 3632 1268 3686 oble·

228 3719 231 3723 ’
269 3724 362 3794 quitur
377 3719 535 3792 Fickertus,
553 3740 654 3796 negans
672 3741 701 3779 se
724 3724 807 3794 quui
834 3724 864 3778 iu
884 3722 989 3778 Seneca
1015 3714 1154 3778 codicibus
1169 3714 1268 3793 ¹reppe-

270 3817 345 3871 risse.
393 3816 465 3884 Ideo,
493 3816 572 3887 quod,
604 3833 657 3887 que
685 3820 804 3886 tempere
832 3817 918 3871 uestri
944 3815 1046 3871 codices
1073 3814 1170 3883 scripti
1194 3816 1267 3875 suut,

269 3908 386 3965 desitum
409 3912 466 3964 erat
494 3909 532 3963 sic
550 3909 646 3975 scribi,
673 3911 781 3981 tautum
806 3909 924 3979 vestigia
947 3910 1090 3981 supersunt
1113 3907 1143 3960 in
1163 3904 1267 3960 mendis

268 4000 331 4056 iude
348 4001 424 4068 ortis,
440 4017 498 4071 que
516 4018 568 4056 non
587 4017 670 4072 pauca
688 4001 858 4072 repperisset,
877 3999 901 4055 ei
917 3999 1108 4055 intellexisset.
1136 3997 1202 4054 vid.
1213 3997 1265 4054 vul.

269 4092 282 4146 1
300 4109 327 4163 p.
347 4096 398 4160 683
415 4092 448 4147 de
465 4096 573 4163 tranqn.
585 4109 629 4149 an.
647 4096 673 4159 8,
691 4096 716 4150 8.
