2656 5056
431 689 570 744 Ciceronis
589 690 736 745 orationes.
1017 690 1076 752 125

46 886 193 968 separatu
213 885 349 969 certique
373 886 494 971 generis
516 886 642 951 additur
664 886 820 969 exemplis.
876 886 938 953 Sed
960 885 1120 952 lenissima

46 990 239 1057 eoneetione
260 1009 309 1057 res
332 992 507 1074 expeditur:
530 992 621 1058 Cum
643 993 838 1075 exemplis
860 994 998 1057 uterer
1020 991 1119 1056 mul-

47 1096 106 1165 tis
122 1104 176 1176 (-
190 1098 241 1164 est
256 1097 341 1164 euim
363 1098 439 1163 ille
462 1100 634 1164 motoria
656 1097 945 1183 aequitatis-),
966 1116 984 1162 a
1006 1099 1119 1163 verbo

45 1209 88 1269 et
121 1205 166 1269 ab
198 1205 353 1287 scripto
386 1206 457 1296 oet.¹
499 1205 670 1287 Aptissime
700 1204 805 1270 Cicero
839 1205 993 1288 significet
1022 1223 1055 1269 se
1087 1205 1118 1269 in

47 1310 196 1392 aequitete
219 1309 409 1376 defendenda
437 1330 528 1376 usum
557 1328 624 1375 esse
652 1311 775 1394 propria
795 1311 888 1377 huius
909 1310 1031 1397 generis
1052 1327 1119 1374 me·

45 1418 138 1490 torio,
165 1435 234 1501 quae
263 1416 295 1480 in
324 1416 471 1499 exemplis
498 1417 597 1501 positu
625 1417 676 1484 sit.
724 1417 903 1484 Conferatur
929 1417 1017 1483 Brut.
1041 1415 1118 1480 143:

46 1541 136 1588 oum
165 1523 210 1587 de
240 1541 347 1606 aequo
370 1525 410 1587 et
430 1524 529 1588 bono
553 1521 840 1607 disputaretur
861 1528 1119 1609 argumento-

46 1649 132 1694 rum
156 1628 195 1693 et
216 1627 541 1694 similitudinum
563 1630 687 1711 eopia.
1107 1610 1110 1619 Δ

151 1794 229 1860 ibid.
253 1796 309 1861 95:
342 1796 433 1878 Ipse
466 1814 580 1878 porro
602 1796 756 1861 Caecino
783 1814 850 1860 our
872 1815 912 1861 se
941 1795 1120 1860 moribus

47 1901 199 1967 doduni
221 1902 400 1971 volebat,
428 1900 548 1985 idque
578 1900 657 1965 tibi
685 1902 729 1966 de
752 1900 965 1967 amicorum
991 1901 1035 1965 de
1058 1900 1120 1964 his

47 2007 96 2072 do
126 2006 286 2091 Aquilii
318 2008 526 2072 sententia
564 2008 834 2090 responderet
872 2009 911 2073 et
946 2008 1119 2090 aequum?

47 2116 102 2179 At
133 2114 235 2179 enim
274 2112 387 2179 Sulla
420 2112 547 2197 legem
581 2113 691 2178 tulit.
746 2112 844 2194 Quem
875 2113 1022 2180 mendosa
1053 2111 1119 2176 hoen

47 2219 126 2295 sint,
148 2219 224 2285 nihii
246 2240 321 2303 opus
344 2225 391 2285 est
420 2237 592 2306 coarguere,
625 2222 767 2302 quoniam
798 2221 930 2287 editores
962 2219 1055 2285 verbe
1076 2218 1120 2284 de

45 2326 115 2392 his
137 2326 372 2409 deAquilii,
396 2325 505 2390 deinde
527 2328 566 2390 et
588 2345 736 2410 aequum
760 2326 982 2411 signoinfelioi
999 2342 1120 2391 summo

46 2436 117 2499 iure
139 2434 292 2510 notarunt,
315 2450 415 2515 neque
437 2432 502 2497 ulla
524 2433 684 2498 sententiae
703 2434 820 2516 species
834 2436 970 2516 apparet.
1004 2432 1120 2498 Verum

46 2541 156 2603 tumen
188 2538 283 2604 multo
316 2540 418 2603 minus
451 2539 557 2623 gravio
580 2537 704 2603 vulnera
734 2540 937 2624 sunt,quo1n
967 2539 1118 2603 videntur.

49 2644 193 2710 Primum
217 2645 298 2709 enim
320 2644 398 2710 illud
421 2650 459 2710 et
480 2663 629 2726 aequnm
652 2662 670 2708 a
692 2644 897 2729 superioribus
915 2645 1119 2729 seponendum

49 2755 104 2818 est
124 2755 215 2835 etque
238 2753 276 2830 ei,
310 2770 378 2834 quae
412 2749 562 2834 sequitur,
597 2750 796 2831 disputationi
829 2752 887 2816 hae
915 2752 1012 2816 forma
1041 2771 1121 2834 pree-

48 2857 228 2940 ponendum
266 2861 327 2923 est:
365 2858 436 2922 usu
471 2874 627 2940 aequum.
687 2858 737 2920 At
775 2857 878 2920 enim
918 2858 1025 2922 Sulln
1060 2859 1119 2923 oet.

49 2964 159 3030 Cicero
181 2962 372 3029 adversarios
395 2961 558 3047 signifieat,
581 2980 651 3027 oum
674 2961 716 3038 id,
742 2961 821 3045 quod
844 2962 992 3027 haetenus
1014 2962 1121 3028 deten-

49 3071 145 3143 derit,
166 3089 287 3153 aequum
310 3088 377 3136 esse
400 3068 564 3134 concedere
586 3069 741 3151 cogantur,
769 3087 847 3133 novo
869 3069 1049 3152 argumento
1073 3069 1120 3132 uti

48 3177 167 3250 conari,
190 3176 272 3260 quod
294 3195 330 3241 ex
353 3175 448 3240 Sullae
469 3176 537 3259 lege
563 3175 684 3241 ducent.
735 3174 854 3240 Deinde
876 3193 921 3252 eu,
948 3194 1015 3258 quae
1043 3193 1121 3257 pree·

48 3283 168 3350 cedunt
190 3286 221 3348 et
242 3282 429 3368 superiorem
451 3283 550 3347 locum
574 3279 770 3357 concludunt,
792 3280 837 3346 sio
858 3281 1018 3347 scribenda
1033 3283 1121 3346 sunt:

48 3390 168 3473 idque
191 3390 265 3454 tibi
287 3389 330 3454 de
352 3389 576 3465 amicorum,
599 3387 660 3452 his
682 3387 729 3452 de
751 3388 901 3472 Aquilii
923 3387 1122 3453 sententia

48 3495 321 3578 responderet,
343 3497 455 3561 omisso
479 3496 539 3576 de,
562 3494 643 3579 quod
664 3511 763 3559 errore
778 3499 850 3559 unte
873 3493 934 3558 his
957 3495 1122 3576 repetitum

48 3605 112 3670 est.
167 3603 287 3668 Caeeina
307 3600 435 3667 AEbutio
464 3620 501 3666 ex
530 3601 698 3667 amicorum
726 3599 878 3666 sententio
911 3601 1121 3684 responderat,

49 3711 105 3777 his
127 3727 163 3775 ex
184 3708 311 3793 Aquili,
335 3726 425 3792 quem
448 3711 518 3772 ante
541 3701 784 3782 consuluerat.*)

47 3917 288 3928 Wlffli-

107 4053 132 4105 *t
152 4049 222 4102 lbid.
250 4049 297 4100 99:
326 4048 391 4101 lom
419 4048 563 4117 populus
591 4064 659 4102 cum
694 4063 763 4102 eum
791 4045 916 4111 vendit,
945 4045 1000 4110 qui
1028 4043 1123 4097 miles

156 4141 266 4196 suetus
285 4156 348 4193 non
367 4146 429 4200 est,
449 4156 513 4194 non
532 4139 648 4195 adimit
671 4141 700 4194 ei
724 4139 929 4200 libertatem,
959 4136 1015 4192 sed
1038 4136 1123 4189 iudi-

157 4242 292 4289 estnon
311 4249 384 4287 esse
403 4249 473 4287 eum
492 4233 645 4299 liberum,
674 4232 742 4302 qui,
771 4238 805 4284 ut
832 4231 918 4285 liber
946 4232 1003 4292 sit,
1032 4231 1124 4284 odire

156 4326 341 4397 periculum
360 4325 477 4380 noluit.
523 4318 560 4379 Et
584 4327 653 4380 ratio
677 4332 705 4379 et
727 4325 763 4390 id,
790 4323 863 4391 quod
886 4323 969 4393 poulo
992 4330 1056 4392 post
1083 4339 1123 4377 se·

157 4421 257 4489 quitur,
283 4419 348 4473 huie
374 4434 487 4488 prorsus
514 4434 548 4474 ex
576 4433 654 4486 eequo
683 4417 815 4487 positum:
841 4417 896 4484 qni
915 4457 921 4470 .
942 4459 948 4472 .
969 4458 976 4471 .
995 4418 1124 4473 censeri

157 4513 318 4578 noluerit,
343 4511 463 4567 ostendit
481 4512 654 4567 ooniu‘netivo
673 4509 753 4564 modo
773 4510 903 4584 scriptum
921 4510 1006 4565 fnisse
1027 4508 1105 4564 nolit.
