2662 5046
244 249 304 312 ne
601 247 864 317 mmmu

302 444 369 510 Ibd.
392 463 423 525 p.
447 443 516 517 106,
539 443 593 508 ubi
613 442 710 507 Varro
732 442 896 526 distinguit
918 461 1021 509 rerum
1042 445 1177 520 nomina,
1200 464 1268 528 quae

201 550 412 621 declinantur,
441 567 460 612 a
487 546 773 622 coniunctionibus,
807 565 873 630 quae
908 566 966 611 non
989 547 1192 624 declinantur,
1224 551 1269 616 sie

203 654 401 720 scribendum
425 654 488 717 est:
537 652 668 735 Igitur
703 653 740 716 et
775 651 811 714 in
839 651 900 716 his
932 653 1069 726 rebus,
1106 672 1267 736 quarum

202 763 292 826 suni
334 759 510 832 nomina,
561 755 658 838 quod
702 754 937 820 discrimina
972 756 1108 841 plura,
1164 759 1269 821 eoois

202 863 437 947 propagines
473 861 605 944 plures
645 866 687 938 (v.
725 857 955 925 discrimina
990 863 1095 924 vocis
1136 862 1269 947 plura,

203 968 461 1052 propagines),
505 968 543 1030 el
584 984 661 1048 quae
703 968 851 1046 eopulae
893 968 982 1031 sunt
1016 984 1057 1032 ae
1098 967 1272 1051 iungunt

202 1074 337 1150 verba,
376 1072 475 1155 qnod
507 1089 581 1135 non
613 1088 704 1152 opus
731 1069 812 1133 fuit
839 1069 1041 1134 declinari
1077 1070 1113 1134 in
1141 1070 1277 1161 plura,-

203 1178 287 1242 fere
331 1177 487 1260 singula
529 1178 635 1251 sunt,
686 1173 816 1239 sublatis
861 1176 960 1240 verbis
1009 1176 1049 1240 in
1093 1175 1155 1240 his
1200 1195 1272 1241 re·

203 1283 292 1358 bus,
329 1301 395 1364 quae
420 1283 451 1344 in
483 1280 572 1346 eodd.
597 1283 628 1345 ei
650 1279 833 1345 editionibus
855 1298 954 1344 errore
987 1299 1022 1344 ex
1060 1279 1268 1364 superioribus

203 1390 402 1470 repetuntur:
440 1389 476 1451 et
503 1387 543 1450 in
565 1385 626 1449 his
648 1386 760 1450 rebus
782 1403 859 1466 quae
881 1385 1036 1467 eopulae.
1079 1386 1153 1463 (cfr.
1178 1386 1220 1450 ad
1242 1386 1270 1448 V

204 1511 234 1573 p.
257 1491 322 1572 48.)
366 1491 425 1555 Pro
457 1490 671 1574 iunguntur
693 1490 751 1568 (sie
774 1489 856 1577 enim
878 1489 981 1570 oodd.)
1013 1491 1076 1555 iam
1098 1490 1269 1556 Muellerus

202 1597 368 1679 iungunt
384 1595 515 1678 scripsit,
540 1595 640 1660 sedin
664 1595 872 1678 prioreparte
893 1593 1271 1677 mawrabemvitvio·

204 1700 305 1766 lenter
320 1700 497 1784 corrigendo
510 1700 556 1779 (in
568 1698 614 1760 leia
627 1699 725 1776 rebus,
748 1721 816 1782 quoe
836 1698 928 1761 veroa
949 1708 1019 1760 suaet
1039 1709 1066 1760 el
1086 1699 1270 1779 nomina).¹)

218 1806 222 1814 '
304 1805 372 1869 lbd.
396 1825 425 1887 p.
452 1804 510 1866 123
532 1805 577 1886 (in
600 1808 736 1869 extremo
759 1822 784 1867 e.
809 1802 875 1884 39).
932 1804 1024 1867 Huno
1045 1803 1146 1868 looum
1171 1821 1270 1885 neque

205 1927 262 1992 ego
289 1910 321 1973 iu
350 1928 454 1991 opuso.
483 1908 568 1972 aoad.
591 1911 621 1973 ll
648 1930 678 1993 p.
700 1908 772 1983 237,
794 1909 846 1973 ubi
882 1911 964 1974 reete
999 1909 1180 1973 mendosum
1204 1927 1271 1974 esse

206 2013 278 2086 dixi,
299 2015 382 2077 reolo
404 2013 565 2078 emendavi
597 2031 695 2097 neque
724 2014 939 2078 Lachmannus
968 2013 1007 2077 ad
1038 2012 1218 2078 baenatium
1239 2032 1269 2095 p.

93 2203 97 2210 ν
209 2117 285 2195 156;
308 2136 379 2182 nam
401 2119 521 2183 numeri
543 2119 726 2202 significatio
747 2119 834 2202 (psol
855 2117 1028 2202 analopiae)
1063 2118 1113 2182 hio
1145 2138 1270 2202 prorsus

207 2222 307 2288 aliena
330 2227 392 2299 est3
430 2224 531 2307 agitur
555 2223 695 2288 universe
724 2223 762 2287 de
785 2222 935 2306 analogiis
957 2228 1011 2286 aut
1031 2223 1196 2305 sequendis
1220 2226 1274 2289 ani

208 2345 267 2391 uon
292 2328 467 2410 sequendis.
522 2328 583 2394 Sed
605 2328 747 2412 quoniam
769 2328 822 2392 illo
844 2330 926 2393 leste
949 2329 1068 2393 constal
1089 2327 1121 2391 in
1143 2329 1273 2395 Floren-

151 2519 154 2523 ‚
207 2433 272 2497 tino
305 2432 407 2496 eodioo
443 2452 592 2501 essenon
615 2434 763 2506 ἅεὸεηιιω,
798 2432 853 2497 sed
875 2433 1044 2511 dommus
1083 2452 1146 2498 una
1169 2435 1274 2500 littera

208 2539 329 2602 mulala
362 2540 466 2604 omniu
500 2538 638 2605 sanabit:
675 2538 719 2602 ad
751 2537 999 2603 indicandum
1036 2539 1136 2603 satis
1170 2543 1273 2614 sunl,

208 2663 302 2726 quor
323 2642 525 2728 analogias
548 2691 555 2705 .
579 2693 587 2709 .
610 2693 619 2709 .
642 2629 754 2725 sequi
776 2661 846 2706 non
869 2642 1123 2720 debeamus.²)

238 2978 379 3065 ¹)'P.1oa
397 2995 468 3049 reete
492 2993 555 3054 iam,
583 2993 631 3062 qui
657 2993 824 3048 codieem‘B
852 2994 1035 3063 interpolavit,
1063 2996 1134 3051 vidit
1160 2998 1274 3053 alteram

279 3089 382 3156 partera
405 3084 545 3140 sententia
570 3083 706 3142 exoidisse.
755 3085 808 3140 Sed
834 3089 963 3155 praterea
986 3088 1015 3141 in
1039 3087 1205 3144 editionibus
1233 3088 1274 3144 di·

278 3178 425 3240 velluntur,
445 3191 503 3246 quae
522 3177 668 3241 eohaerent3
700 3178 756 3232 hae
775 3179 847 3233 enim
865 3177 950 3233 forma
968 3178 1021 3233 fuit
1040 3180 1183 3234 orationisz
1221 3179 1274 3234 Sio

278 3270 349 3325 alia
366 3286 479 3333 eausa,
507 3269 662 3338 inquam,
693 3270 848 3338 [est,‘our
866 3309 875 3325 .
893 3312 899 3326 .
919 3311 935 3337 .,
953 3271 1048 3340 alim]
1069 3288 1128 3325 eur
1145 3274 1197 3326 oet.

236 3379 259 3448 ²)
279 3380 308 3434 P.
326 3382 379 3436 120
396 3397 418 3434 o.
438 3383 473 3437 38
499 3379 596 3444 (Item
627 3394 710 3442 oum,
741 3379 771 3434 ei
798 3379 847 3433 sit
873 3380 1053 3450 analogia,
1081 3383 1144 3447 eet)
1176 3380 1277 3436 excidit

279 3469 405 3524 dieunt
435 3474 483 3525 aut
512 3470 594 3525 aliud·
624 3471 736 3526 verbum
765 3474 829 3526 aute
863 3471 1128 3540 despiciendam.
1182 3470 1276 3540 Neque

280 3563 352 3616 enim
375 3562 464 3616 audiri
490 3565 539 3616 aut
568 3578 615 3632 per
642 3578 671 3616 ee
697 3564 746 3615 ant
771 3563 936 3617 varroniana
959 3561 1152 3617 consuetudine
1178 3564 1275 3633 polest

282 3654 312 3709 P.
332 3657 384 3712 118
400 3655 548 3709 rectissime
567 3655 676 3725 Popma,
696 3654 740 3709 oui
757 3654 903 3709 Muellerus
922 3654 1086 3716 adesam,
1115 3654 1196 3719 vidit,
1223 3670 1276 3709 non

282 3762 363 3799 unam
381 3747 536 3816 negativam
554 3763 644 3802 vooem
663 3747 817 3810 desiderari,
843 3746 890 3801 sed
918 3748 1073 3817 negativam
1089 3749 1196 3816 perlem
1215 3763 1276 3802 een·

280 3838 388 3903 lentim
421 3839 471 3892 hoo
489 3839 562 3893 enim
581 3838 664 3893 Varro
684 3839 794 3901 dixeras
818 3839 942 3910 primum,
961 3855 1022 3893 oum
1040 3836 1074 3892 ab
1092 3837 1215 3902 amando,
1235 3853 1277 3893 se-

281 3928 407 3994 lutando,
426 3930 557 3985 arundo
583 3931 660 3986 fieret
676 3934 786 3995 amator,
806 3931 954 3996 salutetur,
971 3933 1109 3994 sanator,
1132 3947 1185 3985 non
1205 3930 1277 3986 idem

282 4019 342 4075 fieri
361 4021 388 4074 in
409 4021 533 4076 omnibus
551 4023 643 4093 prima
661 4023 858 4094 coniugationis
877 4023 973 4088 verbis,
1001 4023 1098 4081 deinde
1116 4039 1133 4077 a
1151 4022 1277 4078 metendo
