2626 5070
230 274 291 339 286
579 273 787 345 brunnen.
800 274 853 330 11L

187 477 289 542 beinm
322 474 461 548 celerem,
494 490 556 537 non
584 473 689 537 temon
721 472 787 538 eine
809 471 1006 538 affectatione
1033 473 1170 556 quadam
1192 475 1259 541 ele-

187 581 302 666 gantiae
335 582 367 644 et
399 577 592 661 antiquitatis
626 576 802 643 deflectens.
857 578 893 642 ln
931 579 1005 660 tali¹
1023 578 1100 643 libre
1132 580 1258 661 paucis·

188 685 277 751 simis
296 683 397 774 uerbis
419 685 498 748 utar.
551 755 559 772 ·

288 790 322 855 C.
345 788 366 853 3
387 789 548 855 ferendum
576 787 707 866 videtur,
729 788 808 870 qued
829 788 860 853 in
882 787 1038 854 codicibus
1060 791 1129 855 est:
1157 790 1256 873 qued

187 914 306 980 neque
340 896 480 958 circum
510 893 599 957 'teca
619 893 945 986 gubernatoribus
966 879 1266 978 prefectisqne(

187 1004 279 1089 quid
310 1004 502 1087 peterent,
537 1002 785 1089 praeeperat,
819 1000 879 1066 boc
910 1002 969 1078 est,
1002 999 1106 1065 missis
1137 1000 1256 1066 nuntiis

192 1109 331 1175 edietere
364 1108 444 1172 circa
465 1106 587 1191 singula
615 1105 693 1181 loca,
725 1105 805 1170 unda
826 1105 1002 1171 solvebant·
1039 1103 1140 1182 Certe,
1174 1105 1256 1188 qued

188 1214 308 1290 editur:
337 1230 458 1296 neque
478 1216 624 1276 certum
651 1210 774 1275 lecum
895 1228 1015 1294 quem,
1042 1210 1114 1274 ferri
1136 1212 1254 1294 nequit,

191 1320 337 1403 queniam
359 1316 444 1383 idem
465 1317 616 1400 sequitur;
640 1316 733 1404 debet
754 1316 835 1398 peni,
861 1314 939 1399 qnod
961 1315 1059 1380 ferma
1081 1315 1258 1400 imperandi

188 1424 375 1490 centrarium
395 1423 439 1487 sit
459 1425 611 1506 praeapte
632 1422 761 1507 signatis
783 1421 905 1487 inbellis
927 1421 1010 1486 date.
1124 1493 1126 1496 y

289 1529 323 1594 O.
347 1529 366 1591 6
389 1529 475 1604 extr„
497 1528 515 1588 7
538 1528 606 1595 init.
628 1529 672 1594 sie
692 1527 938 1612 interpungenda
960 1526 1045 1610 [cunr
1067 1527 1144 1591 vett
1167 1525 1256 1612 cdd]

188 1636 285 1701 oratio
307 1637 372 1701 est:
396 1634 531 1717 Itaque
554 1652 595 1699 se
618 1633 676 1698 die
697 1634 827 1698 cestra
847 1633 979 1723 posuit
999 1630 1044 1697 ad
1072 1632 1256 1715 oppidum

187 1741 411 1825 Ruspinam.
432 1738 518 1803 Kal.
539 1739 734 1804 Ianuariis
765 1738 856 1804 inde
890 1737 1014 1822 mevit
1040 1738 1098 1802 cet.
1143 1737 1204 1817 [De
1227 1757 1256 1803 e.

188 1845 208 1908 9
230 1850 313 1920 errat
334 1842 495 1920 Olarkius).
808 1856 809 1859 ’
1214 1862 1216 1865 ·

290 1948 324 2013 O.
362 1950 381 2014 8
414 1949 626 2016 scribendum:
665 1949 723 2014 ita
754 1935 1127 2033 precipiebao'uti,
1162 1938 1276 2014 fieri

188 2056 330 2137 posset
352 2073 490 2126 necne.
522 2055 652 2121 locum
687 2054 883 2121 excusatio
915 2053 1063 2119 nullum
1095 2053 1258 2121 baberet

192 2157 317 2236 (bace
353 2148 519 2238 codicibus)
557 2179 626 2225 nec
660 2171 854 2223 sacraene
892 2158 1176 2243 tergiversatio
1213 2166 1255 2237 (v.

187 2283 328 2330 meram
350 2267 506 2349 tergis.)
565 2264 728 2331 Excusatie
759 2264 845 2329 nulla
865 2263 1070 2348 recipiebatur
1091 2265 1254 2341 eiusmodi,

186 2374 222 2436 nt
244 2373 440 2454 quareretur,
463 2371 569 2437 fierine
590 2373 697 2453 posset
718 2370 858 2452 neene¹p
961 2375 965 2383 '
1253 2366 1256 2370 ’

287 2475 321 2540 0.
346 2478 385 2541 19
407 2478 438 2543 in
461 2478 602 2543 cedieuru'
624 2476 776 2558 scriptura
807 2473 866 2539 nti
888 2474 1042 2538 frenate
1076 2473 1258 2541 condidi·

186 2585 295 2646 cerat
316 2583 403 2657 latet,
424 2582 506 2666 quod
527 2582 715 2651 sententiam
736 2580 888 2664 requirere
903 2580 1022 2645 veteres
1037 2578 1170 2645 editores
1182 2599 1257 2646 sen-

186 2688 309 2752 serant:
333 2688 391 2754 uti
409 2688 559 2753 frenate
582 2709 647 2750 ccc.
667 2691 784 2770 (eque)
807 2686 998 2750 decuerat.
1031 2685 1145 2763 (Etiam
1161 2705 1189 2750 e.
1214 2686 1256 2750 29

130 2811 133 2816 ·
185 2792 232 2857 ad
253 2810 361 2858 ecum
383 2792 532 2858 Daebnius
554 2792 691 2877 restitnit
714 2811 751 2857 ex
771 2792 829 2858 hae
849 2791 1000 2876 scriptura
1021 2790 1255 2870 addccuma)

189 2896 307 2963 Eodem
328 2899 428 2982 capite
450 2898 542 2982 paule
564 2901 645 2981 pest,
667 2898 719 2962 ubi
740 2898 773 2963 in
796 2896 949 2962 codicibus
973 2897 1117 2964 scribitur
1137 2900 1256 2982 partim

187 3007 367 3087 quartum
388 3006 502 3070 tante
524 3003 606 3080 (Per.
630 3004 660 3083 2,
682 3002 792 3090 locide,
830 3003 942 3087 partim
965 3005 1101 3087 qnater
1121 3005 1254 3081 tante,

187 3108 265 3173 nihil
296 3112 352 3185 est
390 3129 445 3176 cnr
476 3129 536 3177 non
570 3111 680 3177 Latine
712 3111 893 3193 pesitum-a
925 3109 1073 3192 scriptore
1107 3108 1256 3191 putemus

185 3223 330 3296 quarto
374 3217 497 3283 tante.
523 3280 526 3286 ,
552 3216 603 3282 Sic
648 3234 766 3299 queque
805 3216 886 3281 enim
928 3216 1096 3300 loquuntur
1134 3213 1257 3293 Laffini,

186 3319 357 3384 alterum
379 3323 551 3401 tantum,
573 3315 703 3387 altere
725 3314 852 3398 tanto,
873 3323 937 3400 aut,
958 3324 994 3387 nt
1014 3318 1257 3404 apudPlantnm

190 3428 248 3502 est,
270 3425 347 3490 tria
368 3427 501 3508 tanta,
538 3429 721 3492 sexcenta
741 3428 866 3493 tanta
888 3427 995 3505 (etiam
1018 3425 1099 3510 apud
1121 3424 1257 3493 Frento-

184 3547 256 3594 nem
278 3549 324 3613 ep.
347 3550 377 3613 p.
401 3533 438 3594 91
462 3531 567 3610 Nab.).
928 3604 931 3609 ,

285 3634 319 3700 O.
342 3634 397 3701 35:
431 3639 645 3722 petierunt,
677 3641 719 3704 nt
751 3625 829 3704 sibi
850 3638 1001 3704 liceret
1022 3639 1136 3704 verba
1170 3641 1257 3706 sine

186 3738 364 3821 periculo
385 3744 572 3827 proloqui.
602 3745 653 3810 Ad
676 3745 709 3810 id
731 3744 816 3830 nulla
837 3745 925 3812 venia
946 3763 1021 3828 epus
1045 3747 1122 3823 crat,
1145 3748 1257 3814 etiam

185 3900 382 3912 *un——

219 3983 242 4048 ¹)
261 3983 293 4039 C.
314 3985 348 4039 18
365 3987 444 4052 poet
460 3984 551 4041 colle
569 3986 719 4044 deiectis
742 3987 920 4057 conieceram3
946 3986 1106 4043 Dnebnerue
1123 4002 1139 4042 e
1157 3986 1259 4043 cedici-

255 4074 306 4130 bus
323 4076 431 4145 recepit.
