2648 5084
227 281 317 345 Ὶ570
562 284 646 367 ,pru
658 285 734 342 v111.
746 283 812 354 cap.
830 284 875 339 vr.

214 486 329 562 vinciae,
352 484 405 549 ubi
428 483 594 548 stationem
615 484 727 550 habere
749 485 867 550 solebat
889 487 921 549 et
944 487 1028 552 unde
1051 489 1114 555 buc
1136 490 1267 556 arcessiti

212 594 301 667 erat).
358 589 419 655 Sed
441 589 720 673 circumnavigandi
753 590 877 656 oonsilio
898 593 1070 659 interuenit
1093 599 1267 681 Agricolae
1293 627 1295 639 ·

213 696 369 780 provincia
412 695 574 761 discessus.
632 696 748 772 (Addo,
793 696 915 763 etiamsi
959 699 1117 782 scriptura
1160 704 1267 787 vulgate

213 805 370 880 teneatur,
410 803 491 868 nullo
525 802 616 868 modo
653 803 817 887 significari
844 806 943 869 totam
980 806 1178 874 Britanniam
1212 812 1266 874 tom

213 910 524 993 circumnavigatam,
554 909 695 991 quoniam
717 909 838 974 tantum
862 909 1035 992 proximum
1058 914 1266 982 latuslectum

213 1017 347 1087 dicitnr.)

238 1157 243 1165 ·
313 1122 381 1188 Ibd.
404 1121 460 1186 41:
504 1120 569 1186 Sic
593 1120 779 1203 Agricola
800 1120 914 1186 simul
941 1124 1023 1189 suis
1048 1127 1267 1200 virtutibus,

213 1229 327 1295 simul
359 1227 473 1293 vitiis
495 1229 655 1293 aliorum
688 1226 726 1290 in
760 1229 879 1309 ipsam
913 1229 1088 1311 gloriam
1113 1251 1267 1316 praeoeps

213 1336 412 1418 agebatur.
470 1334 506 1397 ln
529 1333 699 1416 pericnlum
724 1336 755 1399 et
785 1334 933 1400 invidiam
958 1356 1099 1420 praeceps
1124 1341 1267 1424 agebatur.

214 1459 273 1507 non
307 1441 341 1504 in
371 1439 508 1523 gloriam.
575 1440 669 1506 Nulla
711 1442 760 1506 bic
792 1441 942 1506 acuminis
978 1446 1118 1526 captatio
1153 1449 1199 1512 est
1228 1447 1266 1522 leo

212 1548 292 1612 enim
342 1545 522 1629 confugiunt
566 1545 724 1622 editores),
751 1626 754 1632 .
778 1547 832 1613 sed
878 1549 1039 1631 perspicua
1095 1552 1266 1618 absurditas.

212 1654 337 1720 Tacitus
359 1654 541 1734 scripserat:
564 1653 677 1718 simul
699 1654 808 1719 vitiis
831 1653 1006 1729 aliorum,
1041 1658 1131 1740 ipen
1153 1659 1266 1744 plocio

212 1778 378 1843 praeceps
401 1758 601 1840 agebatur.
660 1759 817 1825 Remotior
835 1778 930 1827 causa
964 1763 996 1826 et
1018 1765 1147 1846 propior
1169 1785 1203 1832 er
1222 1766 1266 1831 illa

212 1868 279 1931 orta
301 1864 534 1946 coniunguntur.
584 1865 599 1933 Ι
606 1884 625 1928 n
648 1886 685 1931 ex
705 1889 738 1926 cr
759 1869 860 1932 ortum
884 1871 941 1933 est.

312 1971 347 2034 ln
372 1969 500 2054 dialogo
530 1968 791 2044 decretoribus,
825 1991 916 2054 quem
950 1973 1052 2039 Taciti
1082 1995 1153 2042 esse
1181 1995 1266 2061 neque

211 2077 323 2142 credidi
345 2096 478 2160 unquam
502 2095 558 2141 uec
579 2078 714 2153 credam,
748 2078 881 2161 ingenio,
916 2081 1073 2162 proposito
1096 2083 1266 2166 dicendique

211 2202 319 2266 genere
341 2183 454 2248 abillo
477 2185 729 2260 remotissimum,
751 2184 827 2248 nibil
850 2185 1020 2263 emendari,
1051 2189 1136 2269 quod
1159 2209 1215 2254 non
1236 2190 1267 2254 ab

210 2290 279 2354 aliis
302 2294 486 2373 praeceptum
509 2291 694 2374 reppererim
720 2292 818 2368 (velut
839 2291 870 2354 in
893 2309 919 2357 c.
943 2291 994 2361 26.
1017 2292 1057 2356 18
1071 2293 1178 2358 Halm.
1205 2298 1268 2359 riri

209 2416 264 2480 pro
286 2398 363 2474 uis,
391 2394 471 2479 qnod
493 2397 606 2462 frustra
634 2396 822 2470 defenditur,
857 2414 927 2460 eum
949 2397 991 2461 sit
1017 2400 1049 2462 et
1071 2399 1173 2465 forma
1195 2406 1267 2467 extra

209 2498 492 2569 iurisconsultorum
514 2504 642 2587 propriae
674 2503 852 2568 necessitati
872 2504 1042 2585 parentium
1067 2504 1165 2572 libros
1188 2509 1267 2573 inan-

210 2611 308 2676 ditum
331 2613 363 2675 et
384 2611 537 2676 sententia
559 2629 687 2694 pravum
710 2612 742 2674 ot
762 2610 802 2674 ab
823 2609 958 2693 imagine
980 2611 1143 2691 alienum).

309 2824 344 2887 ln
377 2821 520 2888 Suetonii
548 2821 744 2906 Tranquilli,
780 2821 938 2904 scriptoris
968 2842 1029 2889 non
1067 2826 1194 2908 ingenio
1222 2828 1266 2891 aut

208 2934 284 2999 arte.
310 2930 363 2996 sed
386 2931 475 2995 rebus
506 2932 537 2994 et
559 2930 695 2993 materies
719 2929 757 2993 ad
782 2929 926 2995 instituta
949 2931 1161 3014 cognoscenda
1185 2933 1263 3016 copis

208 3038 240 3098 et
273 3035 425 3100 scribendi
465 3035 662 3118 simplicitate
695 3035 964 3112 commendabilis,
1002 3035 1078 3101 vitis
1113 3038 1264 3106 Caesarun

208 3143 267 3206 etsi
298 3132 646 3225 non'gravitor'ailecta
667 3140 764 3206 oratio
786 3144 848 3215 cst,
882 3142 995 3207 vellem
1026 3146 1131 3208 tamen
1159 3145 1264 3210 codicis

207 3249 387 3315 Memmiani
410 3252 442 3314 et
463 3248 667 3312 Mediceorum
691 3248 897 3332 antiquissimi
919 3248 1085 3329 scripturas
1117 3251 1163 3315 ita
1186 3253 1264 3334 plene

208 3360 240 3421 et
261 3360 400 3422 accurate
432 3356 531 3419 editas
561 3354 761 3431 haberemus,
794 3355 829 3418 ut
861 3358 971 3419 nostroe
1001 3355 1103 3421 aetatis
1142 3359 1264 3423 ratioet

207 3481 279 3526 usus
314 3461 450 3544 postulat
477 3463 612 3539 (notatas
636 3479 654 3525 a
676 3461 787 3525 Rothio
809 3464 906 3544 puto).
950 3459 1140 3527 Coniecturae
1163 3469 1264 3547 prater

206 3585 250 3641 ea,
272 3583 342 3651 qnae
362 3569 424 3633 iam
446 3568 499 3633 alii
521 3567 593 3633 olim
616 3569 826 3643 emendarunt,
848 3584 907 3633 non
931 3568 975 3630 ita
997 3567 1142 3651 frequens
1165 3589 1262 3636 neces·

205 3673 282 3739 sitas
305 3693 361 3739 nec
384 3679 488 3741 tamen
511 3693 634 3760 prorsus
655 3694 722 3740 rara
746 3674 822 3740 mihi
845 3692 912 3738 esse
934 3674 999 3739 visa
1031 3677 1105 3743 est..
1150 3675 1211 3741 Sed
1232 3695 1260 3740 er

206 3779 376 3846 Oasauboni
409 3781 597 3864 aliorumque
633 3782 721 3848 bonis
756 3782 890 3847 inventis
923 3798 981 3845 non
1017 3799 1114 3864 pauca
1146 3782 1262 3866 indigne

179 3886 346 3970 ¹neglecta
376 3887 480 3952 iacent
513 3891 567 3952 aut
599 3906 694 3971 nuper
726 3889 820 3954 etiam
854 3889 934 3962 loco,
967 3906 1058 3971 quem
1091 3893 1175 3955 certo
1205 3891 1262 3953 iure

205 3992 362 4066 tenebant,
384 3994 502 4058 deiecta
523 3995 595 4068 sunt
617 3995 714 4070 (velut
734 3994 791 4060 lul.
814 3993 855 4057 84
878 3993 1059 4077 quicquid
1082 3998 1263 4078 praeterea

205 4091 380 4160 idoneum
413 4100 497 4164 erat
523 4100 561 4163 ab
583 4100 710 4166 Heinsio
743 4102 911 4183 repositum
935 4120 989 4183 pro
1012 4105 1200 4185 praeterca
1221 4097 1262 4165 ad
