2656 5056
311 314 352 377 92
682 305 742 358 nin.
769 303 804 357 11.
834 304 907 372 cap.
931 304 955 358 r.

270 513 384 576 festum
416 511 473 582 est,
504 524 562 571 nec
591 505 692 568 minus
721 502 872 583 ineptum,
904 500 997 583 qnod
1032 499 1130 565 video
1160 498 1283 564 substituti

272 612 510 687 auferenda3
543 628 644 692 neque
676 609 756 672 enim
791 607 987 672 euloruutur
1027 616 1064 672 et
1094 609 1126 673 in
1156 602 1283 671 alinulor

272 721 478 806 asportantur,
507 735 576 799 quae
605 713 799 779 sdversarius
831 712 923 779 dixit
992 714 1135 779 Videtur
1167 706 1284 777 subesel

274 826 442 899 vertendo,
465 824 526 887 nisi
548 821 618 905 quis
640 839 676 884 ex
699 838 744 893 eo,
768 821 850 903 quod
873 819 906 883 iu
934 819 1070 886 duobus
1096 815 1284 886 codicibusssu

274 933 473 1018 bergensibus
512 927 646 992 Orellius
682 926 773 991 scribi
809 926 951 999 indicat,
988 925 1222 999 efferenda,
1239 921 1284 984 elic

277 1038 395 1104 msrnlt
416 1032 596 1103 evertendo
619 1036 642 1112 [,
664 1035 700 1096 ut
719 1031 781 1095 iem
804 1032 989 1116 Heusinger
1011 1033 1198 1115 suspicatus
1216 1031 1269 1106 estl

377 1165 455 1229 lbid.
479 1162 557 1225 ⁶289:
591 1161 733 1244 ltaque
769 1162 1021 1226 imbuendus
1055 1169 1123 1227 est
1150 1162 1197 1237 is,
1218 1155 1285 1240 quii

278 1289 368 1336 cose
390 1270 501 1336 volet
522 1269 674 1339 dicere,
696 1268 810 1349 qnasi
833 1272 985 1332 natura
1009 1269 1191 1350 quadum
1209 1267 1279 1347 apte

278 1378 357 1442 baec
389 1393 536 1460 genera
568 1380 606 1438 et
640 1373 831 1455 moribus,
873 1376 915 1435 ut
959 1374 1012 1438 ad
1054 1374 1285 1456 cuiusquenr

278 1503 403 1566 genus
445 1480 616 1546 ridiculi
658 1481 797 1544 uultus
845 1479 974 1543 ctiam
1024 1475 1284 1546 accommodet

280 1589 381 1653 Mores
403 1588 500 1671 ipsius
523 1587 653 1651 oratoris
675 1586 714 1651 ad
736 1584 777 1661 id,
811 1583 850 1649 de
881 1604 943 1667 quo
969 1585 1032 1651 hoc
1058 1587 1135 1652 loco
1158 1587 1286 1670 agimur

280 1693 403 1758 omnino
438 1693 604 1773 pertinent,
637 1711 693 1758 nec
725 1691 860 1756 moribus
892 1691 1004 1755 nescio
1039 1691 1165 1774 quibus
1187 1691 1286 1756 imbues

279 1803 381 1864 orator
404 1798 522 1864 iocandi
545 1818 637 1864 causo
659 1801 738 1873 erat;
767 1797 870 1861 vultus
899 1797 986 1861 varie
1011 1797 1169 1863 flectendi
1193 1794 1286 1862 exercit

280 1906 429 1987 capienda
458 1908 532 1982 erat,
566 1907 602 1969 nt
631 1904 776 1987 proximis
799 1904 900 1969 verbis
923 1903 996 1984 ipse
1023 1905 1109 1970 dicit
1133 1906 1242 1970 Caessr.
1282 1899 1287 1963 l

280 2011 409 2094 plurulis
441 2031 585 2076 numerus
620 2011 665 2075 sic
696 2009 775 2075 unde
805 2011 923 2093 positus
946 2011 1024 2090 post
1049 2011 1138 2077 illud
1163 2009 1287 2096 qussi}

282 2125 372 2183 tura
393 2116 560 2201 quadam
583 2118 654 2181 ferri
676 2118 789 2200 nequit.
841 2115 924 2180 Satis
948 2120 1080 2180 eertum
1108 2124 1161 2183 est
1183 2117 1287 2182 orisu

281 2224 399 2288 tionem
432 2224 482 2288 hic
515 2224 648 2295 subesse,
671 2222 923 2304 scribendumque
952 2222 1090 2289 videtur
1122 2227 1164 2290 ot
1185 2227 1287 2290 ructui

281 2330 361 2393 Nam
384 2349 421 2394 ne
444 2329 621 2395 motibus
644 2330 726 2394 oris
747 2328 925 2400 scribamus,
955 2328 1027 2409 ipse
1058 2330 1200 2411 pluralis
1225 2348 1285 2393 unu

281 2435 423 2500 deterret.

383 2575 550 2640 iniussa:
573 2576 766 2641 faciliora
789 2575 910 2640 etiam
935 2575 974 2637 in
998 2576 1283 2659 principiis‚q

282 2683 321 2746 et
342 2682 496 2746 attenti
518 2685 599 2747 tum
623 2685 787 2748 maximo
809 2682 919 2753 sunt,
943 2684 1288 2763 cumomniaexsp

282 2794 388 2865 tant,
431 2790 471 2851 et
513 2788 666 2854 dociles
708 2788 833 2871 magis
869 2785 1012 2850 initiis
1053 2806 1153 2854 esse
1191 2807 1288 2872 possi

282 2895 376 2959 Recte
401 2893 575 2957 Ellendtius
598 2896 703 2964 sensit,
727 2893 865 2959 initiis
886 2891 995 2956 vitiose
1021 2893 1099 2957 addi
1126 2905 1205 2978 post
1224 2898 1288 2977 prin

280 3019 367 3064 orum
400 3018 593 3064 communem
626 3001 748 3083 utrique
779 3000 916 3064 membro
949 3016 1062 3062 rocem
1096 3001 1195 3067 initio
1217 3001 1288 3085 posit

281 3104 335 3168 sed
370 3107 450 3188 quod
484 3105 665 3188 simpliciter
696 3107 877 3172 vocabulum
911 3102 979 3168 tolli
1008 3107 1126 3181 voluit,
1154 3126 1288 3192 ueqnc,r

281 3215 381 3275 ortum
414 3212 464 3290 sit,
498 3212 692 3295 intelligitur,
715 3216 747 3276 et
778 3210 905 3294 apparet
932 3211 962 3272 in
988 3209 1050 3275 boe
1074 3232 1208 3298 quoque
1230 3232 1288 3278 men

281 3317 317 3380 ut
339 3317 370 3381 in
393 3319 546 3400 superiore
569 3326 662 3396 (tum
686 3320 869 3394 maxime,
903 3334 987 3380 cum
1022 3321 1168 3386 omnia
1201 3338 1286 3400 exsp

281 3428 382 3501 taut)
415 3443 549 3502 causam,
580 3428 684 3489 curin
709 3423 856 3508 principio
880 3421 995 3486 dociles
1017 3424 1088 3487 sint
1111 3425 1245 3501 iudices,
1265 3424 1288 3488 si

282 3530 364 3594 ficari
393 3530 541 3594 debuisse.
586 3531 756 3611 Scripserut
779 3530 896 3594 Cicero:
920 3529 959 3592 et
981 3527 1152 3597 dociles
1180 3535 1288 3616 mogi:

283 3636 372 3701 novis
395 3636 447 3712 (iu
470 3635 662 3717 ignotist)
686 3654 774 3701 csse
796 3637 976 3718 possunt.

383 3803 439 3877 ΙΙΙ,
463 3803 517 3865 79ι
547 3804 636 3869 Haec
658 3822 767 3879 vero,
791 3822 872 3886 quae
895 3804 988 3865 sunt
1011 3803 1048 3866 in
1074 3804 1288 3887 philosoph

280 3907 460 3991 ingeniis
489 3913 684 3973 eruuntur
712 3910 758 3975 od
787 3908 843 3988 id,
878 3907 980 3991 quod
1010 3907 1048 3972 iu
1084 3930 1286 3995 quoquor

281 4013 415 4077 sirnile
450 4018 526 4090 est,
561 4014 808 4081 eliciendum
843 4014 976 4079 acutis
1014 4015 1140 4097 atque
1178 4017 1283 4084 scrib

279 4136 403 4199 eoque
438 4120 664 4185 exercitata
697 4123 881 4187 oratione
914 4119 1142 4203 poliuntur.
1205 4125 1288 4189 Exere
