2648 5084
244 277 305 343 568
553 277 642 362 μὴ.
663 276 739 333 vnn
757 274 823 347 cap.
841 275 889 332 vr.

205 480 332 557 dicitur;
368 477 501 545 debebat
524 476 583 542 dici
606 476 834 560 conscelerant
855 485 997 539 σακκίον
1019 479 1145 542 tandem
1165 458 1254 565 cper'u.

207 586 404 652 ductorium
428 583 525 649 Iulius
547 582 649 648 Caesar
670 580 785 659 fuerat;
819 581 950 647 iterandi
974 587 1085 650 auctor
1107 585 1277 661 Claudius.)l

195 670 197 673 ¹
308 690 374 756 lbd.
412 689 469 753 14:
514 688 596 753 Mox
618 687 759 753 Didius
791 688 928 754 Gallus
960 692 1260 776 partaaprieri·

208 797 275 862 bus
297 795 509 871 continuit,
530 793 665 877 paucis
687 793 885 860 admodum
907 799 1096 864 castellis
1117 801 1153 863 in
1175 800 1261 863 ulte·

178 883 179 886 Ἴ
208 903 311 968 riora
331 901 536 986 promotis,
574 919 638 984 per
660 920 737 983 quae
764 899 864 965 lama
884 902 994 967 aucti
1017 905 1152 970 elficit
1184 924 1262 989 qua·

209 1000 391 1075 ceneten
416 1006 485 1071 Neu
507 1007 596 1089 pute,
626 1007 677 1091 qui
710 1006 872 1090 provincia
893 1007 970 1073 fines
994 1011 1153 1092 preferat,
1188 1031 1262 1076 suum

209 1115 344 1180 efficium
365 1130 477 1196 augere
497 1113 558 1177 dici
578 1131 681 1195 pesse;
705 1132 763 1179 uec
786 1133 910 1190 eorum,
940 1115 992 1199 qui
1016 1117 1152 1200 imperio
1174 1136 1263 1202 parcre

210 1221 367 1305 coguntur,
401 1218 534 1284 efficium
573 1220 753 1302 appellatur.
812 1219 920 1304 Itaque
953 1225 1097 1306 suspicer
1131 1224 1264 1308 scriptum

121 1308 123 1311 ⁵
209 1326 317 1390 luisse:
340 1326 445 1389 aucti
468 1324 650 1408 obsequii
670 1326 904 1418 (hautmarum).

309 1431 375 1496 Ibd.
416 1417 468 1495 le:
512 1426 589 1496 Nec
623 1431 781 1496 Vettius
816 1433 1070 1500 Bolanus
1113 1437 1267 1522 agitarit

211 1537 449 1603 Britanniam
472 1538 692 1622 disciplina.
736 1537 957 1622 Opinerfuisse
981 1542 1205 1626 castipacit
1224 1546 1267 1607 aut

205 1644 412 1728 fatipavit.
457 1644 629 1728 Disciplina
649 1644 805 1728 provincia
827 1663 888 1710 nun
910 1645 1057 1729 agitatur.
1220 1630 1224 1638 ⁵

312 1749 398 1833 (Cap.
422 1751 462 1812 24
484 1752 646 1817 emendavi
667 1753 727 1817 vol.
750 1752 764 1815 l
788 1772 817 1835 p.
843 1750 927 1828 147.)

313 1855 379 1922 lbd.
402 1855 459 1921 28:
494 1860 624 1922 etune
647 1857 877 1941 remigante,
909 1860 1112 1942 suspectis
1136 1861 1269 1925 duobus

214 1977 328 2044 euque
348 1947 587 2040 interfectis,
618 1962 777 2029 neudum
799 1965 956 2048 vulgato
977 1984 1131 2032 rumore
1153 1972 1194 2033 ut
1214 1967 1270 2032 mi·

214 2067 387 2132 naculum
409 2069 738 2152 pravehebuutur.
761 2069 837 2135 Tres
848 2071 1013 2136 liburnicas
1025 2089 1087 2135 non
1104 2091 1167 2138 uuo
1189 2073 1271 2138 remi·

215 2176 307 2258 ganta
329 2176 415 2240 actas
444 2194 500 2240 nec
521 2176 725 2260 gubernatore
756 2176 794 2241 ad
816 2176 1029 2261 remigandum
1052 2176 1180 2262 Usipies
1202 2197 1271 2255 uses,

217 2298 276 2362 que
297 2280 400 2346 labere
421 2281 480 2364 ipsi
501 2281 589 2366 iungi
610 2285 761 2366 poterant,
782 2283 845 2349 iam
866 2284 919 2349 alii
941 2283 1175 2352 intellexerunt.
1227 2285 1272 2349 lli·

216 2386 307 2451 detur
329 2387 436 2453 fuisse:
470 2390 507 2453 et
528 2408 599 2454 uno
620 2399 771 2473 repente
791 2389 928 2471 (navium
953 2397 1103 2468 cursum).
1165 2391 1273 2457 Deinde

111 2565 115 2573 ,
217 2511 233 2558 c
270 2492 408 2559 codicum
443 2497 582 2582 vestigiis
618 2496 700 2562 edici
742 2495 874 2561 videtur:
926 2496 1010 2562 Mer
1054 2498 1101 2563 ad
1147 2516 1273 2583 aquam
1319 2509 1320 2528 ¹

177 2632 180 2638 ·*
216 2601 330 2684 atque
368 2602 485 2668 utilia
520 2605 661 2687 raptim
697 2602 846 2687 epressc'
880 2605 918 2668 et
959 2622 1040 2668 cum
1085 2607 1274 2690 plerisque

217 2709 490 2773 Britannorum
513 2727 581 2773 sua
602 2708 888 2775 defensantium
911 2710 1044 2793 proeliu
1068 2710 1273 2796 congressi.

97 2802 103 2817 ’
216 2814 320 2898 (Quod
341 2814 579 2898 adaquatum
603 2835 700 2900 nuper
721 2817 888 2900 repositum
911 2819 974 2893 est,
996 2816 1141 2883 homiues
1164 2838 1273 2903 aquan-

217 2932 281 2996 tur,
304 2920 335 2985 id
364 2908 427 3000 est.
456 2922 567 3004 aquam
597 2925 730 3003 petunt,·
761 2928 830 2989 satu
859 2926 890 2989 et
916 2923 1048 3005 pecudes
1071 2925 1273 3010 adaptantur,

216 3026 350 3101 locust,
373 3045 452 3110 aqua
462 3026 627 3111 irrigantur
642 3032 696 3093 aut
710 3030 892 3104 nutriuntur,
914 3048 993 3112 aqua
1018 3028 1057 3094 iis
1080 3029 1274 3112 praebetur.¹)

317 3130 453 3198 lbd.3l:
476 3133 686 3218 Postquam
710 3135 825 3201 silvis
848 3135 1273 3220 appropinquaverunt,

217 3237 309 3302 item
351 3238 494 3321 primes
537 3241 781 3325 sequentium
822 3242 1001 3306 incautos
1041 3242 1207 3308 collecti
1242 3240 1275 3304 et

219 3464 415 3474 -.--.---

249 3619 269 3688 ¹)
288 3619 321 3674 Iu
345 3634 368 3675 c.
391 3620 439 3684 34,
466 3632 545 3688 quem
573 3616 660 3671 lecum
684 3614 808 3671 Halmius
833 3617 1009 3674 insanabilem
1033 3625 1128 3692 putat,
1154 3620 1272 3677 omuibus

288 3710 388 3765 litteris
407 3708 477 3764 idem
500 3709 664 3779 scripseram,
692 3708 763 3778 qued
790 3708 914 3764 Rittcrus
939 3711 1039 3768 edidit:
1077 3715 1275 3771 Novissima

288 3819 340 3858 res
366 3805 416 3869 et,
443 3806 596 3858 extreme
618 3804 727 3867 metu,
762 3805 875 3873 torpor
905 3802 1061 3867 defixere
1088 3805 1196 3859 aciem
1221 3806 1274 3866 cer.

289 3912 342 3951 uuo
369 3899 483 3966 torpor
501 3911 550 3965 pre
573 3910 713 3965 corpora
738 3895 833 3965 posite.
881 3895 1034 3952 Novissima
1058 3897 1132 3967 apud
1155 3898 1272 3953 Tacitum

288 3987 342 4042 dici
360 3988 441 4043 etiam
459 3987 558 4044 ultima
580 3992 609 4043 et
631 3988 666 4044 ud
684 3991 829 4044 extremum
848 3990 961 4046 miseria
979 4007 1010 4046 ac
1029 3992 1200 4048 necessitatis
1219 4006 1273 4061 per·

289 4079 369 4135 ducta
387 4084 480 4136 netum
499 4087 548 4137 est.
