<?xml version="1.0" encoding="UTF-8"?>
<!DOCTYPE html PUBLIC "-//W3C//DTD XHTML 1.0 Transitional//EN"
    "http://www.w3.org/TR/xhtml1/DTD/xhtml1-transitional.dtd">
<html xmlns="http://www.w3.org/1999/xhtml" xml:lang="en" lang="en">
 <head>
  <title>
</title>
<meta http-equiv="Content-Type" content="text/html;charset=utf-8" />
  <meta name='ocr-system' content='tesseract 3.04.00' />
  <meta name='ocr-capabilities' content='ocr_page ocr_carea ocr_par ocr_line ocrx_word'/>
</head>
<body>
  <div class='ocr_page' id='page_1' title='image "./ioniemadvigiiad00madvgoog_0348.png"; bbox 0 0 2626 5070; ppageno 0'>
   <div class='ocr_carea' id='block_1_1' title="bbox 317 706 990 786">
    <p class='ocr_par' dir='ltr' id='par_1_1' title="bbox 317 706 990 786">
     <span class='ocr_line' id='line_1_1' title="bbox 317 706 990 786; baseline 0.003 -16"><span class='ocrx_word' id='word_1_1' title='bbox 317 715 346 769; x_wconf 86' lang='lat' dir='ltr'>L.</span> <span class='ocrx_word' id='word_1_2' title='bbox 366 706 470 771; x_wconf 68' lang='lat' dir='ltr'>Seneca</span> <span class='ocrx_word' id='word_1_3' title='bbox 490 717 599 786; x_wconf 68' lang='lat' dir='ltr'>Scripta</span> <span class='ocrx_word' id='word_1_4' title='bbox 616 717 682 772; x_wconf 80' lang='lat' dir='ltr'>alin.</span> <span class='ocrx_word' id='word_1_5' title='bbox 930 717 990 781; x_wconf 88' lang='grc'>337</span> 
     </span>
    </p>
   </div>
   <div class='ocr_carea' id='block_1_2' title="bbox 41 910 1033 1420">
    <p class='ocr_par' dir='ltr' id='par_1_2' title="bbox 41 910 1033 1420">
     <span class='ocr_line' id='line_1_2' title="bbox 41 910 1033 996; baseline 0.006 -21"><span class='ocrx_word' id='word_1_6' title='bbox 41 930 85 975; x_wconf 87' lang='lat' dir='ltr'>ras</span> <span class='ocrx_word' id='word_1_7' title='bbox 106 910 300 992; x_wconf 78' lang='lat' dir='ltr'>temporibus</span> <span class='ocrx_word' id='word_1_8' title='bbox 321 912 420 994; x_wconf 87' lang='lat' dir='ltr'>coepit.</span> <span class='ocrx_word' id='word_1_9' title='bbox 460 915 561 994; x_wconf 81' lang='lat' dir='ltr'>Atque</span> <span class='ocrx_word' id='word_1_10' title='bbox 582 913 644 976; x_wconf 89' lang='lat' dir='ltr'>illis</span> <span class='ocrx_word' id='word_1_11' title='bbox 669 913 802 996; x_wconf 79' lang='lat' dir='ltr'><strong>antiquis</strong></span> <span class='ocrx_word' id='word_1_12' title='bbox 826 913 992 987; x_wconf 81' lang='lat' dir='ltr'>codicibus,</span> <span class='ocrx_word' id='word_1_13' title='bbox 1014 935 1033 981; x_wconf 89' lang='lat' dir='ltr'>a</span> 
     </span>
     <span class='ocr_line' id='line_1_3' title="bbox 41 1017 1032 1104; baseline 0.007 -25"><span class='ocrx_word' id='word_1_14' title='bbox 41 1036 77 1080; x_wconf 88' lang='lat' dir='ltr'>us</span> <span class='ocrx_word' id='word_1_15' title='bbox 104 1019 160 1079; x_wconf 91' lang='lat' dir='ltr'>ant</span> <span class='ocrx_word' id='word_1_16' title='bbox 189 1017 266 1098; x_wconf 85' lang='lat' dir='ltr'>ipsis</span> <span class='ocrx_word' id='word_1_17' title='bbox 287 1021 342 1082; x_wconf 89' lang='lat' dir='ltr'>aut</span> <span class='ocrx_word' id='word_1_18' title='bbox 361 1018 502 1100; x_wconf 90' lang='lat' dir='ltr'>gemellis</span> <span class='ocrx_word' id='word_1_19' title='bbox 524 1020 618 1083; x_wconf 83' lang='lat' dir='ltr'>ceteri</span> <span class='ocrx_word' id='word_1_20' title='bbox 652 1019 711 1082; x_wconf 88' lang='lat' dir='ltr'>orti</span> <span class='ocrx_word' id='word_1_21' title='bbox 726 1019 894 1102; x_wconf 88' lang='lat' dir='ltr'>-certisque</span> <span class='ocrx_word' id='word_1_22' title='bbox 922 1040 1032 1104; x_wconf 90' lang='lat' dir='ltr'>propa·</span> 
     </span>
     <span class='ocr_line' id='line_1_4' title="bbox 41 1121 1032 1208; baseline 0.006 -22"><span class='ocrx_word' id='word_1_23' title='bbox 41 1143 49 1186; x_wconf 77' lang='lat' dir='ltr'>s</span> <span class='ocrx_word' id='word_1_24' title='bbox 70 1124 150 1187; x_wconf 87' lang='lat' dir='ltr'>notis</span> <span class='ocrx_word' id='word_1_25' title='bbox 173 1122 316 1204; x_wconf 82' lang='lat' dir='ltr'>impressi</span> <span class='ocrx_word' id='word_1_26' title='bbox 337 1125 458 1188; x_wconf 83' lang='lat' dir='ltr'>tantum</span> <span class='ocrx_word' id='word_1_27' title='bbox 490 1121 641 1189; x_wconf 84' lang='lat' dir='ltr'>modestia</span> <span class='ocrx_word' id='word_1_28' title='bbox 662 1124 767 1206; x_wconf 90' lang='lat' dir='ltr'>aliqua</span> <span class='ocrx_word' id='word_1_29' title='bbox 786 1125 1032 1208; x_wconf 77' lang='lat' dir='ltr'>interpolationis</span> 
     </span>
     <span class='ocr_line' id='line_1_5' title="bbox 45 1226 1030 1308; baseline 0.004 -15"><span class='ocrx_word' id='word_1_30' title='bbox 45 1247 167 1293; x_wconf 81' lang='lat' dir='ltr'>summa</span> <span class='ocrx_word' id='word_1_31' title='bbox 187 1226 314 1293; x_wconf 88' lang='lat' dir='ltr'>licentia</span> <span class='ocrx_word' id='word_1_32' title='bbox 341 1246 376 1292; x_wconf 91' lang='lat' dir='ltr'>ac</span> <span class='ocrx_word' id='word_1_33' title='bbox 402 1230 578 1294; x_wconf 87' lang='lat' dir='ltr'>temeritate</span> <span class='ocrx_word' id='word_1_34' title='bbox 606 1228 689 1293; x_wconf 87' lang='lat' dir='ltr'>inter</span> <span class='ocrx_word' id='word_1_35' title='bbox 710 1247 744 1293; x_wconf 89' lang='lat' dir='ltr'>se</span> <span class='ocrx_word' id='word_1_36' title='bbox 766 1230 922 1308; x_wconf 79' lang='lat' dir='ltr'>differunt,</span> <span class='ocrx_word' id='word_1_37' title='bbox 960 1251 1030 1297; x_wconf 88' lang='lat' dir='ltr'>curn</span> 
     </span>
     <span class='ocr_line' id='line_1_6' title="bbox 41 1323 1032 1420; baseline 0.006 -23"><span class='ocrx_word' id='word_1_38' title='bbox 41 1335 58 1397; x_wconf 80' lang='lat' dir='ltr'>ri</span> <span class='ocrx_word' id='word_1_39' title='bbox 83 1323 217 1399; x_wconf 89' lang='lat' dir='ltr'>editores</span> <span class='ocrx_word' id='word_1_40' title='bbox 240 1334 287 1398; x_wconf 90' lang='lat' dir='ltr'>usi</span> <span class='ocrx_word' id='word_1_41' title='bbox 321 1353 380 1399; x_wconf 91' lang='lat' dir='ltr'>non</span> <span class='ocrx_word' id='word_1_42' title='bbox 405 1337 523 1408; x_wconf 90' lang='lat' dir='ltr'>essent,</span> <span class='ocrx_word' id='word_1_43' title='bbox 555 1353 592 1399; x_wconf 89' lang='lat' dir='ltr'>nc</span> <span class='ocrx_word' id='word_1_44' title='bbox 619 1336 726 1416; x_wconf 85' lang='lat' dir='ltr'>postea</span> <span class='ocrx_word' id='word_1_45' title='bbox 748 1336 870 1417; x_wconf 88' lang='lat' dir='ltr'>quidem</span> <span class='ocrx_word' id='word_1_46' title='bbox 895 1339 1032 1420; x_wconf 89' lang='lat' dir='ltr'>superio·</span> 
     </span>
    </p>
   </div>
   <div class='ocr_carea' id='block_1_3' title="bbox 41 1439 1258 1529">
    <p class='ocr_par' dir='ltr' id='par_1_3' title="bbox 41 1439 1258 1529">
     <span class='ocr_line' id='line_1_7' title="bbox 41 1439 1258 1529; baseline -0.002 -23"><span class='ocrx_word' id='word_1_47' title='bbox 41 1441 179 1522; x_wconf 85' lang='lat' dir='ltr'>temporis</span> <span class='ocrx_word' id='word_1_48' title='bbox 210 1439 370 1523; x_wconf 82' lang='lat' dir='ltr'>philologi,</span> <span class='ocrx_word' id='word_1_49' title='bbox 406 1441 459 1529; x_wconf 89' lang='lat' dir='ltr'>qni</span> <span class='ocrx_word' id='word_1_50' title='bbox 492 1441 604 1523; x_wconf 79' lang='lat' dir='ltr'>alioqui</span> <span class='ocrx_word' id='word_1_51' title='bbox 631 1440 760 1504; x_wconf 84' lang='lat' dir='ltr'>scientia</span> <span class='ocrx_word' id='word_1_52' title='bbox 788 1442 819 1505; x_wconf 83' lang='lat' dir='ltr'>e&#39;t</span> <span class='ocrx_word' id='word_1_53' title='bbox 846 1441 957 1507; x_wconf 91' lang='lat' dir='ltr'>iudicio</span> <span class='ocrx_word' id='word_1_54' title='bbox 984 1444 1032 1523; x_wconf 93' lang='lat' dir='ltr'>in·</span> <span class='ocrx_word' id='word_1_55' title='bbox 1152 1475 1157 1481; x_wconf 93' lang='lat'>·</span> <span class='ocrx_word' id='word_1_56' title='bbox 1248 1441 1258 1447; x_wconf 82' lang='lat'>&#39;</span> 
     </span>
    </p>
   </div>
   <div class='ocr_carea' id='block_1_4' title="bbox 40 1544 1033 3430">
    <p class='ocr_par' dir='ltr' id='par_1_4' title="bbox 40 1544 1033 3430">
     <span class='ocr_line' id='line_1_8' title="bbox 41 1544 1032 1623; baseline 0.002 -13"><span class='ocrx_word' id='word_1_57' title='bbox 41 1547 78 1610; x_wconf 88' lang='lat' dir='ltr'>cti</span> <span class='ocrx_word' id='word_1_58' title='bbox 100 1547 130 1608; x_wconf 90' lang='lat' dir='ltr'>in</span> <span class='ocrx_word' id='word_1_59' title='bbox 161 1544 279 1609; x_wconf 87' lang='lat' dir='ltr'>Seneca</span> <span class='ocrx_word' id='word_1_60' title='bbox 299 1546 503 1622; x_wconf 78' lang='lat' dir='ltr'>elaborarunt,</span> <span class='ocrx_word' id='word_1_61' title='bbox 534 1546 691 1620; x_wconf 80' lang='lat' dir='ltr'>Erasmus,</span> <span class='ocrx_word' id='word_1_62' title='bbox 721 1546 893 1623; x_wconf 78' lang='lat' dir='ltr'>Pincianus,</span> <span class='ocrx_word' id='word_1_63' title='bbox 927 1547 1032 1612; x_wconf 89' lang='lat' dir='ltr'>Mure·</span> 
     </span>
     <span class='ocr_line' id='line_1_9' title="bbox 53 1650 1032 1734; baseline 0.002 -19"><span class='ocrx_word' id='word_1_64' title='bbox 53 1652 184 1733; x_wconf 84' lang='lat' dir='ltr'>lipsius,</span> <span class='ocrx_word' id='word_1_65' title='bbox 210 1650 392 1724; x_wconf 84' lang='lat' dir='ltr'>Gronovius,</span> <span class='ocrx_word' id='word_1_66' title='bbox 414 1651 452 1716; x_wconf 90' lang='lat' dir='ltr'>ad</span> <span class='ocrx_word' id='word_1_67' title='bbox 476 1670 579 1716; x_wconf 90' lang='lat' dir='ltr'>eorum</span> <span class='ocrx_word' id='word_1_68' title='bbox 602 1651 694 1716; x_wconf 86' lang='lat' dir='ltr'>fidem</span> <span class='ocrx_word' id='word_1_69' title='bbox 718 1652 885 1717; x_wconf 88' lang='lat' dir='ltr'>orationem</span> <span class='ocrx_word' id='word_1_70' title='bbox 911 1651 1032 1734; x_wconf 82' lang='lat' dir='ltr'>erigere</span> 
     </span>
     <span class='ocr_line' id='line_1_10' title="bbox 41 1758 1030 1840; baseline 0.002 -20"><span class='ocrx_word' id='word_1_71' title='bbox 41 1775 173 1822; x_wconf 74' lang='lat' dir='ltr'>revocare</span> <span class='ocrx_word' id='word_1_72' title='bbox 207 1759 380 1839; x_wconf 86' lang='lat' dir='ltr'>potuerunt,</span> <span class='ocrx_word' id='word_1_73' title='bbox 417 1759 495 1840; x_wconf 90' lang='lat' dir='ltr'>quod</span> <span class='ocrx_word' id='word_1_74' title='bbox 525 1764 642 1822; x_wconf 88' lang='lat' dir='ltr'>ceteros</span> <span class='ocrx_word' id='word_1_75' title='bbox 674 1758 797 1822; x_wconf 89' lang='lat' dir='ltr'>omnino</span> <span class='ocrx_word' id='word_1_76' title='bbox 829 1775 888 1821; x_wconf 91' lang='lat' dir='ltr'>non</span> <span class='ocrx_word' id='word_1_77' title='bbox 911 1761 1030 1833; x_wconf 88' lang='lat' dir='ltr'>norant,</span> 
     </span>
     <span class='ocr_line' id='line_1_11' title="bbox 41 1846 1032 1929; baseline 0.002 -2"><span class='ocrx_word' id='word_1_78' title='bbox 41 1884 61 1927; x_wconf 94' lang='lat' dir='ltr'>n</span> <span class='ocrx_word' id='word_1_79' title='bbox 84 1863 294 1927; x_wconf 88' lang='lat' dir='ltr'>Nazariauum</span> <span class='ocrx_word' id='word_1_80' title='bbox 317 1846 496 1928; x_wconf 81' lang='lat' dir='ltr'>Gronovius</span> <span class='ocrx_word' id='word_1_81' title='bbox 518 1865 549 1927; x_wconf 90' lang='lat' dir='ltr'>in</span> <span class='ocrx_word' id='word_1_82' title='bbox 584 1864 669 1928; x_wconf 89' lang='lat' dir='ltr'>libris</span> <span class='ocrx_word' id='word_1_83' title='bbox 691 1864 729 1926; x_wconf 90' lang='lat' dir='ltr'>de</span> <span class='ocrx_word' id='word_1_84' title='bbox 751 1863 915 1928; x_wconf 86' lang='lat' dir='ltr'>clementie</span> <span class='ocrx_word' id='word_1_85' title='bbox 938 1866 971 1929; x_wconf 85' lang='lat' dir='ltr'>cl</span> <span class='ocrx_word' id='word_1_86' title='bbox 994 1864 1032 1929; x_wconf 91' lang='lat' dir='ltr'>de</span> 
     </span>
     <span class='ocr_line' id='line_1_12' title="bbox 41 1968 1031 2052; baseline 0.002 -21"><span class='ocrx_word' id='word_1_87' title='bbox 41 1970 121 2033; x_wconf 72' lang='lat' dir='ltr'>eliclis</span> <span class='ocrx_word' id='word_1_88' title='bbox 158 1968 324 2034; x_wconf 85' lang='lat' dir='ltr'>eGruteri</span> <span class='ocrx_word' id='word_1_89' title='bbox 351 1969 431 2033; x_wconf 90' lang='lat' dir='ltr'>notis</span> <span class='ocrx_word' id='word_1_90' title='bbox 452 1988 558 2052; x_wconf 92' lang='lat' dir='ltr'>parum</span> <span class='ocrx_word' id='word_1_91' title='bbox 587 1970 675 2052; x_wconf 88' lang='lat' dir='ltr'>plene</span> <span class='ocrx_word' id='word_1_92' title='bbox 697 1971 792 2035; x_wconf 86' lang='lat' dir='ltr'>norat.</span> <span class='ocrx_word' id='word_1_93' title='bbox 846 1968 903 2048; x_wconf 82' lang='lat' dir='ltr'>Qui</span> <span class='ocrx_word' id='word_1_94' title='bbox 927 1974 1031 2034; x_wconf 86' lang='lat' dir='ltr'>autem</span> 
     </span>
     <span class='ocr_line' id='line_1_13' title="bbox 41 2070 1032 2159; baseline 0 -20"><span class='ocrx_word' id='word_1_95' title='bbox 41 2076 119 2140; x_wconf 81' lang='lat' dir='ltr'>eritae</span> <span class='ocrx_word' id='word_1_96' title='bbox 136 2077 169 2140; x_wconf 88' lang='lat' dir='ltr'>cl</span> <span class='ocrx_word' id='word_1_97' title='bbox 191 2074 324 2139; x_wconf 76' lang='lat' dir='ltr'>indocte</span> <span class='ocrx_word' id='word_1_98' title='bbox 336 2075 496 2159; x_wconf 77' lang='lat' dir='ltr'>Rnblaopfii</span> <span class='ocrx_word' id='word_1_99' title='bbox 517 2070 710 2159; x_wconf 76' lang='lat' dir='ltr'>negligentia</span> <span class='ocrx_word' id='word_1_100' title='bbox 725 2077 757 2140; x_wconf 92' lang='lat' dir='ltr'>in</span> <span class='ocrx_word' id='word_1_101' title='bbox 781 2075 897 2140; x_wconf 80' lang='lat' dir='ltr'>Seneca</span> <span class='ocrx_word' id='word_1_102' title='bbox 914 2075 1032 2140; x_wconf 91' lang='lat' dir='ltr'>edendo</span> 
     </span>
     <span class='ocr_line' id='line_1_14' title="bbox 41 2180 1033 2264; baseline 0 -19"><span class='ocrx_word' id='word_1_103' title='bbox 41 2201 72 2245; x_wconf 93' lang='lat' dir='ltr'>ra</span> <span class='ocrx_word' id='word_1_104' title='bbox 92 2183 185 2246; x_wconf 69' lang='lat' dir='ltr'>aetam</span> <span class='ocrx_word' id='word_1_105' title='bbox 208 2182 366 2257; x_wconf 87' lang='lat' dir='ltr'>successit,</span> <span class='ocrx_word' id='word_1_106' title='bbox 389 2181 559 2258; x_wconf 78' lang='lat' dir='ltr'>liebertus,</span> <span class='ocrx_word' id='word_1_107' title='bbox 584 2181 712 2247; x_wconf 89' lang='lat' dir='ltr'>collecto</span> <span class='ocrx_word' id='word_1_108' title='bbox 734 2183 778 2258; x_wconf 80' lang='lat' dir='ltr'>(in</span> <span class='ocrx_word' id='word_1_109' title='bbox 801 2180 937 2264; x_wconf 85' lang='lat' dir='ltr'>epistolis</span> <span class='ocrx_word' id='word_1_110' title='bbox 961 2185 1033 2263; x_wconf 86' lang='lat' dir='ltr'>post</span> 
     </span>
     <span class='ocr_line' id='line_1_15' title="bbox 41 2286 1032 2370; baseline 0.002 -21"><span class='ocrx_word' id='word_1_111' title='bbox 41 2287 295 2370; x_wconf 80' lang='lat' dir='ltr'>neigbaeuserum)</span> <span class='ocrx_word' id='word_1_112' title='bbox 329 2286 420 2369; x_wconf 91' lang='lat' dir='ltr'>longe</span> <span class='ocrx_word' id='word_1_113' title='bbox 459 2287 574 2350; x_wconf 84' lang='lat' dir='ltr'>meiere</span> <span class='ocrx_word' id='word_1_114' title='bbox 606 2292 638 2351; x_wconf 91' lang='lat' dir='ltr'>et</span> <span class='ocrx_word' id='word_1_115' title='bbox 671 2286 883 2370; x_wconf 86' lang='lat' dir='ltr'>praestantiore</span> <span class='ocrx_word' id='word_1_116' title='bbox 916 2288 1032 2352; x_wconf 89' lang='lat' dir='ltr'>instru-</span> 
     </span>
     <span class='ocr_line' id='line_1_16' title="bbox 41 2392 1031 2479; baseline 0.006 -26"><span class='ocrx_word' id='word_1_117' title='bbox 41 2393 174 2475; x_wconf 74' lang='lat' dir='ltr'>tuipse</span> <span class='ocrx_word' id='word_1_118' title='bbox 198 2393 226 2457; x_wconf 93' lang='lat' dir='ltr'>ei</span> <span class='ocrx_word' id='word_1_119' title='bbox 249 2393 324 2456; x_wconf 88' lang='lat' dir='ltr'>bene</span> <span class='ocrx_word' id='word_1_120' title='bbox 346 2397 378 2457; x_wconf 85' lang='lat' dir='ltr'>et-</span> <span class='ocrx_word' id='word_1_121' title='bbox 398 2392 566 2475; x_wconf 87' lang='lat' dir='ltr'>prudenter</span> <span class='ocrx_word' id='word_1_122' title='bbox 588 2393 700 2457; x_wconf 85' lang='lat' dir='ltr'>utendo</span> <span class='ocrx_word' id='word_1_123' title='bbox 728 2394 821 2457; x_wconf 88' lang='lat' dir='ltr'>nimis</span> <span class='ocrx_word' id='word_1_124' title='bbox 843 2394 901 2459; x_wconf 82' lang='lat' dir='ltr'>luit</span> <span class='ocrx_word' id='word_1_125' title='bbox 922 2395 1031 2479; x_wconf 87' lang='lat' dir='ltr'>impar,</span> 
     </span>
     <span class='ocr_line' id='line_1_17' title="bbox 43 2498 1032 2582; baseline 0.002 -20"><span class='ocrx_word' id='word_1_126' title='bbox 43 2518 98 2580; x_wconf 87' lang='lat' dir='ltr'>que</span> <span class='ocrx_word' id='word_1_127' title='bbox 135 2518 172 2562; x_wconf 85' lang='lat' dir='ltr'>ex</span> <span class='ocrx_word' id='word_1_128' title='bbox 215 2499 264 2573; x_wconf 89' lang='lat' dir='ltr'>iis,</span> <span class='ocrx_word' id='word_1_129' title='bbox 307 2517 374 2580; x_wconf 84' lang='lat' dir='ltr'>quae</span> <span class='ocrx_word' id='word_1_130' title='bbox 416 2500 447 2562; x_wconf 92' lang='lat' dir='ltr'>iu</span> <span class='ocrx_word' id='word_1_131' title='bbox 489 2498 574 2562; x_wconf 85' lang='lat' dir='ltr'>bonis</span> <span class='ocrx_word' id='word_1_132' title='bbox 620 2500 775 2564; x_wconf 90' lang='lat' dir='ltr'>codicibus</span> <span class='ocrx_word' id='word_1_133' title='bbox 819 2504 940 2582; x_wconf 86' lang='lat' dir='ltr'>reperta</span> <span class='ocrx_word' id='word_1_134' title='bbox 982 2500 1032 2565; x_wconf 84' lang='lat' dir='ltr'>rel</span> 
     </span>
     <span class='ocr_line' id='line_1_18' title="bbox 40 2602 1032 2688; baseline 0.004 -23"><span class='ocrx_word' id='word_1_135' title='bbox 40 2603 97 2668; x_wconf 89' lang='lat' dir='ltr'>ima</span> <span class='ocrx_word' id='word_1_136' title='bbox 133 2622 169 2667; x_wconf 84' lang='lat' dir='ltr'>ex</span> <span class='ocrx_word' id='word_1_137' title='bbox 209 2605 295 2685; x_wconf 89' lang='lat' dir='ltr'>parto</span> <span class='ocrx_word' id='word_1_138' title='bbox 329 2602 451 2685; x_wconf 87' lang='lat' dir='ltr'>ingenio</span> <span class='ocrx_word' id='word_1_139' title='bbox 488 2604 661 2669; x_wconf 84' lang='lat' dir='ltr'>adiuvanda</span> <span class='ocrx_word' id='word_1_140' title='bbox 697 2611 798 2677; x_wconf 89' lang='lat' dir='ltr'>erunt,</span> <span class='ocrx_word' id='word_1_141' title='bbox 836 2605 1032 2688; x_wconf 80' lang='lat' dir='ltr'>perexiguum</span> 
     </span>
     <span class='ocr_line' id='line_1_19' title="bbox 41 2708 1033 2792; baseline 0.003 -21"><span class='ocrx_word' id='word_1_142' title='bbox 41 2710 131 2780; x_wconf 74' lang='lat' dir='ltr'>risset,</span> <span class='ocrx_word' id='word_1_143' title='bbox 154 2708 283 2785; x_wconf 84' lang='lat' dir='ltr'>infinita,</span> <span class='ocrx_word' id='word_1_144' title='bbox 306 2729 373 2792; x_wconf 85' lang='lat' dir='ltr'>quae</span> <span class='ocrx_word' id='word_1_145' title='bbox 394 2712 478 2773; x_wconf 86' lang='lat' dir='ltr'>recle</span> <span class='ocrx_word' id='word_1_146' title='bbox 501 2728 519 2772; x_wconf 92' lang='lat' dir='ltr'>a</span> <span class='ocrx_word' id='word_1_147' title='bbox 542 2711 691 2791; x_wconf 84' lang='lat' dir='ltr'>prioribus</span> <span class='ocrx_word' id='word_1_148' title='bbox 714 2712 796 2776; x_wconf 89' lang='lat' dir='ltr'>edita</span> <span class='ocrx_word' id='word_1_149' title='bbox 819 2714 921 2783; x_wconf 86' lang='lat' dir='ltr'>erant,</span> <span class='ocrx_word' id='word_1_150' title='bbox 947 2711 1033 2774; x_wconf 87' lang='lat' dir='ltr'>dete·</span> 
     </span>
     <span class='ocr_line' id='line_1_20' title="bbox 41 2803 1033 2903; baseline 0.005 -27"><span class='ocrx_word' id='word_1_151' title='bbox 41 2813 140 2888; x_wconf 69' lang='lat' dir='ltr'>eiecit,</span> <span class='ocrx_word' id='word_1_152' title='bbox 162 2816 298 2903; x_wconf 87' lang='lat' dir='ltr'>oratione</span> <span class='ocrx_word' id='word_1_153' title='bbox 321 2819 352 2880; x_wconf 87' lang='lat' dir='ltr'>et</span> <span class='ocrx_word' id='word_1_154' title='bbox 373 2803 528 2880; x_wconf 83' lang='lat' dir='ltr'>sententia</span> <span class='ocrx_word' id='word_1_155' title='bbox 551 2816 629 2880; x_wconf 88' lang='lat' dir='ltr'>mire</span> <span class='ocrx_word' id='word_1_156' title='bbox 652 2834 733 2897; x_wconf 84' lang='lat' dir='ltr'>saepe</span> <span class='ocrx_word' id='word_1_157' title='bbox 750 2835 892 2897; x_wconf 88' lang='lat' dir='ltr'>perversa</span> <span class='ocrx_word' id='word_1_158' title='bbox 932 2817 1033 2899; x_wconf 87' lang='lat' dir='ltr'>Longe</span> 
     </span>
     <span class='ocr_line' id='line_1_21' title="bbox 41 2919 1033 3003; baseline 0.005 -21"><span class='ocrx_word' id='word_1_159' title='bbox 41 2920 167 2983; x_wconf 84' lang='lat' dir='ltr'>uaestitit</span> <span class='ocrx_word' id='word_1_160' title='bbox 194 2919 367 2985; x_wconf 80' lang='lat' dir='ltr'>Fridericus</span> <span class='ocrx_word' id='word_1_161' title='bbox 389 2921 524 2985; x_wconf 88' lang='lat' dir='ltr'>Haasiue</span> <span class='ocrx_word' id='word_1_162' title='bbox 553 2922 744 3003; x_wconf 89' lang='lat' dir='ltr'>plurimaque</span> <span class='ocrx_word' id='word_1_163' title='bbox 767 2922 876 2986; x_wconf 90' lang='lat' dir='ltr'>melius</span> <span class='ocrx_word' id='word_1_164' title='bbox 899 2923 1033 2988; x_wconf 91' lang='lat' dir='ltr'>admini-</span> 
     </span>
     <span class='ocr_line' id='line_1_22' title="bbox 41 3025 1032 3112; baseline 0.008 -24"><span class='ocrx_word' id='word_1_165' title='bbox 41 3026 87 3089; x_wconf 83' lang='lat' dir='ltr'>rit.</span> <span class='ocrx_word' id='word_1_166' title='bbox 143 3026 204 3089; x_wconf 81' lang='lat' dir='ltr'>Sed</span> <span class='ocrx_word' id='word_1_167' title='bbox 226 3029 330 3090; x_wconf 88' lang='lat' dir='ltr'>tamen</span> <span class='ocrx_word' id='word_1_168' title='bbox 360 3045 397 3090; x_wconf 89' lang='lat' dir='ltr'>ne</span> <span class='ocrx_word' id='word_1_169' title='bbox 425 3026 452 3090; x_wconf 91' lang='lat' dir='ltr'>is</span> <span class='ocrx_word' id='word_1_170' title='bbox 480 3025 603 3108; x_wconf 90' lang='lat' dir='ltr'>quidem</span> <span class='ocrx_word' id='word_1_171' title='bbox 633 3028 671 3091; x_wconf 91' lang='lat' dir='ltr'>de</span> <span class='ocrx_word' id='word_1_172' title='bbox 701 3030 767 3092; x_wconf 85' lang='lat' dir='ltr'>toto</span> <span class='ocrx_word' id='word_1_173' title='bbox 800 3031 924 3112; x_wconf 88' lang='lat' dir='ltr'>negotio</span> <span class='ocrx_word' id='word_1_174' title='bbox 956 3027 1032 3096; x_wconf 83' lang='lat' dir='ltr'>sutis</span> 
     </span>
     <span class='ocr_line' id='line_1_23' title="bbox 41 3130 1033 3219; baseline 0.009 -25"><span class='ocrx_word' id='word_1_175' title='bbox 41 3149 89 3212; x_wconf 89' lang='lat' dir='ltr'>per</span> <span class='ocrx_word' id='word_1_176' title='bbox 100 3130 197 3195; x_wconf 89' lang='lat' dir='ltr'>libere</span> <span class='ocrx_word' id='word_1_177' title='bbox 211 3134 445 3214; x_wconf 87' lang='lat' dir='ltr'>constanterque</span> <span class='ocrx_word' id='word_1_178' title='bbox 457 3137 489 3197; x_wconf 87' lang='lat' dir='ltr'>et</span> <span class='ocrx_word' id='word_1_179' title='bbox 497 3131 949 3219; x_wconf 76' lang='lat' dir='ltr'>prudenteriudicavit;itaquc</span> <span class='ocrx_word' id='word_1_180' title='bbox 958 3137 1033 3202; x_wconf 87' lang='lat' dir='ltr'>reti·</span> 
     </span>
     <span class='ocr_line' id='line_1_24' title="bbox 57 3238 1033 3325; baseline 0.009 -26"><span class='ocrx_word' id='word_1_181' title='bbox 57 3238 211 3318; x_wconf 87' lang='lat' dir='ltr'>permulta</span> <span class='ocrx_word' id='word_1_182' title='bbox 225 3256 347 3319; x_wconf 86' lang='lat' dir='ltr'>prorsus</span> <span class='ocrx_word' id='word_1_183' title='bbox 360 3255 452 3302; x_wconf 91' lang='lat' dir='ltr'>sensu</span> <span class='ocrx_word' id='word_1_184' title='bbox 467 3257 555 3304; x_wconf 84' lang='lat' dir='ltr'>casse</span> <span class='ocrx_word' id='word_1_185' title='bbox 574 3240 605 3304; x_wconf 91' lang='lat' dir='ltr'>et</span> <span class='ocrx_word' id='word_1_186' title='bbox 626 3239 761 3304; x_wconf 88' lang='lat' dir='ltr'>oratione</span> <span class='ocrx_word' id='word_1_187' title='bbox 784 3240 943 3320; x_wconf 80' lang='lat' dir='ltr'>uitiosa1),</span> <span class='ocrx_word' id='word_1_188' title='bbox 966 3262 1033 3325; x_wconf 83' lang='lat' dir='ltr'>quae</span> 
     </span>
     <span class='ocr_line' id='line_1_25' title="bbox 41 3341 1031 3430; baseline 0.008 -26"><span class='ocrx_word' id='word_1_189' title='bbox 41 3360 54 3404; x_wconf 87' lang='lat' dir='ltr'>a</span> <span class='ocrx_word' id='word_1_190' title='bbox 87 3341 207 3407; x_wconf 86' lang='lat' dir='ltr'>ratione</span> <span class='ocrx_word' id='word_1_191' title='bbox 247 3343 409 3407; x_wconf 83' lang='lat' dir='ltr'>emendata</span> <span class='ocrx_word' id='word_1_192' title='bbox 447 3348 555 3420; x_wconf 86' lang='lat' dir='ltr'>erant,</span> <span class='ocrx_word' id='word_1_193' title='bbox 590 3347 656 3430; x_wconf 89' lang='lat' dir='ltr'>ipse</span> <span class='ocrx_word' id='word_1_194' title='bbox 689 3349 811 3422; x_wconf 89' lang='lat' dir='ltr'>autem,</span> <span class='ocrx_word' id='word_1_195' title='bbox 856 3366 926 3411; x_wconf 93' lang='lat' dir='ltr'>cum</span> <span class='ocrx_word' id='word_1_196' title='bbox 971 3367 1031 3414; x_wconf 90' lang='lat' dir='ltr'>non</span> 
     </span>
    </p>
   </div>
   <div class='ocr_carea' id='block_1_5' title="bbox 41 3595 166 3604">
    <p class='ocr_par' dir='ltr' id='par_1_5' title="bbox 41 3595 166 3604">
     <span class='ocr_line' id='line_1_26' title="bbox 41 3595 166 3604; baseline 0.024 -3"><span class='ocrx_word' id='word_1_197' title='bbox 41 3595 166 3604; x_wconf 44' lang='lat' dir='ltr'>m—</span> 
     </span>
    </p>
   </div>
   <div class='ocr_carea' id='block_1_6' title="bbox 41 3775 1063 4494">
    <p class='ocr_par' dir='ltr' id='par_1_6' title="bbox 41 3775 1063 4494">
     <span class='ocr_line' id='line_1_27' title="bbox 41 3775 1031 3848; baseline 0.005 -19"><span class='ocrx_word' id='word_1_198' title='bbox 41 3776 124 3832; x_wconf 81' lang='lat' dir='ltr'>llnins</span> <span class='ocrx_word' id='word_1_199' title='bbox 144 3778 184 3832; x_wconf 86' lang='lat' dir='ltr'>rei</span> <span class='ocrx_word' id='word_1_200' title='bbox 212 3777 292 3830; x_wconf 82' lang='lat' dir='ltr'>triste</span> <span class='ocrx_word' id='word_1_201' title='bbox 319 3781 347 3831; x_wconf 90' lang='lat' dir='ltr'>et</span> <span class='ocrx_word' id='word_1_202' title='bbox 369 3777 540 3832; x_wconf 87' lang='lat' dir='ltr'>memorabile</span> <span class='ocrx_word' id='word_1_203' title='bbox 562 3776 710 3845; x_wconf 82' lang='lat' dir='ltr'>exemplum</span> <span class='ocrx_word' id='word_1_204' title='bbox 736 3775 820 3832; x_wconf 82' lang='lat' dir='ltr'>habet</span> <span class='ocrx_word' id='word_1_205' title='bbox 845 3778 932 3846; x_wconf 85' lang='lat' dir='ltr'>prima</span> <span class='ocrx_word' id='word_1_206' title='bbox 951 3780 1031 3848; x_wconf 90' lang='lat' dir='ltr'>primi</span> 
     </span>
     <span class='ocr_line' id='line_1_28' title="bbox 41 3868 1031 3939; baseline 0.006 -19"><span class='ocrx_word' id='word_1_207' title='bbox 41 3870 183 3924; x_wconf 83' lang='lat' dir='ltr'>voluminis</span> <span class='ocrx_word' id='word_1_208' title='bbox 203 3870 339 3923; x_wconf 85' lang='lat' dir='ltr'>sententia</span> <span class='ocrx_word' id='word_1_209' title='bbox 364 3868 411 3934; x_wconf 86' lang='lat' dir='ltr'>(de</span> <span class='ocrx_word' id='word_1_210' title='bbox 429 3869 534 3939; x_wconf 83' lang='lat' dir='ltr'>prorid.</span> <span class='ocrx_word' id='word_1_211' title='bbox 553 3874 577 3934; x_wconf 90' lang='lat' dir='ltr'>l,</span> <span class='ocrx_word' id='word_1_212' title='bbox 608 3871 645 3939; x_wconf 84' lang='lat'>1),</span> <span class='ocrx_word' id='word_1_213' title='bbox 673 3868 743 3938; x_wconf 79' lang='lat' dir='ltr'>apud</span> <span class='ocrx_word' id='word_1_214' title='bbox 762 3884 822 3922; x_wconf 90' lang='lat' dir='ltr'>eum</span> <span class='ocrx_word' id='word_1_215' title='bbox 843 3874 904 3937; x_wconf 88' lang='lat' dir='ltr'>post</span> <span class='ocrx_word' id='word_1_216' title='bbox 922 3870 1031 3926; x_wconf 82' lang='lat' dir='ltr'>Ficker-</span> 
     </span>
     <span class='ocr_line' id='line_1_29' title="bbox 41 3957 1033 4029; baseline 0.002 -14"><span class='ocrx_word' id='word_1_217' title='bbox 41 3964 94 4016; x_wconf 83' lang='lat' dir='ltr'>tnm</span> <span class='ocrx_word' id='word_1_218' title='bbox 118 3977 133 4016; x_wconf 88' lang='lat' dir='ltr'>e</span> <span class='ocrx_word' id='word_1_219' title='bbox 157 3961 294 4017; x_wconf 81' lang='lat' dir='ltr'>codicibus</span> <span class='ocrx_word' id='word_1_220' title='bbox 317 3957 351 4016; x_wconf 81' lang='lat' dir='ltr'>nd</span> <span class='ocrx_word' id='word_1_221' title='bbox 375 3961 531 4017; x_wconf 86' lang='lat' dir='ltr'>horribilem</span> <span class='ocrx_word' id='word_1_222' title='bbox 554 3962 622 4016; x_wconf 84' lang='lat' dir='ltr'>hanc</span> <span class='ocrx_word' id='word_1_223' title='bbox 654 3961 767 4016; x_wconf 79' lang='lat' dir='ltr'>formum</span> <span class='ocrx_word' id='word_1_224' title='bbox 791 3959 904 4029; x_wconf 82' lang='lat' dir='ltr'>scripta:</span> <span class='ocrx_word' id='word_1_225' title='bbox 941 3961 1033 4028; x_wconf 82' lang='lat' dir='ltr'>Qua·</span> 
     </span>
     <span class='ocr_line' id='line_1_30' title="bbox 41 4052 1032 4124; baseline 0.002 -17"><span class='ocrx_word' id='word_1_226' title='bbox 41 4054 121 4108; x_wconf 81' lang='lat' dir='ltr'>sisti</span> <span class='ocrx_word' id='word_1_227' title='bbox 139 4070 236 4119; x_wconf 86' lang='lat' dir='ltr'>a-me,</span> <span class='ocrx_word' id='word_1_228' title='bbox 259 4054 387 4116; x_wconf 79' lang='lat' dir='ltr'>Lucili,</span> <span class='ocrx_word' id='word_1_229' title='bbox 407 4054 489 4124; x_wconf 90' lang='lat' dir='ltr'>quid</span> <span class='ocrx_word' id='word_1_230' title='bbox 506 4055 572 4118; x_wconf 87' lang='lat' dir='ltr'>ita,</span> <span class='ocrx_word' id='word_1_231' title='bbox 591 4055 621 4109; x_wconf 90' lang='lat' dir='ltr'>si</span> <span class='ocrx_word' id='word_1_232' title='bbox 639 4052 865 4124; x_wconf 79' lang='lat' dir='ltr'>providentis</span> <span class='ocrx_word' id='word_1_233' title='bbox 883 4054 1032 4109; x_wconf 90' lang='lat' dir='ltr'>mundus</span> 
     </span>
     <span class='ocr_line' id='line_1_31' title="bbox 41 4145 1063 4229; baseline 0.001 -29"><span class='ocrx_word' id='word_1_234' title='bbox 41 4150 210 4217; x_wconf 84' lang='lat' dir='ltr'>ageretur,</span> <span class='ocrx_word' id='word_1_235' title='bbox 246 4147 359 4202; x_wconf 82' lang='lat' dir='ltr'>malta</span> <span class='ocrx_word' id='word_1_236' title='bbox 388 4147 491 4202; x_wconf 90' lang='lat' dir='ltr'>bonis</span> <span class='ocrx_word' id='word_1_237' title='bbox 520 4149 605 4202; x_wconf 81' lang='lat' dir='ltr'>viris</span> <span class='ocrx_word' id='word_1_238' title='bbox 637 4146 727 4200; x_wconf 87' lang='lat' dir='ltr'>mala</span> <span class='ocrx_word' id='word_1_239' title='bbox 760 4145 932 4207; x_wconf 84' lang='lat' dir='ltr'>accidere,</span> <span class='ocrx_word' id='word_1_240' title='bbox 970 4162 1063 4229; x_wconf 42' lang='lat' dir='ltr'>cum·</span> 
     </span>
     <span class='ocr_line' id='line_1_32' title="bbox 41 4237 1031 4308; baseline 0 -14"><span class='ocrx_word' id='word_1_241' title='bbox 41 4243 107 4294; x_wconf 84' lang='lat' dir='ltr'>recte</span> <span class='ocrx_word' id='word_1_242' title='bbox 124 4240 229 4308; x_wconf 87' lang='lat' dir='ltr'>pridem</span> <span class='ocrx_word' id='word_1_243' title='bbox 248 4239 373 4294; x_wconf 83' lang='lat' dir='ltr'>ederetur</span> <span class='ocrx_word' id='word_1_244' title='bbox 395 4239 613 4304; x_wconf 85' lang='lat' dir='ltr'>acciderent,</span> <span class='ocrx_word' id='word_1_245' title='bbox 641 4242 758 4292; x_wconf 76' lang='lat' dir='ltr'>conecto</span> <span class='ocrx_word' id='word_1_246' title='bbox 782 4237 834 4291; x_wconf 88' lang='lat' dir='ltr'>illa</span> <span class='ocrx_word' id='word_1_247' title='bbox 853 4241 1031 4294; x_wconf 79' lang='lat' dir='ltr'>extremarum</span> 
     </span>
     <span class='ocr_line' id='line_1_33' title="bbox 41 4328 1033 4403; baseline -0.001 -16"><span class='ocrx_word' id='word_1_248' title='bbox 41 4333 187 4387; x_wconf 81' lang='lat' dir='ltr'>ittsnrum</span> <span class='ocrx_word' id='word_1_249' title='bbox 206 4331 416 4395; x_wconf 69' lang='lat' dir='ltr'>detruncatione,</span> <span class='ocrx_word' id='word_1_250' title='bbox 435 4348 518 4402; x_wconf 56' lang='lat' dir='ltr'>quam,</span> <span class='ocrx_word' id='word_1_251' title='bbox 534 4333 562 4386; x_wconf 89' lang='lat' dir='ltr'>in</span> <span class='ocrx_word' id='word_1_252' title='bbox 581 4331 662 4385; x_wconf 87' lang='lat' dir='ltr'>buius</span> <span class='ocrx_word' id='word_1_253' title='bbox 680 4331 765 4399; x_wconf 80' lang='lat' dir='ltr'>partis</span> <span class='ocrx_word' id='word_1_254' title='bbox 780 4328 871 4386; x_wconf 89' lang='lat' dir='ltr'>codice</span> <span class='ocrx_word' id='word_1_255' title='bbox 887 4331 1033 4403; x_wconf 85' lang='lat' dir='ltr'>archetypo</span> 
     </span>
     <span class='ocr_line' id='line_1_34' title="bbox 41 4422 1032 4494; baseline -0.001 -14"><span class='ocrx_word' id='word_1_256' title='bbox 41 4442 85 4480; x_wconf 82' lang='lat' dir='ltr'>ren</span> <span class='ocrx_word' id='word_1_257' title='bbox 105 4440 165 4479; x_wconf 80' lang='lat' dir='ltr'>raro</span> <span class='ocrx_word' id='word_1_258' title='bbox 181 4422 308 4479; x_wconf 84' lang='lat' dir='ltr'>accidisse</span> <span class='ocrx_word' id='word_1_259' title='bbox 325 4424 407 4493; x_wconf 80' lang='lat' dir='ltr'>paulo</span> <span class='ocrx_word' id='word_1_260' title='bbox 424 4428 488 4494; x_wconf 81' lang='lat' dir='ltr'>post</span> <span class='ocrx_word' id='word_1_261' title='bbox 504 4422 651 4479; x_wconf 81' lang='lat' dir='ltr'>ostendam.</span> <span class='ocrx_word' id='word_1_262' title='bbox 689 4422 755 4487; x_wconf 79' lang='lat' dir='ltr'>(Cir.</span> <span class='ocrx_word' id='word_1_263' title='bbox 775 4424 875 4479; x_wconf 85' lang='lat' dir='ltr'>consol.</span> <span class='ocrx_word' id='word_1_264' title='bbox 894 4424 930 4479; x_wconf 89' lang='lat' dir='ltr'>ad</span> <span class='ocrx_word' id='word_1_265' title='bbox 949 4425 1032 4479; x_wconf 86' lang='lat' dir='ltr'>Marc.</span> 
     </span>
    </p>
   </div>
   <div class='ocr_carea' id='block_1_7' title="bbox 41 4515 1032 4663">
    <p class='ocr_par' dir='ltr' id='par_1_7' title="bbox 41 4515 1032 4663">
     <span class='ocr_line' id='line_1_35' title="bbox 41 4515 1032 4593; baseline -0.003 -17"><span class='ocrx_word' id='word_1_266' title='bbox 41 4521 73 4585; x_wconf 76' lang='lat' dir='ltr'>u,</span> <span class='ocrx_word' id='word_1_267' title='bbox 96 4516 295 4593; x_wconf 83' lang='lat' dir='ltr'>lobducerc</span> <span class='ocrx_word' id='word_1_268' title='bbox 313 4515 790 4586; x_wconf 75' lang='lat' dir='ltr'>inAproobducarcntur(edd.</span> <span class='ocrx_word' id='word_1_269' title='bbox 802 4517 1032 4586; x_wconf 81' lang='lat' dir='ltr'>obducerent).</span> 
     </span>
     <span class='ocr_line' id='line_1_36' title="bbox 44 4608 829 4663; baseline -0.011 -18"><span class='ocrx_word' id='word_1_270' title='bbox 44 4609 122 4645; x_wconf 68' lang='lat' dir='ltr'>{moll</span> <span class='ocrx_word' id='word_1_271' title='bbox 134 4611 214 4646; x_wconf 73' lang='grc' dir='ltr'>Αιπιι.</span> <span class='ocrx_word' id='word_1_272' title='bbox 226 4611 276 4645; x_wconf 78' lang='lat' dir='ltr'>cna·</span> <span class='ocrx_word' id='word_1_273' title='bbox 299 4608 321 4642; x_wconf 91' lang='grc'>11.</span> <span class='ocrx_word' id='word_1_274' title='bbox 797 4618 829 4663; x_wconf 63' lang='lat'>22</span> 
     </span>
    </p>
   </div>
   <div class='ocr_carea' id='block_1_8' title="bbox 0 0 1318 5070">
    <p class='ocr_par' dir='ltr' id='par_1_8' title="bbox 0 0 1318 5070">
     <span class='ocr_line' id='line_1_37' title="bbox 0 0 1318 5070; baseline 0 0"><span class='ocrx_word' id='word_1_275' title='bbox 0 0 1318 5070; x_wconf 95' lang='lat' dir='ltr'> </span> 
     </span>
    </p>
   </div>
  </div>
 </body>
</html>
