<?xml version="1.0" encoding="UTF-8"?>
<!DOCTYPE html PUBLIC "-//W3C//DTD XHTML 1.0 Transitional//EN"
    "http://www.w3.org/TR/xhtml1/DTD/xhtml1-transitional.dtd">
<html xmlns="http://www.w3.org/1999/xhtml" xml:lang="en" lang="en">
 <head>
  <title>
</title>
<meta http-equiv="Content-Type" content="text/html;charset=utf-8" />
  <meta name='ocr-system' content='tesseract 3.04.00' />
  <meta name='ocr-capabilities' content='ocr_page ocr_carea ocr_par ocr_line ocrx_word'/>
</head>
<body>
  <div class='ocr_page' id='page_1' title='image "./ioniemadvigiiad00madvgoog_0880.png"; bbox 0 0 2654 5010; ppageno 0'>
   <div class='ocr_carea' id='block_1_1' title="bbox 238 244 870 315">
    <p class='ocr_par' dir='ltr' id='par_1_1' title="bbox 238 244 870 315">
     <span class='ocr_line' id='line_1_1' title="bbox 238 244 870 315; baseline -0.002 -14"><span class='ocrx_word' id='word_1_1' title='bbox 238 249 300 312; x_wconf 76' lang='lat'><strong>184</strong></span> <span class='ocrx_word' id='word_1_2' title='bbox 596 245 658 302; x_wconf 77' lang='lat' dir='ltr'><strong>mo.</strong></span> <span class='ocrx_word' id='word_1_3' title='bbox 675 244 711 299; x_wconf 91' lang='lat'><strong>11.</strong></span> <span class='ocrx_word' id='word_1_4' title='bbox 731 244 799 315; x_wconf 70' lang='lat' dir='ltr'><strong>Cep.</strong></span> <span class='ocrx_word' id='word_1_5' title='bbox 817 244 870 300; x_wconf 88' lang='grc' dir='ltr'>ΙΙΙ.</span> 
     </span>
    </p>
   </div>
   <div class='ocr_carea' id='block_1_2' title="bbox 195 441 1316 1166">
    <p class='ocr_par' dir='ltr' id='par_1_2' title="bbox 195 441 1316 1166">
     <span class='ocr_line' id='line_1_2' title="bbox 195 441 1270 528; baseline -0.005 -17"><span class='ocrx_word' id='word_1_6' title='bbox 195 448 279 512; x_wconf 85' lang='lat' dir='ltr'><strong>tione</strong></span> <span class='ocrx_word' id='word_1_7' title='bbox 311 447 486 511; x_wconf 87' lang='lat' dir='ltr'><strong>constanter</strong></span> <span class='ocrx_word' id='word_1_8' title='bbox 519 443 687 528; x_wconf 86' lang='lat' dir='ltr'><strong>Pompeius</strong></span> <span class='ocrx_word' id='word_1_9' title='bbox 719 441 812 521; x_wconf 85' lang='lat' dir='ltr'><strong>ille,</strong></span> <span class='ocrx_word' id='word_1_10' title='bbox 847 441 960 508; x_wconf 61' lang='lat' dir='ltr'><strong>Cesar</strong></span> <span class='ocrx_word' id='word_1_11' title='bbox 997 442 1071 508; x_wconf 89' lang='lat' dir='ltr'><strong>hic</strong></span> <span class='ocrx_word' id='word_1_12' title='bbox 1108 442 1270 526; x_wconf 75' lang='lat' dir='ltr'><strong>appelletur,</strong></span> 
     </span>
     <span class='ocr_line' id='line_1_3' title="bbox 196 547 1271 634; baseline -0.003 -19"><span class='ocrx_word' id='word_1_13' title='bbox 196 552 279 617; x_wconf 86' lang='lat' dir='ltr'><strong>iste</strong></span> <span class='ocrx_word' id='word_1_14' title='bbox 314 568 481 634; x_wconf 83' lang='lat' dir='ltr'>pronomen</span> <span class='ocrx_word' id='word_1_15' title='bbox 507 548 553 616; x_wconf 86' lang='lat' dir='ltr'><strong>ud</strong></span> <span class='ocrx_word' id='word_1_16' title='bbox 587 551 732 617; x_wconf 87' lang='lat' dir='ltr'><strong>neutrum</strong></span> <span class='ocrx_word' id='word_1_17' title='bbox 767 547 1030 616; x_wconf 71' lang='lat' dir='ltr'><strong>accommodari.</strong></span> <span class='ocrx_word' id='word_1_18' title='bbox 1051 550 1165 634; x_wconf 83' lang='lat' dir='ltr'><strong>potest</strong></span> <span class='ocrx_word' id='word_1_19' title='bbox 1216 547 1271 613; x_wconf 87' lang='lat' dir='ltr'><strong>Una</strong></span> 
     </span>
     <span class='ocr_line' id='line_1_4' title="bbox 198 655 1270 724; baseline -0.004 0"><span class='ocrx_word' id='word_1_20' title='bbox 198 658 306 724; x_wconf 79' lang='lat' dir='ltr'><strong>littera</strong></span> <span class='ocrx_word' id='word_1_21' title='bbox 337 659 458 723; x_wconf 63' lang='lat' dir='ltr'><strong>munta</strong></span> <span class='ocrx_word' id='word_1_22' title='bbox 490 658 590 722; x_wconf 81' lang='lat' dir='ltr'><strong>totam</strong></span> <span class='ocrx_word' id='word_1_23' title='bbox 622 656 809 722; x_wconf 86' lang='lat' dir='ltr'><strong>sententiam</strong></span> <span class='ocrx_word' id='word_1_24' title='bbox 846 656 1023 721; x_wconf 79' lang='lat' dir='ltr'><strong>restituet:</strong></span> <span class='ocrx_word' id='word_1_25' title='bbox 1057 656 1136 722; x_wconf 88' lang='lat' dir='ltr'><strong>Sed</strong></span> <span class='ocrx_word' id='word_1_26' title='bbox 1167 655 1270 720; x_wconf 84' lang='lat' dir='ltr'><strong>otiati</strong></span> 
     </span>
     <span class='ocr_line' id='line_1_5' title="bbox 199 761 1269 847; baseline 0 -18"><span class='ocrx_word' id='word_1_27' title='bbox 199 763 339 842; x_wconf 81' lang='lat' dir='ltr'><strong>(indicos,</strong></span> <span class='ocrx_word' id='word_1_28' title='bbox 361 782 435 847; x_wconf 89' lang='lat' dir='ltr'><strong>quos</strong></span> <span class='ocrx_word' id='word_1_29' title='bbox 457 764 492 828; x_wconf 92' lang='lat' dir='ltr'><strong>tu</strong></span> <span class='ocrx_word' id='word_1_30' title='bbox 507 762 781 840; x_wconf 76' lang='lat' dir='ltr'><strong>commemorasti),</strong></span> <span class='ocrx_word' id='word_1_31' title='bbox 803 761 904 846; x_wconf 87' lang='lat' dir='ltr'><strong>qnia</strong></span> <span class='ocrx_word' id='word_1_32' title='bbox 926 762 1027 845; x_wconf 85' lang='lat' dir='ltr'><strong>plus</strong></span> <span class='ocrx_word' id='word_1_33' title='bbox 1050 761 1269 830; x_wconf 79' lang='lat' dir='ltr'><strong>ostenderet.</strong></span> 
     </span>
     <span class='ocr_line' id='line_1_6' title="bbox 200 868 1268 953; baseline -0.005 -18"><span class='ocrx_word' id='word_1_34' title='bbox 200 887 315 953; x_wconf 88' lang='lat' dir='ltr'><strong>qnam</strong></span> <span class='ocrx_word' id='word_1_35' title='bbox 348 868 468 948; x_wconf 76' lang='lat' dir='ltr'><strong>lecit,</strong></span> <span class='ocrx_word' id='word_1_36' title='bbox 501 872 540 935; x_wconf 91' lang='lat' dir='ltr'><strong>et</strong></span> <span class='ocrx_word' id='word_1_37' title='bbox 568 868 691 953; x_wconf 84' lang='lat' dir='ltr'><strong>uulgo</strong></span> <span class='ocrx_word' id='word_1_38' title='bbox 720 868 841 933; x_wconf 89' lang='lat' dir='ltr'><strong>illum</strong></span> <span class='ocrx_word' id='word_1_39' title='bbox 873 869 946 953; x_wconf 90' lang='lat' dir='ltr'><strong>qui</strong></span> <span class='ocrx_word' id='word_1_40' title='bbox 977 869 1192 946; x_wconf 78' lang='lat' dir='ltr'><strong>amarunt,</strong></span> <span class='ocrx_word' id='word_1_41' title='bbox 1212 885 1268 932; x_wconf 92' lang='lat' dir='ltr'><strong>nou</strong></span> 
     </span>
     <span class='ocr_line' id='line_1_7' title="bbox 200 973 1269 1058; baseline -0.002 -18"><span class='ocrx_word' id='word_1_42' title='bbox 200 977 342 1040; x_wconf 89' lang='lat' dir='ltr'><strong>amant.</strong></span> <span class='ocrx_word' id='word_1_43' title='bbox 385 973 423 1039; x_wconf 91' lang='lat' dir='ltr'><strong>ln</strong></span> <span class='ocrx_word' id='word_1_44' title='bbox 445 973 594 1058; x_wconf 92' lang='lat' dir='ltr'><strong>Pompeio</strong></span> <span class='ocrx_word' id='word_1_45' title='bbox 616 993 676 1040; x_wconf 94' lang='lat' dir='ltr'><strong>non</strong></span> <span class='ocrx_word' id='word_1_46' title='bbox 705 975 835 1040; x_wconf 89' lang='lat' dir='ltr'><strong>amando</strong></span> <span class='ocrx_word' id='word_1_47' title='bbox 865 976 1101 1058; x_wconf 86' lang='lat' dir='ltr'><strong>conspirabant</strong></span> <span class='ocrx_word' id='word_1_48' title='bbox 1122 977 1156 1041; x_wconf 88' lang='lat' dir='ltr'><strong>et</strong></span> <span class='ocrx_word' id='word_1_49' title='bbox 1174 973 1269 1039; x_wconf 83' lang='lat' dir='ltr'><strong>indices</strong></span> 
     </span>
     <span class='ocr_line' id='line_1_8' title="bbox 200 1079 1316 1166; baseline -0.001 -21"><span class='ocrx_word' id='word_1_50' title='bbox 200 1080 250 1145; x_wconf 92' lang='lat' dir='ltr'><strong>illi</strong></span> <span class='ocrx_word' id='word_1_51' title='bbox 272 1084 304 1147; x_wconf 92' lang='lat' dir='ltr'><strong>et</strong></span> <span class='ocrx_word' id='word_1_52' title='bbox 324 1080 418 1165; x_wconf 83' lang='lat' dir='ltr'><strong>vulgo</strong></span> <span class='ocrx_word' id='word_1_53' title='bbox 441 1079 577 1158; x_wconf 92' lang='lat' dir='ltr'><strong>(omnino</strong></span> <span class='ocrx_word' id='word_1_54' title='bbox 600 1083 716 1160; x_wconf 78' lang='lat' dir='ltr'><strong>ceteri),</strong></span> <span class='ocrx_word' id='word_1_55' title='bbox 739 1084 793 1166; x_wconf 89' lang='lat' dir='ltr'><strong>qni</strong></span> <span class='ocrx_word' id='word_1_56' title='bbox 814 1081 907 1147; x_wconf 90' lang='lat' dir='ltr'><strong>illum</strong></span> <span class='ocrx_word' id='word_1_57' title='bbox 930 1083 1032 1147; x_wconf 88' lang='lat' dir='ltr'><strong>antea</strong></span> <span class='ocrx_word' id='word_1_58' title='bbox 1054 1081 1239 1147; x_wconf 74' lang='lat' dir='ltr'><strong>amaverant</strong></span> <span class='ocrx_word' id='word_1_59' title='bbox 1315 1087 1316 1104; x_wconf 65' lang='lat'>¹</span> 
     </span>
    </p>
   </div>
   <div class='ocr_carea' id='block_1_3' title="bbox 199 1231 1316 2252">
    <p class='ocr_par' dir='ltr' id='par_1_3' title="bbox 199 1231 1316 2252">
     <span class='ocr_line' id='line_1_9' title="bbox 237 1231 1268 1322; baseline -0.002 -27"><span class='ocrx_word' id='word_1_60' title='bbox 237 1304 251 1322; x_wconf 38' lang='lat' dir='ltr'><strong><em>f</em></strong></span> <span class='ocrx_word' id='word_1_61' title='bbox 300 1231 379 1298; x_wconf 90' lang='lat' dir='ltr'><strong>Ibid.</strong></span> <span class='ocrx_word' id='word_1_62' title='bbox 402 1234 452 1313; x_wconf 83' lang='lat'><strong>15,</strong></span> <span class='ocrx_word' id='word_1_63' title='bbox 479 1236 513 1298; x_wconf 88' lang='lat'><strong>1:</strong></span> <span class='ocrx_word' id='word_1_64' title='bbox 544 1233 636 1300; x_wconf 81' lang='lat' dir='ltr'><strong>Cum</strong></span> <span class='ocrx_word' id='word_1_65' title='bbox 659 1232 860 1299; x_wconf 82' lang='lat' dir='ltr'><strong>dedissem</strong></span> <span class='ocrx_word' id='word_1_66' title='bbox 883 1232 933 1298; x_wconf 84' lang='lat' dir='ltr'><strong>ad</strong></span> <span class='ocrx_word' id='word_1_67' title='bbox 956 1235 1000 1298; x_wconf 90' lang='lat' dir='ltr'><strong>te</strong></span> <span class='ocrx_word' id='word_1_68' title='bbox 1025 1233 1218 1309; x_wconf 82' lang='lat' dir='ltr'><strong>litterae,</strong></span> <span class='ocrx_word' id='word_1_69' title='bbox 1236 1233 1268 1295; x_wconf 89' lang='lat' dir='ltr'><strong>ul</strong></span> 
     </span>
     <span class='ocr_line' id='line_1_10' title="bbox 199 1337 1268 1424; baseline -0.003 -21"><span class='ocrx_word' id='word_1_70' title='bbox 199 1338 330 1404; x_wconf 86' lang='lat' dir='ltr'><strong>scires</strong></span> <span class='ocrx_word' id='word_1_71' title='bbox 363 1339 558 1406; x_wconf 75' lang='lat' dir='ltr'><strong>cesarem</strong></span> <span class='ocrx_word' id='word_1_72' title='bbox 591 1339 730 1424; x_wconf 78' lang='lat' dir='ltr'><strong>dapne</strong></span> <span class='ocrx_word' id='word_1_73' title='bbox 761 1338 846 1405; x_wconf 88' lang='lat' dir='ltr'><strong>VIl.</strong></span> <span class='ocrx_word' id='word_1_74' title='bbox 879 1337 968 1402; x_wconf 86' lang='lat' dir='ltr'><strong>Kal.</strong></span> <span class='ocrx_word' id='word_1_75' title='bbox 1004 1338 1115 1416; x_wconf 81' lang='lat' dir='ltr'><strong>fore,</strong></span> <span class='ocrx_word' id='word_1_76' title='bbox 1149 1339 1268 1403; x_wconf 83' lang='lat' dir='ltr'><strong>allate</strong></span> 
     </span>
     <span class='ocr_line' id='line_1_11' title="bbox 200 1441 1268 1528; baseline -0.004 -19"><span class='ocrx_word' id='word_1_77' title='bbox 200 1444 299 1509; x_wconf 90' lang='lat' dir='ltr'><strong>mihi</strong></span> <span class='ocrx_word' id='word_1_78' title='bbox 321 1443 453 1528; x_wconf 80' lang='lat' dir='ltr'><strong>Capua</strong></span> <span class='ocrx_word' id='word_1_79' title='bbox 474 1449 568 1512; x_wconf 85' lang='lat' dir='ltr'><strong>sunt</strong></span> <span class='ocrx_word' id='word_1_80' title='bbox 589 1449 630 1511; x_wconf 93' lang='lat' dir='ltr'><strong>et</strong></span> <span class='ocrx_word' id='word_1_81' title='bbox 650 1447 719 1512; x_wconf 89' lang='lat' dir='ltr'><strong>hoe</strong></span> <span class='ocrx_word' id='word_1_82' title='bbox 740 1444 840 1509; x_wconf 91' lang='lat' dir='ltr'><strong>mihi</strong></span> <span class='ocrx_word' id='word_1_83' title='bbox 867 1449 907 1510; x_wconf 93' lang='lat' dir='ltr'><strong>et</strong></span> <span class='ocrx_word' id='word_1_84' title='bbox 928 1445 968 1509; x_wconf 90' lang='lat' dir='ltr'><strong>in</strong></span> <span class='ocrx_word' id='word_1_85' title='bbox 994 1445 1161 1510; x_wconf 82' lang='lat' dir='ltr'><strong>Albano</strong></span> <span class='ocrx_word' id='word_1_86' title='bbox 1183 1441 1268 1526; x_wconf 86' lang='lat' dir='ltr'><strong>apud</strong></span> 
     </span>
     <span class='ocr_line' id='line_1_12' title="bbox 201 1550 1316 1642; baseline -0.004 -26"><span class='ocrx_word' id='word_1_87' title='bbox 201 1550 412 1617; x_wconf 82' lang='lat' dir='ltr'><strong>Curionem</strong></span> <span class='ocrx_word' id='word_1_88' title='bbox 433 1570 462 1616; x_wconf 85' lang='lat' dir='ltr'><strong>v.</strong></span> <span class='ocrx_word' id='word_1_89' title='bbox 478 1551 517 1616; x_wconf 88' lang='grc' dir='ltr'><strong>Κ.</strong></span> <span class='ocrx_word' id='word_1_90' title='bbox 540 1552 625 1618; x_wconf 84' lang='lat' dir='ltr'><strong>fore</strong></span> <span class='ocrx_word' id='word_1_91' title='bbox 647 1556 706 1619; x_wconf 88' lang='lat' dir='ltr'><strong>cet.</strong></span> <span class='ocrx_word' id='word_1_92' title='bbox 740 1552 784 1616; x_wconf 83' lang='lat' dir='ltr'><strong>llx</strong></span> <span class='ocrx_word' id='word_1_93' title='bbox 804 1551 873 1633; x_wconf 88' lang='lat' dir='ltr'><strong>ipsa</strong></span> <span class='ocrx_word' id='word_1_94' title='bbox 893 1550 1066 1615; x_wconf 85' lang='lat' dir='ltr'><strong>verborum</strong></span> <span class='ocrx_word' id='word_1_95' title='bbox 1088 1550 1268 1633; x_wconf 85' lang='lat' dir='ltr'><strong>copulatione</strong></span> <span class='ocrx_word' id='word_1_96' title='bbox 1315 1637 1316 1642; x_wconf 5' lang='grc' dir='ltr'>ἵ</span> 
     </span>
     <span class='ocr_line' id='line_1_13' title="bbox 201 1653 1268 1742; baseline -0.005 -19"><span class='ocrx_word' id='word_1_97' title='bbox 201 1658 256 1733; x_wconf 90' lang='lat' dir='ltr'><strong>(et</strong></span> <span class='ocrx_word' id='word_1_98' title='bbox 275 1694 318 1706; x_wconf 91' lang='lat'><em>-</em></span> <span class='ocrx_word' id='word_1_99' title='bbox 338 1656 437 1723; x_wconf 91' lang='lat' dir='ltr'><strong>mihi</strong></span> <span class='ocrx_word' id='word_1_100' title='bbox 459 1660 511 1734; x_wconf 90' lang='lat' dir='ltr'><strong>et)</strong></span> <span class='ocrx_word' id='word_1_101' title='bbox 533 1661 662 1742; x_wconf 89' lang='lat' dir='ltr'><strong>apparet</strong></span> <span class='ocrx_word' id='word_1_102' title='bbox 682 1658 851 1735; x_wconf 82' lang='lat' dir='ltr'><strong>sententia,</strong></span> <span class='ocrx_word' id='word_1_103' title='bbox 885 1653 1073 1721; x_wconf 80' lang='lat' dir='ltr'><strong>Ciceronem</strong></span> <span class='ocrx_word' id='word_1_104' title='bbox 1110 1676 1131 1723; x_wconf 84' lang='lat' dir='ltr'><strong>a</strong></span> <span class='ocrx_word' id='word_1_105' title='bbox 1165 1657 1268 1722; x_wconf 73' lang='lat' dir='ltr'><strong>Cerere</strong></span> 
     </span>
     <span class='ocr_line' id='line_1_14' title="bbox 201 1759 1268 1848; baseline -0.002 -20"><span class='ocrx_word' id='word_1_106' title='bbox 201 1762 394 1846; x_wconf 89' lang='lat' dir='ltr'><strong>colloquendi</strong></span> <span class='ocrx_word' id='word_1_107' title='bbox 429 1766 616 1846; x_wconf 84' lang='lat' dir='ltr'><strong>potestatem</strong></span> <span class='ocrx_word' id='word_1_108' title='bbox 648 1765 805 1848; x_wconf 79' lang='lat' dir='ltr'><strong>petivisse,</strong></span> <span class='ocrx_word' id='word_1_109' title='bbox 836 1761 929 1826; x_wconf 91' lang='lat' dir='ltr'><strong>illum</strong></span> <span class='ocrx_word' id='word_1_110' title='bbox 963 1759 1113 1828; x_wconf 83' lang='lat' dir='ltr'><strong>Ciceroni</strong></span> <span class='ocrx_word' id='word_1_111' title='bbox 1152 1760 1268 1845; x_wconf 76' lang='lat' dir='ltr'><strong>duplicis</strong></span> 
     </span>
     <span class='ocr_line' id='line_1_15' title="bbox 201 1867 1268 1951; baseline -0.003 -18"><span class='ocrx_word' id='word_1_112' title='bbox 201 1869 271 1946; x_wconf 81' lang='lat' dir='ltr'><strong>loci,</strong></span> <span class='ocrx_word' id='word_1_113' title='bbox 301 1868 357 1934; x_wconf 93' lang='lat' dir='ltr'><strong>ubi</strong></span> <span class='ocrx_word' id='word_1_114' title='bbox 389 1869 551 1935; x_wconf 89' lang='lat' dir='ltr'><strong>convenire</strong></span> <span class='ocrx_word' id='word_1_115' title='bbox 582 1888 616 1936; x_wconf 87' lang='lat' dir='ltr'><strong>se</strong></span> <span class='ocrx_word' id='word_1_116' title='bbox 646 1871 759 1951; x_wconf 78' lang='lat' dir='ltr'><strong>posset</strong></span> <span class='ocrx_word' id='word_1_117' title='bbox 792 1867 946 1951; x_wconf 86' lang='lat' dir='ltr'><strong>optionem</strong></span> <span class='ocrx_word' id='word_1_118' title='bbox 969 1867 1120 1935; x_wconf 87' lang='lat' dir='ltr'><strong>dedisse:</strong></span> <span class='ocrx_word' id='word_1_119' title='bbox 1143 1869 1268 1934; x_wconf 86' lang='lat' dir='ltr'><strong>allata</strong></span> 
     </span>
     <span class='ocr_line' id='line_1_16' title="bbox 202 1971 1267 2060; baseline -0.003 -22"><span class='ocrx_word' id='word_1_120' title='bbox 202 1972 301 2039; x_wconf 90' lang='lat' dir='ltr'><strong>mihi</strong></span> <span class='ocrx_word' id='word_1_121' title='bbox 322 1973 456 2058; x_wconf 78' lang='lat' dir='ltr'><strong>Capua</strong></span> <span class='ocrx_word' id='word_1_122' title='bbox 477 1978 587 2055; x_wconf 78' lang='lat' dir='ltr'><strong>sunt,</strong></span> <span class='ocrx_word' id='word_1_123' title='bbox 610 1978 648 2042; x_wconf 92' lang='lat' dir='ltr'><strong>et</strong></span> <span class='ocrx_word' id='word_1_124' title='bbox 670 1974 942 2060; x_wconf 76' lang='lat' dir='ltr'><strong>lio&lt;eopian&gt;</strong></span> <span class='ocrx_word' id='word_1_125' title='bbox 961 1975 1065 2041; x_wconf 85' lang='lat' dir='ltr'><strong>milri</strong></span> <span class='ocrx_word' id='word_1_126' title='bbox 1088 1977 1132 2041; x_wconf 88' lang='lat' dir='ltr'><strong>et</strong></span> <span class='ocrx_word' id='word_1_127' title='bbox 1153 1976 1191 2041; x_wconf 92' lang='lat' dir='ltr'><strong>in</strong></span> <span class='ocrx_word' id='word_1_128' title='bbox 1211 1971 1267 2038; x_wconf 81' lang='lat' dir='ltr'><strong>nl·</strong></span> 
     </span>
     <span class='ocr_line' id='line_1_17' title="bbox 201 2078 1268 2165; baseline 0.005 -18"><span class='ocrx_word' id='word_1_129' title='bbox 201 2083 302 2147; x_wconf 91' lang='lat' dir='ltr'><strong>bano</strong></span> <span class='ocrx_word' id='word_1_130' title='bbox 334 2083 436 2165; x_wconf 88' lang='lat' dir='ltr'><strong>apud</strong></span> <span class='ocrx_word' id='word_1_131' title='bbox 459 2082 671 2149; x_wconf 80' lang='lat' dir='ltr'><strong>Curionem</strong></span> <span class='ocrx_word' id='word_1_132' title='bbox 700 2080 736 2144; x_wconf 86' lang='lat' dir='ltr'><strong>V.</strong></span> <span class='ocrx_word' id='word_1_133' title='bbox 767 2079 806 2146; x_wconf 89' lang='grc' dir='ltr'><strong>Κ.</strong></span> <span class='ocrx_word' id='word_1_134' title='bbox 830 2081 899 2156; x_wconf 90' lang='lat' dir='ltr'><strong>(hoo</strong></span> <span class='ocrx_word' id='word_1_135' title='bbox 920 2083 987 2146; x_wconf 87' lang='lat' dir='ltr'><strong>est:</strong></span> <span class='ocrx_word' id='word_1_136' title='bbox 1013 2101 1041 2145; x_wconf 88' lang='lat' dir='ltr'><strong>a.</strong></span> <span class='ocrx_word' id='word_1_137' title='bbox 1067 2081 1098 2145; x_wconf 91' lang='lat' dir='ltr'><strong>d.</strong></span> <span class='ocrx_word' id='word_1_138' title='bbox 1125 2083 1162 2146; x_wconf 87' lang='lat' dir='ltr'><strong>V.</strong></span> <span class='ocrx_word' id='word_1_139' title='bbox 1186 2078 1268 2151; x_wconf 84' lang='lat' dir='ltr'><strong>Keil</strong></span> 
     </span>
     <span class='ocr_line' id='line_1_18' title="bbox 203 2187 298 2252; baseline -0.021 -1"><span class='ocrx_word' id='word_1_140' title='bbox 203 2187 298 2252; x_wconf 87' lang='lat' dir='ltr'><strong>lore.</strong></span> 
     </span>
    </p>
   </div>
   <div class='ocr_carea' id='block_1_4' title="bbox 201 2327 1269 3265">
    <p class='ocr_par' dir='ltr' id='par_1_4' title="bbox 201 2327 1269 3265">
     <span class='ocr_line' id='line_1_19' title="bbox 305 2327 1269 2408; baseline -0.004 -16"><span class='ocrx_word' id='word_1_141' title='bbox 305 2327 424 2408; x_wconf 74' lang='lat' dir='ltr'><strong>lbid.§</strong></span> <span class='ocrx_word' id='word_1_142' title='bbox 447 2329 484 2394; x_wconf 82' lang='lat'><strong>4:</strong></span> <span class='ocrx_word' id='word_1_143' title='bbox 515 2329 705 2395; x_wconf 81' lang='lat' dir='ltr'><strong>Mandata</strong></span> <span class='ocrx_word' id='word_1_144' title='bbox 738 2328 911 2394; x_wconf 81' lang='lat' dir='ltr'><strong>Caesaris</strong></span> <span class='ocrx_word' id='word_1_145' title='bbox 940 2329 987 2394; x_wconf 86' lang='lat' dir='ltr'><strong>ad</strong></span> <span class='ocrx_word' id='word_1_146' title='bbox 1024 2329 1269 2395; x_wconf 78' lang='lat' dir='ltr'><strong>consuleret</strong></span> 
     </span>
     <span class='ocr_line' id='line_1_20' title="bbox 202 2431 1268 2521; baseline 0.001 -25"><span class='ocrx_word' id='word_1_147' title='bbox 202 2431 248 2496; x_wconf 88' lang='lat' dir='ltr'><strong>ad</strong></span> <span class='ocrx_word' id='word_1_148' title='bbox 270 2432 519 2518; x_wconf 83' lang='lat' dir='ltr'><strong>Pompeium,</strong></span> <span class='ocrx_word' id='word_1_149' title='bbox 554 2456 635 2521; x_wconf 87' lang='lat' dir='ltr'><strong>quae</strong></span> <span class='ocrx_word' id='word_1_150' title='bbox 667 2453 802 2520; x_wconf 80' lang='lat' dir='ltr'><strong>rogas,</strong></span> <span class='ocrx_word' id='word_1_151' title='bbox 835 2435 947 2500; x_wconf 87' lang='lat' dir='ltr'><strong>nulla</strong></span> <span class='ocrx_word' id='word_1_152' title='bbox 975 2434 1128 2512; x_wconf 85' lang='lat' dir='ltr'><strong>habeo,</strong></span> <span class='ocrx_word' id='word_1_153' title='bbox 1155 2433 1268 2500; x_wconf 87' lang='lat' dir='ltr'><strong>etde·</strong></span> 
     </span>
     <span class='ocr_line' id='line_1_21' title="bbox 207 2539 1268 2625; baseline -0.003 -23"><span class='ocrx_word' id='word_1_154' title='bbox 207 2540 365 2621; x_wconf 87' lang='lat' dir='ltr'><strong>scripta</strong></span> <span class='ocrx_word' id='word_1_155' title='bbox 396 2543 545 2608; x_wconf 90' lang='lat' dir='ltr'><strong>attulit</strong></span> <span class='ocrx_word' id='word_1_156' title='bbox 578 2541 654 2607; x_wconf 89' lang='lat' dir='ltr'><strong>illa</strong></span> <span class='ocrx_word' id='word_1_157' title='bbox 685 2561 701 2608; x_wconf 93' lang='lat' dir='ltr'><strong>e</strong></span> <span class='ocrx_word' id='word_1_158' title='bbox 735 2541 799 2607; x_wconf 84' lang='lat' dir='ltr'><strong>via</strong></span> <span class='ocrx_word' id='word_1_159' title='bbox 828 2539 918 2605; x_wconf 90' lang='lat' dir='ltr'><strong>misi</strong></span> <span class='ocrx_word' id='word_1_160' title='bbox 941 2539 988 2605; x_wconf 86' lang='lat' dir='ltr'><strong>ad</strong></span> <span class='ocrx_word' id='word_1_161' title='bbox 1011 2545 1071 2617; x_wconf 85' lang='lat' dir='ltr'><strong>te,</strong></span> <span class='ocrx_word' id='word_1_162' title='bbox 1094 2559 1113 2605; x_wconf 93' lang='lat' dir='ltr'><strong>e</strong></span> <span class='ocrx_word' id='word_1_163' title='bbox 1138 2539 1268 2625; x_wconf 86' lang='lat' dir='ltr'><strong>quibos</strong></span> 
     </span>
     <span class='ocr_line' id='line_1_22' title="bbox 205 2643 1269 2733; baseline -0.002 -25"><span class='ocrx_word' id='word_1_164' title='bbox 205 2643 393 2711; x_wconf 86' lang='lat' dir='ltr'><strong>mandata</strong></span> <span class='ocrx_word' id='word_1_165' title='bbox 424 2652 520 2731; x_wconf 91' lang='lat' dir='ltr'><strong>puto</strong></span> <span class='ocrx_word' id='word_1_166' title='bbox 552 2647 740 2733; x_wconf 80' lang='lat' dir='ltr'><strong>intelligi</strong></span> <span class='ocrx_word' id='word_1_167' title='bbox 771 2665 898 2732; x_wconf 87' lang='lat' dir='ltr'><strong>posse.</strong></span> <span class='ocrx_word' id='word_1_168' title='bbox 943 2645 977 2710; x_wconf 90' lang='lat' dir='ltr'><strong>Si</strong></span> <span class='ocrx_word' id='word_1_169' title='bbox 999 2646 1112 2712; x_wconf 86' lang='lat' dir='ltr'><strong>Cicero</strong></span> <span class='ocrx_word' id='word_1_170' title='bbox 1136 2646 1269 2710; x_wconf 81' lang='lat' dir='ltr'><strong>mandata</strong></span> 
     </span>
     <span class='ocr_line' id='line_1_23' title="bbox 203 2749 1267 2838; baseline 0.006 -22"><span class='ocrx_word' id='word_1_171' title='bbox 203 2749 331 2817; x_wconf 79' lang='lat' dir='ltr'><strong>Caesarie</strong></span> <span class='ocrx_word' id='word_1_172' title='bbox 363 2771 424 2818; x_wconf 93' lang='lat' dir='ltr'><strong>non</strong></span> <span class='ocrx_word' id='word_1_173' title='bbox 456 2752 596 2831; x_wconf 85' lang='lat' dir='ltr'><strong>habebat,</strong></span> <span class='ocrx_word' id='word_1_174' title='bbox 628 2752 701 2838; x_wconf 88' lang='lat' dir='ltr'><strong>qnid</strong></span> <span class='ocrx_word' id='word_1_175' title='bbox 729 2752 862 2818; x_wconf 83' lang='lat' dir='ltr'><strong>habebat</strong></span> <span class='ocrx_word' id='word_1_176' title='bbox 889 2752 1040 2836; x_wconf 89' lang='lat' dir='ltr'><strong>misitque</strong></span> <span class='ocrx_word' id='word_1_177' title='bbox 1064 2753 1103 2817; x_wconf 90' lang='lat' dir='ltr'><strong>ed</strong></span> <span class='ocrx_word' id='word_1_178' title='bbox 1128 2754 1267 2822; x_wconf 76' lang='lat' dir='ltr'><strong>Atticum.</strong></span> 
     </span>
     <span class='ocr_line' id='line_1_24' title="bbox 202 2855 1268 2943; baseline 0 -22"><span class='ocrx_word' id='word_1_179' title='bbox 202 2855 285 2923; x_wconf 91' lang='lat' dir='ltr'><strong>uude</strong></span> <span class='ocrx_word' id='word_1_180' title='bbox 318 2858 384 2941; x_wconf 86' lang='lat' dir='ltr'><strong>ipsa</strong></span> <span class='ocrx_word' id='word_1_181' title='bbox 416 2859 564 2925; x_wconf 89' lang='lat' dir='ltr'><strong>mandata</strong></span> <span class='ocrx_word' id='word_1_182' title='bbox 595 2858 732 2943; x_wconf 85' lang='lat' dir='ltr'><strong>intelligi</strong></span> <span class='ocrx_word' id='word_1_183' title='bbox 764 2861 912 2942; x_wconf 84' lang='lat' dir='ltr'><strong>possent?</strong></span> <span class='ocrx_word' id='word_1_184' title='bbox 962 2858 1131 2943; x_wconf 86' lang='lat' dir='ltr'><strong>Responsa</strong></span> <span class='ocrx_word' id='word_1_185' title='bbox 1164 2860 1268 2926; x_wconf 84' lang='lat' dir='ltr'><strong>scilieet</strong></span> 
     </span>
     <span class='ocr_line' id='line_1_25' title="bbox 205 2961 1267 3049; baseline 0.004 -25"><span class='ocrx_word' id='word_1_186' title='bbox 205 2961 354 3047; x_wconf 82' lang='lat' dir='ltr'><strong>Pompeii,</strong></span> <span class='ocrx_word' id='word_1_187' title='bbox 378 2984 446 3048; x_wconf 85' lang='lat' dir='ltr'><strong>quae</strong></span> <span class='ocrx_word' id='word_1_188' title='bbox 468 2965 581 3049; x_wconf 86' lang='lat' dir='ltr'><strong>aliquis</strong></span> <span class='ocrx_word' id='word_1_189' title='bbox 603 2965 739 3031; x_wconf 85' lang='lat' dir='ltr'><strong>Ciceroni</strong></span> <span class='ocrx_word' id='word_1_190' title='bbox 761 2965 926 3041; x_wconf 89' lang='lat' dir='ltr'><strong>attolerat;</strong></span> <span class='ocrx_word' id='word_1_191' title='bbox 956 2964 1025 3031; x_wconf 89' lang='lat' dir='ltr'><strong>eius</strong></span> <span class='ocrx_word' id='word_1_192' title='bbox 1055 2987 1172 3035; x_wconf 93' lang='lat' dir='ltr'><strong>nomen</strong></span> <span class='ocrx_word' id='word_1_193' title='bbox 1201 2968 1267 3033; x_wconf 89' lang='lat' dir='ltr'><strong>latet</strong></span> 
     </span>
     <span class='ocr_line' id='line_1_26' title="bbox 201 3068 1267 3155; baseline 0.003 -24"><span class='ocrx_word' id='word_1_194' title='bbox 201 3068 233 3132; x_wconf 94' lang='lat' dir='ltr'><strong>in</strong></span> <span class='ocrx_word' id='word_1_195' title='bbox 274 3068 388 3136; x_wconf 87' lang='lat' dir='ltr'><strong>litteris</strong></span> <span class='ocrx_word' id='word_1_196' title='bbox 424 3071 500 3137; x_wconf 88' lang='lat' dir='ltr'><strong>illa</strong></span> <span class='ocrx_word' id='word_1_197' title='bbox 539 3091 556 3137; x_wconf 95' lang='lat' dir='ltr'><strong>e</strong></span> <span class='ocrx_word' id='word_1_198' title='bbox 594 3073 667 3137; x_wconf 85' lang='lat' dir='ltr'><strong>via.</strong></span> <span class='ocrx_word' id='word_1_199' title='bbox 728 3072 900 3155; x_wconf 77' lang='lat' dir='ltr'><strong>scripserat</strong></span> <span class='ocrx_word' id='word_1_200' title='bbox 931 3072 1058 3139; x_wconf 83' lang='lat' dir='ltr'><strong>Cicero:</strong></span> <span class='ocrx_word' id='word_1_201' title='bbox 1093 3111 1136 3122; x_wconf 89' lang='lat'>-</span> <span class='ocrx_word' id='word_1_202' title='bbox 1170 3071 1267 3139; x_wconf 83' lang='lat' dir='ltr'><strong>nulla</strong></span> 
     </span>
     <span class='ocr_line' id='line_1_27' title="bbox 202 3174 1266 3265; baseline 0.004 -28"><span class='ocrx_word' id='word_1_203' title='bbox 202 3174 343 3250; x_wconf 89' lang='lat' dir='ltr'><strong>habeo;</strong></span> <span class='ocrx_word' id='word_1_204' title='bbox 365 3179 417 3243; x_wconf 88' lang='lat' dir='ltr'><strong>set</strong></span> <span class='ocrx_word' id='word_1_205' title='bbox 437 3177 598 3265; x_wconf 85' lang='lat' dir='ltr'><strong>nesorlptn</strong></span> <span class='ocrx_word' id='word_1_206' title='bbox 618 3178 767 3244; x_wconf 89' lang='lat' dir='ltr'><strong>attulit</strong></span> <span class='ocrx_word' id='word_1_207' title='bbox 793 3177 933 3255; x_wconf 65' lang='lat' dir='ltr'><strong>Matium</strong></span> <span class='ocrx_word' id='word_1_208' title='bbox 966 3194 1007 3243; x_wconf 86' lang='lat' dir='ltr'><strong>ea</strong></span> <span class='ocrx_word' id='word_1_209' title='bbox 1040 3180 1139 3244; x_wconf 87' lang='lat' dir='ltr'><strong>misi</strong></span> <span class='ocrx_word' id='word_1_210' title='bbox 1167 3179 1213 3245; x_wconf 85' lang='lat' dir='ltr'><strong>ad</strong></span> <span class='ocrx_word' id='word_1_211' title='bbox 1235 3181 1266 3242; x_wconf 88' lang='lat' dir='ltr'><strong>te</strong></span> 
     </span>
    </p>
   </div>
   <div class='ocr_carea' id='block_1_5' title="bbox 201 3278 1265 3368">
    <p class='ocr_par' dir='ltr' id='par_1_5' title="bbox 201 3278 1265 3368">
     <span class='ocr_line' id='line_1_28' title="bbox 201 3278 1265 3368; baseline 0.007 -24"><span class='ocrx_word' id='word_1_212' title='bbox 201 3281 259 3344; x_wconf 87' lang='lat' dir='ltr'><strong>eet.</strong></span> <span class='ocrx_word' id='word_1_213' title='bbox 308 3278 375 3346; x_wconf 86' lang='lat' dir='ltr'><strong>Viae</strong></span> <span class='ocrx_word' id='word_1_214' title='bbox 406 3284 522 3350; x_wconf 85' lang='lat' dir='ltr'><strong>mentio</strong></span> <span class='ocrx_word' id='word_1_215' title='bbox 554 3303 679 3368; x_wconf 88' lang='lat' dir='ltr'><strong>prorsus</strong></span> <span class='ocrx_word' id='word_1_216' title='bbox 711 3285 812 3350; x_wconf 87' lang='lat' dir='ltr'><strong>aliena</strong></span> <span class='ocrx_word' id='word_1_217' title='bbox 844 3284 901 3348; x_wconf 89' lang='lat' dir='ltr'><strong>est.</strong></span> <span class='ocrx_word' id='word_1_218' title='bbox 952 3282 1046 3348; x_wconf 84' lang='lat' dir='ltr'><strong>Mutii</strong></span> <span class='ocrx_word' id='word_1_219' title='bbox 1070 3303 1198 3365; x_wconf 81' lang='lat' dir='ltr'><strong>nomeu,</strong></span> <span class='ocrx_word' id='word_1_220' title='bbox 1219 3285 1265 3350; x_wconf 78' lang='lat' dir='ltr'><strong>etei</strong></span> 
     </span>
    </p>
   </div>
   <div class='ocr_carea' id='block_1_6' title="bbox 199 3387 1266 3558">
    <p class='ocr_par' dir='ltr' id='par_1_6' title="bbox 199 3387 1266 3558">
     <span class='ocr_line' id='line_1_29' title="bbox 199 3387 1266 3470; baseline 0.002 -21"><span class='ocrx_word' id='word_1_221' title='bbox 199 3404 294 3469; x_wconf 90' lang='lat' dir='ltr'><strong>prope</strong></span> <span class='ocrx_word' id='word_1_222' title='bbox 323 3387 361 3451; x_wconf 92' lang='lat' dir='ltr'><strong>ad</strong></span> <span class='ocrx_word' id='word_1_223' title='bbox 396 3388 515 3456; x_wconf 86' lang='lat' dir='ltr'><strong>litteras</strong></span> <span class='ocrx_word' id='word_1_224' title='bbox 548 3389 675 3470; x_wconf 82' lang='lat' dir='ltr'><strong>accedit,</strong></span> <span class='ocrx_word' id='word_1_225' title='bbox 709 3395 827 3457; x_wconf 91' lang='lat' dir='ltr'><strong>certum</strong></span> <span class='ocrx_word' id='word_1_226' title='bbox 861 3409 919 3455; x_wconf 93' lang='lat' dir='ltr'><strong>non</strong></span> <span class='ocrx_word' id='word_1_227' title='bbox 953 3407 1031 3468; x_wconf 78' lang='lat' dir='ltr'><strong>esee,</strong></span> <span class='ocrx_word' id='word_1_228' title='bbox 1057 3409 1119 3456; x_wconf 94' lang='lat' dir='ltr'><strong>non</strong></span> <span class='ocrx_word' id='word_1_229' title='bbox 1144 3396 1202 3470; x_wconf 71' lang='lat' dir='ltr'><strong>est,</strong></span> <span class='ocrx_word' id='word_1_230' title='bbox 1223 3408 1266 3454; x_wconf 90' lang='lat' dir='ltr'><strong>cur</strong></span> 
     </span>
     <span class='ocr_line' id='line_1_30' title="bbox 200 3492 310 3558; baseline -0.009 -3"><span class='ocrx_word' id='word_1_231' title='bbox 200 3492 310 3558; x_wconf 90' lang='lat' dir='ltr'><strong>dicam.</strong></span> 
     </span>
    </p>
   </div>
   <div class='ocr_carea' id='block_1_7' title="bbox 197 3634 1266 4149">
    <p class='ocr_par' dir='ltr' id='par_1_7' title="bbox 197 3634 1266 4149">
     <span class='ocr_line' id='line_1_31' title="bbox 302 3634 1266 3713; baseline 0.002 -15"><span class='ocrx_word' id='word_1_232' title='bbox 302 3634 512 3713; x_wconf 76' lang='lat' dir='ltr'><strong>lbid·16‚3:</strong></span> <span class='ocrx_word' id='word_1_233' title='bbox 544 3636 762 3704; x_wconf 89' lang='lat' dir='ltr'><strong>Dolabella</strong></span> <span class='ocrx_word' id='word_1_234' title='bbox 794 3644 859 3705; x_wconf 91' lang='lat' dir='ltr'><strong>tuo</strong></span> <span class='ocrx_word' id='word_1_235' title='bbox 891 3637 998 3702; x_wconf 87' lang='lat' dir='ltr'><strong>nihil</strong></span> <span class='ocrx_word' id='word_1_236' title='bbox 1032 3639 1144 3706; x_wconf 89' lang='lat' dir='ltr'><strong>scito</strong></span> <span class='ocrx_word' id='word_1_237' title='bbox 1180 3637 1266 3706; x_wconf 90' lang='lat' dir='ltr'><strong>mili</strong></span> 
     </span>
     <span class='ocr_line' id='line_1_32' title="bbox 199 3739 1264 3828; baseline 0.006 -24"><span class='ocrx_word' id='word_1_238' title='bbox 199 3756 287 3805; x_wconf 86' lang='lat' dir='ltr'><strong>esse</strong></span> <span class='ocrx_word' id='word_1_239' title='bbox 310 3739 534 3809; x_wconf 88' lang='lat' dir='ltr'><strong>iucundius.</strong></span> <span class='ocrx_word' id='word_1_240' title='bbox 558 3745 668 3810; x_wconf 87' lang='lat' dir='ltr'><strong>Hanc</strong></span> <span class='ocrx_word' id='word_1_241' title='bbox 689 3744 785 3811; x_wconf 91' lang='lat' dir='ltr'><strong>adeo</strong></span> <span class='ocrx_word' id='word_1_242' title='bbox 808 3742 962 3810; x_wconf 90' lang='lat' dir='ltr'><strong>habebo</strong></span> <span class='ocrx_word' id='word_1_243' title='bbox 984 3747 1166 3828; x_wconf 82' lang='lat' dir='ltr'><strong>gratiam</strong></span> <span class='ocrx_word' id='word_1_244' title='bbox 1190 3747 1264 3820; x_wconf 86' lang='lat' dir='ltr'><strong>illi;</strong></span> 
     </span>
     <span class='ocr_line' id='line_1_33' title="bbox 200 3848 1264 3938; baseline 0.009 -30"><span class='ocrx_word' id='word_1_245' title='bbox 200 3848 452 3928; x_wconf 87' lang='lat' dir='ltr'><strong>nequeenim</strong></span> <span class='ocrx_word' id='word_1_246' title='bbox 474 3848 1015 3936; x_wconf 85' lang='lat' dir='ltr'><strong>aliterlacerepoteritcet.</strong></span> <span class='ocrx_word' id='word_1_247' title='bbox 1061 3851 1184 3938; x_wconf 79' lang='lat' dir='ltr'><strong>Neque,</strong></span> <span class='ocrx_word' id='word_1_248' title='bbox 1205 3872 1264 3938; x_wconf 82' lang='lat' dir='ltr'><strong>qua</strong></span> 
     </span>
     <span class='ocr_line' id='line_1_34' title="bbox 197 3950 1263 4043; baseline 0.007 -29"><span class='ocrx_word' id='word_1_249' title='bbox 197 3950 277 4015; x_wconf 83' lang='lat' dir='ltr'><strong>haec</strong></span> <span class='ocrx_word' id='word_1_250' title='bbox 297 3955 398 4035; x_wconf 88' lang='lat' dir='ltr'><strong>gratia</strong></span> <span class='ocrx_word' id='word_1_251' title='bbox 419 3954 621 4040; x_wconf 78' lang='lat' dir='ltr'><strong>significetur,</strong></span> <span class='ocrx_word' id='word_1_252' title='bbox 655 3957 795 4043; x_wconf 88' lang='lat' dir='ltr'><strong>intelligo</strong></span> <span class='ocrx_word' id='word_1_253' title='bbox 827 3975 937 4040; x_wconf 83' lang='lat' dir='ltr'><strong>nequo,</strong></span> <span class='ocrx_word' id='word_1_254' title='bbox 969 3957 1046 4040; x_wconf 89' lang='lat' dir='ltr'><strong>qnid</strong></span> <span class='ocrx_word' id='word_1_255' title='bbox 1084 3959 1184 4027; x_wconf 88' lang='lat' dir='ltr'><strong>adeo</strong></span> <span class='ocrx_word' id='word_1_256' title='bbox 1213 3957 1263 4025; x_wconf 85' lang='lat' dir='ltr'><strong>sibi</strong></span> 
     </span>
     <span class='ocr_line' id='line_1_35' title="bbox 197 4055 1263 4149; baseline 0.01 -30"><span class='ocrx_word' id='word_1_257' title='bbox 197 4055 282 4134; x_wconf 77' lang='lat' dir='ltr'><strong>velit,</strong></span> <span class='ocrx_word' id='word_1_258' title='bbox 305 4075 495 4144; x_wconf 70' lang='lat' dir='ltr'><strong>neque-quo</strong></span> <span class='ocrx_word' id='word_1_259' title='bbox 516 4063 670 4145; x_wconf 89' lang='lat' dir='ltr'><strong>pertineat</strong></span> <span class='ocrx_word' id='word_1_260' title='bbox 691 4066 722 4129; x_wconf 90' lang='lat' dir='ltr'><strong>in</strong></span> <span class='ocrx_word' id='word_1_261' title='bbox 745 4082 838 4130; x_wconf 86' lang='lat' dir='ltr'><strong>causa</strong></span> <span class='ocrx_word' id='word_1_262' title='bbox 858 4062 1017 4129; x_wconf 87' lang='lat' dir='ltr'><strong>reddenda</strong></span> <span class='ocrx_word' id='word_1_263' title='bbox 1038 4066 1181 4133; x_wconf 82' lang='lat' dir='ltr'><strong>loturum</strong></span> <span class='ocrx_word' id='word_1_264' title='bbox 1204 4084 1263 4149; x_wconf 94' lang='lat' dir='ltr'><strong>po·</strong></span> 
     </span>
    </p>
   </div>
   <div class='ocr_carea' id='block_1_8' title="bbox 0 0 1332 5010">
    <p class='ocr_par' dir='ltr' id='par_1_8' title="bbox 0 0 1332 5010">
     <span class='ocr_line' id='line_1_36' title="bbox 0 0 1332 5010; baseline 0 0"><span class='ocrx_word' id='word_1_265' title='bbox 0 0 1332 5010; x_wconf 95' lang='lat' dir='ltr'><strong> </strong></span> 
     </span>
    </p>
   </div>
  </div>
 </body>
</html>
