2678 5018
526 625 660 680 Horatius
904 643 907 653 “
1037 572 1082 695 57.

60 820 158 885 tamon
181 818 288 886 Graeoo
311 820 451 903 exemplo
472 823 527 896 uti,
551 827 582 893 in
604 843 668 907 quo
690 820 762 898 οἶος
783 825 838 891 tuli
860 820 982 910 generis
1004 829 1119 895 attae-

61 925 140 991 tione
170 944 190 990 a
222 945 276 993 suo
310 927 506 1020 snbstantiro
544 913 708 1007 apellatum
745 951 811 1015 quae
843 932 871 997 si
891 932 965 997 ferri
987 952 1117 1019 usquam

61 1035 171 1115 posset,
201 1052 261 1098 non
283 1036 391 1116 posset
424 1037 543 1125 tamen-
564 1036 596 1100 in
617 1037 675 1102 hoc
697 1038 859 1104 verborum
879 1039 983 1104 ordine
1006 1042 1115 1125 equina

61 1137 169 1223 paules.
227 1138 289 1221 Sed
326 1140 448 1206 oodioes
483 1142 596 1207 habent
629 1143 738 1227 qualo.
789 1143 990 1212 scribendum
1023 1147 1118 1232 igitur

60 1243 253 1327 simpliciter:
548 1301 550 1305 .

392 1353 503 1435 equina
522 1354 627 1438 patalia
647 1355 749 1421 ubera.

157 1459 215 1541 Ep,
238 1459 268 1533 9,
291 1456 332 1520 23
354 1477 437 1541 sqq.:
512 1509 515 1515 ,
556 1528 557 1531 ¹

308 1565 343 1630 Io
367 1564 547 1649 Triumphe,
569 1585 624 1632 neo
646 1567 824 1652 Iugurthino
845 1585 951 1651 parem

326 1723 330 1727 .
410 1672 488 1737 bello
509 1673 673 1755 reportasti
694 1673 814 1748 dudem,

309 1776 367 1842 neo
390 1777 582 1862 Africanum,
599 1780 652 1844 'eui
674 1799 765 1863 super
787 1778 1003 1863 Carthaginem

326 1924 329 1931 ·
413 1883 703 1968 virtus‘sepulorum
725 1886 872 1953 condidit.
943 1931 947 1975 3

156 1987 266 2071 Neque
297 1990 380 2053 reolo
402 1987 584 2073 Iopurolioo
606 1990 682 2055 bello
704 1993 736 2056 et
758 1980 945 2076 Africanum
967 1992 1119 2057 contraria

60 2098 221 2177 ponuntur,
243 2102 341 2178 neque
362 2093 425 2159 ullo
452 2099 541 2179 paeto
563 2080 644 2163 oillei
665 2100 776 2181 potest,
799 2099 835 2163 ut
856 2096 997 2166 Africano
1018 2097 1116 2164 uirtus

61 2219 147 2284 snper
183 2200 404 2284 Carthaginem
446 2204 618 2286 sepulerum
654 2203 826 2269 condidisse
865 2206 949 2269 reete
987 2202 1116 2283 dicatur,

59 2307 134 2391 qnod
168 2308 196 2372 si
235 2306 308 2391 quid
340 2307 501 2391 significat,
534 2296 605 2375 eum
626 2310 668 2376 ibi
694 2311 860 2392 sepultum,
895 2329 964 2374 cum
999 2310 1119 2377 fortiter

58 2416 217 2500 pugnaret
257 2413 429 2496 signifieat3
462 2433 560 2499 neque
596 2417 716 2482 omnino
738 2416 835 2482 virtus
857 2417 1031 2499 sepulerum
1054 2415 1118 2481 oui-

58 2539 146 2602 quam
180 2519 299 2595 condit,
331 2519 386 2586 sed
407 2525 649 2588 monumentum.
693 2522 868 2589 Accedunt.
883 2522 1010 2602 podices,
1043 2543 1117 2607 qno-

59 2645 122 2691 rum
145 2625 202 2692 alii
225 2625 378 2710 Africano
400 2628 523 2703 habent,
543 2630 654 2713 partim
667 2631 736 2712 post
753 2649 902 2708 rasuram,
925 2629 977 2693 alii
990 2627 1118 2713 Africo-

58 2754 140 2812 oum,
164 2732 275 2798 itidem
299 2736 371 2816 post
392 2752 539 2801 rasuram.
584 2735 785 2801 Soribondum
808 2737 871 2802 est:

457 2859 514 2906 neo
536 2840 717 2927 Iugurthino
736 2859 840 2924 parom

359 2945 440 3011 bello
462 2949 624 3031 reportasti
646 2949 753 3013 ducem

258 3069 365 3135 noque,
390 3052 536 3136 Africani
556 3054 604 3118 cui
625 3072 716 3137 super
738 3054 953 3138 Carthaginem

361 3159 458 3224 uirtus
480 3158 654 3241 sepulerum
677 3158 824 3251 eooldidit,

57 3263 112 3330 hoo
136 3266 202 3330 est:
240 3282 298 3328 neo
320 3282 356 3329 eo
377 3265 467 3339 bello,
495 3265 576 3347 quod
598 3265 734 3330 Africani
755 3263 852 3331 virtus
876 3283 967 3347 super
988 3264 1118 3334 Carthe-

57 3371 160 3454 ginem
202 3371 343 3452 sepelivit
383 3375 414 3436 et
448 3372 481 3435 in
527 3375 709 3455 perpetuum
752 3371 886 3438 sustulit.
948 3369 999 3435 Sio
1037 3370 1116 3434 enim

58 3475 172 3543 bellum
198 3476 310 3560 sepelit
330 3477 427 3543 virtus
448 3478 656 3561 imperatoris3
688 3477 749 3543 Cio.
774 3479 811 3544 ds
835 3480 908 3561 imp.
929 3477 1037 3559 Pomp.
1061 3474 1117 3538 30:

59 3582 168 3646 ὸεὶἰῑιηι
192 3631 201 3648 .
225 3635 232 3649 .
256 3584 318 3646 eius
341 3633 348 3649 .
372 3633 379 3648 .
402 3584 531 3647 Moenia
552 3584 704 3647 sublatum
725 3607 763 3647 ae
784 3584 945 3669 sepullum.

157 3691 256 3775 Epod.
279 3692 328 3767 15,
351 3693 385 3755 8:
408 3691 552 3770 (iurabas)

209 3796 284 3861 dnm
305 3798 406 3880 penori
426 3798 515 3882 lupus
538 3799 569 3863 et
587 3799 688 3864 nautis
707 3798 838 3862 infestus
860 3795 954 3860 Orion

259 3905 399 3969 turbaret
419 3905 579 3970 hibernum
601 3923 697 3969 mare.

210 4012 409 4094 intonsosque
430 4011 562 4094 agitaret
583 4010 734 4092 Apollinis
756 4028 829 4073 aura
851 4006 986 4091 capillos,

259 4119 325 4182 lore
348 4117 429 4180 huno
451 4136 586 4183 amorem
609 4118 759 4182 mutuum.

157 4224 347 4289 sevissime
366 4200 515 4305 ‘pomum
543 4223 582 4288 aa
616 4223 740 4308 infusus
763 4215 1120 4299 suessonensium

67 4326 140 4396 idem
169 4331 360 4398 adieolivum
393 4331 458 4394 sine
491 4338 562 4406 esset
583 4348 651 4395 oum
684 4328 795 4394 Orione
817 4317 1016 4412 coniungitur,
1046 4324 1119 4389 sub·
