2654 5010
415 651 570 706 Ammianus
588 648 771 705 Marcellinus.
831 725 834 732 .
1014 643 1083 710 all

55 847 120 913 loci
154 847 340 913 seutentiam
374 846 612 914 accommodata.
656 844 855 930 significatur
886 844 1054 929 pravitates
1086 843 1134 910 ad

58 972 217 1020 summum
251 954 437 1038 pervenisse,
469 955 506 1018 ut
536 953 620 1018 ultra
652 969 788 1018 crescere
817 954 980 1035 nequeant.
1035 949 1128 1016 Latet

61 1058 161 1144 igitur
182 1060 299 1139 suedo,
333 1059 589 1143 scribendumque
610 1057 748 1124 videtur:
771 1057 895 1123 Nulla
926 1058 959 1123 st
991 1053 1139 1122 auctio·
1207 1067 1210 1077 ·

59 1165 319 1247 pravitatum.
363 1165 445 1232 Nam
468 1165 551 1250 quod
572 1183 609 1231 ex
630 1163 745 1230 litteris
766 1166 885 1229 uasat
907 1163 1072 1230 Accumius
1094 1163 1138 1227 et>

61 1270 211 1337 Gelenius
243 1271 411 1337 effecerunt
441 1273 574 1350 vacat,
607 1271 656 1336 vix
688 1268 752 1335 dici
773 1270 880 1352 potest
900 1287 954 1351 pro
977 1287 1022 1346 eo,
1045 1266 1128 1351 quod

60 1380 109 1442 est
135 1376 265 1443 locum
297 1377 432 1456 habet,
463 1378 623 1461 potuitque
649 1376 797 1442 mendum
827 1374 900 1440 oriri
922 1394 959 1441 ex
980 1393 1137 1441 concursu>

60 1482 237 1549 litterarum
270 1487 368 1549 asta.
424 1483 544 1551 Deinde
575 1483 698 1550 ridetur
729 1484 873 1549 subesse:
906 1482 991 1565 qui,
1025 1479 1138 1566 quod-

59 1588 209 1668 vcliut‚
233 1588 317 1656 effici
340 1589 530 1655 maximas
551 1591 698 1672 putant
728 1607 817 1655 esse
845 1589 1043 1665 virtutes,
1067 1586 1126 1653 nisi

60 1690 144 1777 quod
174 1684 208 1757 iu
243 1695 406 1776 postremis
441 1696 567 1762 vocibus
603 1694 799 1760 vehementer
834 1693 963 1759 offendit
998 1693 1140 1775 pluralis

60 1815 206 1864 numerus
221 1798 382 1881 virtutum,
398 1801 435 1866 ut
448 1821 534 1885 paeue
548 1801 846 1885 suspicerscriptum
860 1799 972 1865 fuisse:
985 1799 1140 1866 maxine·
1258 1813 1261 1818 ’

59 1906 209 1986 putant
231 1924 318 1972 esse
340 1907 481 1974 virtutis.

163 2045 229 2111 Lib.
253 2046 369 2127 XXIX,
394 2049 421 2127 1,
445 2049 480 2113 2:
508 2046 657 2113 Contra
677 2047 749 2113 has
771 2046 907 2130 copias
930 2045 1140 2111 Traianus-

60 2170 191 2218 comos
224 2154 263 2217 et
284 2151 549 2220 Vadomarius
572 2200 580 2216 .
604 2200 610 2215 .
635 2200 642 2214 .
665 2171 876 2237 perrexere
896 2198 904 2214 .
928 2198 946 2231 .‚
969 2150 1040 2217 hoc
1061 2151 1127 2216 ob·

60 2274 225 2322 serrare
257 2259 458 2343 principis
491 2258 603 2326 iussu
637 2258 835 2342 appositi,
867 2259 912 2323 ut
940 2256 1142 2322 arcerent

60 2362 197 2446 potius
220 2383 331 2448 quam
355 2365 610 2431 lacesserent
633 2364 787 2431 Persas.
824 2359 1129 2430 Scribeudumvide·

61 2468 131 2532 tur:
164 2469 365 2553 principis
398 2470 512 2537 iussu
534 2471 698 2558 dispesiti;
727 2471 772 2536 sic
793 2471 874 2536 enim
897 2487 1032 2552 persepe
1054 2471 1141 2533 amr
1227 2525 1229 2528 .

62 2572 183 2639 mianus
204 2574 340 2658 loquitur
362 2576 545 2661 (dispono
565 2577 740 2663 aliquem
763 2577 898 2642 lacero
919 2573 1076 2658 aliquid
1097 2575 1129 2638 et

62 2680 257 2764 disponor
278 2681 435 2766 aliquid
458 2682 614 2761 facere),
637 2681 734 2747 altero
756 2680 814 2747 illo
830 2679 922 2747 modo
938 2688 1128 2763 (appouor

59 2786 209 2865 facere)
231 2806 399 2873 nusquam3
430 2808 459 2854 r.
481 2788 552 2866 XX,
574 2791 604 2865 4,
627 2788 656 2865 9,
686 2785 800 2866 XXIV,
828 2789 854 2865 1,
877 2787 906 2865 2,
934 2786 1032 2864 XXV,
1056 2787 1085 2865 5,
1108 2786 1137 2848 8¹

59 2895 92 2958 et
114 2892 143 2971 6,
167 2894 206 2956 14
229 2895 330 2971 (loca
351 2914 513 2962 servare
535 2893 747 2977 dispositi)
769 2894 828 2958 cot.

160 3009 240 3078 lbid.
267 3014 296 3093 3,
327 3014 360 3078 l:
394 3013 467 3079 His
499 3017 538 3079 et
570 3011 667 3077 mibi
699 3011 880 3078 vertenti
914 3010 1056 3076 stilum
1090 3011 1135 3075 iu·

59 3116 218 3184 Gallias
240 3120 505 3186 confunditur
535 3118 629 3184 ordo
659 3117 871 3207 seriesque
900 3117 1137 3201 gestorum..

58 3224 166 3288 inter
186 3224 312 3291 multa
334 3228 373 3291 et
401 3244 504 3292 sava
525 3223 785 3289 Maximinum
813 3221 1023 3306 reperiens
1051 3222 1127 3286 iam

58 3332 293 3413 preelectum
316 3334 375 3398 cet.
425 3332 485 3398 Pro
508 3331 571 3396 bis
594 3330 764 3421 necessario
787 3327 983 3394 scribendum
1006 3326 1139 3391 videtur⁴
1272 3315 1282 3328 “

57 3436 111 3504 bic
132 3437 202 3512 (boc
224 3437 314 3515 loco).

160 3589 226 3655 bib.
248 3588 349 3665 XXX,
378 3591 408 3668 8,
432 3590 487 3655 1οε
517 3588 767 3673 dignitatum
801 3588 938 3670 apices
967 3587 1126 3653 maximi

58 3696 187 3761 licere
220 3694 301 3760 sibi
336 3697 480 3761 cuncta
513 3695 804 3761 existimantes
832 3697 870 3760 et
898 3694 944 3758 ad
968 3692 1127 3776 suppli·

57 3799 224 3867 candum
269 3803 502 3868 contrarios
538 3799 896 3884 exturbandosque
935 3799 1126 3864 meliores

56 3907 224 3991 pronius
267 3907 472 3974 inclinati.
535 3905 621 3972 Nihil
664 3909 714 3972 eet
756 3904 992 3988 supplicare
1035 3923 1135 3969 con·

55 4012 226 4091 trarios‚
248 4016 384 4080 rectum:
408 4013 454 4079 ad
477 4013 633 4102 supplicio
656 4010 784 4079 daudos
806 4011 1034 4085 contrarios
1057 4008 1127 4086 (hoc

56 4122 115 4197 est
138 4118 177 4185 ad
198 4119 390 4186 adversarios
411 4120 511 4204 peanis
533 4124 564 4186 et
585 4115 746 4202 suppliciis
768 4116 976 4195 obiiciendos).

157 4248 334 4327 1bid.10‚l:
351 4246 1127 4332 quaemhortesdellicanae)...ausuranovum

54 4355 249 4440 quoddam
265 4353 541 4442 [quiddamllin
557 4354 1040 4438 temporssperabantur,
1056 4352 1135 4417 boc

53 4461 301 4544 temptandae
322 4462 504 4529 novitati
527 4479 589 4528 res
612 4461 849 4539 adiurante,
872 4459 975 4543 quod
995 4461 1133 4544 gesto·-
