2656 5056
414 709 553 767 Ciceronis
571 708 704 780 epistola.
996 709 1054 772 177

129 908 210 977 lbid.
232 907 262 988 3,
286 909 323 974 5:
353 907 534 991 Scaptio,
564 907 631 993 qni
660 907 700 972 in
722 905 979 989 Cappadocia
999 906 1098 983 fuir,

27 1019 124 1099 puto
157 1033 244 1081 esse
279 1013 559 1093 satisfactum
592 1013 626 1079 is
656 1032 674 1079 a
702 1031 760 1079 me
789 1012 848 1078 eet.
896 1011 1098 1080 Manifestum

28 1123 80 1187 est
102 1121 135 1185 et
157 1138 192 1185 ex
213 1119 347 1186 adiectis
368 1119 432 1186 illis
454 1120 520 1205 qni
541 1120 580 1186 in
601 1116 857 1204 Cappadocia
884 1117 967 1184 ruit
1000 1122 1033 1186 et
1064 1140 1100 1187 ex

27 1228 78 1308 iis,
101 1245 171 1311 qnae
192 1225 306 1294 deinde
328 1231 501 1308 narrantur,
526 1228 658 1293 alterum
681 1226 733 1292 hic
755 1224 914 1309 Scaptium
935 1227 1099 1305 nominari,

27 1353 47 1399 a
68 1333 233 1416 superiore,
257 1332 311 1417 qni
332 1331 459 1416 Cyprios
480 1333 652 1409 vexaverat,
675 1333 840 1411 diversum,
863 1351 955 1416 quem
972 1333 1004 1399 et
1021 1332 1099 1400 iibe-

27 1438 136 1505 raliter
167 1460 187 1505 a
218 1459 251 1505 se
274 1440 440 1505 tractatum
468 1458 524 1505 nee
551 1437 611 1504 sibi
638 1437 788 1503 offensum
809 1437 914 1504 Cicero
937 1439 1099 1523 siguificat.

28 1546 92 1611 Sed
123 1546 157 1611 et
186 1545 282 1611 durus
314 1548 363 1610 est
394 1546 543 1611 transitus
574 1544 733 1622 orationis,
766 1545 799 1610 et
824 1544 930 1610 mendi
951 1545 1101 1612 indicium

27 1652 152 1718 faciunt
173 1651 302 1731 codices,
332 1652 364 1716 in
386 1651 498 1735 quibus
520 1650 666 1718 scribitur
694 1649 901 1734 Scaptium
934 1653 965 1717 iu
998 1653 1101 1720 codice

28 1757 73 1824 W
94 1758 144 1824 est
164 1759 233 1823 aut
252 1759 450 1840 Scaptius.
488 1756 605 1841 Opinor
625 1758 769 1823 subesse:
791 1755 900 1822 Alteri
921 1755 1099 1845 cSoaptiis.

132 1896 212 1964 lbid.
236 1899 264 1977 5,
287 1899 326 1961 4:
349 1897 516 1965 Velebis
542 1897 673 1984 igitur
700 1898 739 1962 et
759 1895 906 1979 puellae
928 1896 1100 1964 salutem

29 2005 227 2071 Atticnlae
261 2003 371 2070 dices
404 2008 632 2088 nostraque
661 2002 787 2068 Pilia.
843 2002 879 2067 In
902 2002 1103 2071 discribitur

29 2111 132 2196 prime
173 2129 267 2175 mann
311 2110 484 2176 salutern
526 2108 763 2175 usticulate.
833 2108 942 2175 Fuisse
978 2110 1099 2194 opinor:

30 2210 338 2306 Ἀττικωτᾶτῃ.
383 2216 617 2282 Dominutivum
639 2201 795 2293 Latinum,
818 2214 899 2296 quod
921 2215 1102 2300 Malaspinae

31 2324 215 2390 coniecturas
229 2324 367 2402 debetur,
389 2320 537 2388 feminina
558 2322 657 2388 torma
676 2322 889 2406 noognomine
904 2322 961 2387 viri
977 2323 1102 2390 ductum

30 2430 214 2515 longissime
236 2450 255 2496 a
275 2429 419 2514 legitimo
441 2447 499 2494 usu
521 2429 649 2494 aberrat

133 2570 214 2637 lbid.
237 2573 266 2650 6,
289 2571 309 2631 3
332 2570 398 2648 (nbi
420 2569 589 2647 dubitatur,
615 2569 664 2634 eui
686 2568 915 2635 administratio
940 2568 1103 2652 provinciae

32 2677 209 2744 mandanda
242 2677 367 2754 tuerit:
395 2677 524 2741 Puero
557 2674 743 2741 tradere?
779 2674 915 2741 Fratri
949 2678 1104 2742 antem?

33 2783 146 2849 Illud
168 2802 241 2849 non
266 2782 370 2848 utile
391 2781 523 2857 nobis;
557 2800 642 2846 nam
675 2782 820 2862 praeter
848 2781 1017 2847 fratrem
1044 2784 1103 2847 cet.

32 2890 117 2956 Vera
148 2889 208 2955 loci
240 2889 338 2955 torma
369 2887 435 2953 haec
467 2886 545 2951 fuit:
579 2886 705 2951 Puero
737 2885 926 2953 traderem?
968 2886 1104 2953 Fratri

32 2997 191 3063 autem?
235 2995 347 3061 Illud
374 2995 480 3076 <non
511 2992 562 3060 rei
594 2990 741 3079 publicae,
770 2991 872 3074 hoe>
893 3008 969 3057 non
1001 2992 1105 3057 utile

32 3103 163 3171 nobis.
208 3102 433 3180 (traderem
456 3091 523 3165 cod.
545 3099 583 3163 Ze
606 3100 638 3164 et
659 3097 922 3183 Wesenbergins.)

135 3220 214 3288 lbid.
231 3222 303 3308 §42
326 3220 377 3284 at
397 3216 674 3293 nunccaelins,
698 3235 773 3282 non
797 3216 884 3283 dico
907 3216 1104 3300 equidem,

33 3327 132 3413 quid
166 3325 315 3412 egerit,
355 3324 425 3391 sed
456 3326 587 3389 temen
624 3322 751 3389 multo
788 3323 917 3391 minus
955 3325 1104 3391 laboro.

33 3433 109 3498 Sine
125 3431 217 3498 dubio
234 3432 382 3514 scriptum
398 3430 516 3496 fuerat:
539 3431 591 3494 At
612 3447 714 3494 nnuc
736 3428 898 3510 celius,
920 3450 993 3497 non
1016 3430 1106 3498 dico

33 3537 238 3623 equidem,
257 3536 432 3620 <nitil>,
448 3535 542 3619 qnid
565 3534 713 3619 egerit,
737 3535 805 3600 sed
827 3539 958 3602 tamen
980 3537 1106 3603 multo

33 3646 164 3717 minus
185 3644 335 3710 laboro.

137 3783 216 3850 lbid.
239 3785 311 3863 Vll,
338 3786 385 3862 15,
409 3785 445 3848 2:
475 3783 551 3849 Uni
580 3781 756 3847 Favonio
784 3789 833 3860 (ex
855 3782 996 3849 omnibns
1018 3802 1107 3849 sena-

35 3891 163 3969 toribus,
199 3909 276 3973 quos
307 3889 411 3956 Cicero
443 3888 554 3970 Capua
586 3892 782 3967 convenerat)
814 3887 927 3973 loges
957 3890 1002 3954 ab
1032 3888 1108 3954 illo

35 3998 184 4075 (Caesare)
206 3997 323 4063 nobis
344 3995 497 4079 imponi
518 4013 592 4060 non
614 3993 822 4077 placebat,
845 3995 913 4060 sed
933 3995 967 4059 is
989 3995 1104 4061 audi·

35 4114 100 4169 tus
134 4104 171 4167 in
207 4103 399 4182 coneilio;
439 4101 537 4167 Cato
574 4100 678 4167 enirn
714 4100 802 4183 ipse
838 4102 915 4166 iam
950 4102 1104 4167 servire

35 4229 151 4294 quam
174 4229 352 4294 pugnare
374 4208 528 4275 mavult
549 4209 608 4273 eet.
653 4205 743 4287 Quod
772 4206 883 4286 editur,
912 4207 1016 4273 haud
1038 4227 1107 4274 au-

35 4316 166 4392 ditus,
199 4314 231 4380 in
262 4316 415 4400 particula
443 4315 547 4382 haud
577 4335 596 4380 a
626 4315 780 4381 Ciceronis
803 4314 1024 4382 consuetudine
1045 4315 1109 4381 fere

34 4423 192 4489 constanti
214 4424 340 4503 recedit,
362 4422 524 4489 sententia
545 4422 635 4504 plane
658 4425 825 4507 repugnat3
848 4439 946 4504 neque
968 4422 1050 4487 enim
1071 4423 1109 4488 dc

35 4528 164 4597 oonsilio
193 4528 298 4595 habito
326 4529 493 4612 quidquam
521 4527 627 4595 Oieero
656 4529 768 4595 narrat.
813 4526 1018 4595 Scribendum
1045 4532 1108 4595 est:

875 4645 916 4702 Ὠ
