2648 5084
248 306 310 371 580
589 302 735 358 nisum.
754 301 819 372 cap.
837 303 885 358 vr.
940 305 945 313 ·

206 505 341 587 primum
363 508 399 570 ut
419 522 437 569 e
458 503 545 570 bonis
566 503 745 568 libertorum
767 503 915 574 omnium,
950 521 1012 566 non
1035 503 1116 566 certi
1138 502 1254 585 generis.

206 612 354 695 equibus
387 613 459 676 ante
480 611 574 676 semis
606 611 674 693 cogi
703 609 815 675 Caesari
839 610 960 681 soleret,
993 609 1126 674 dextans
1148 627 1258 692 cogere·

205 721 273 791 tur,
311 717 437 793 deinde,
479 719 515 781 ut
545 716 701 781 calumnia
733 717 863 781 nominis
895 736 950 800 pro
983 716 1109 781 libertis
1142 715 1257 781 Castris

206 824 403 896 haberentur,
440 825 493 908 qui
523 841 584 888 non
625 825 736 888 essent.
794 821 950 903 Scriptum
982 822 1089 890 fuerat
1122 823 1160 887 ad
1191 823 1256 886 hanc

206 931 270 995 fere
302 930 450 995 formam:
483 928 649 994 dextans
681 930 716 994 ei
749 931 966 1012 cogeretur,
1001 927 1055 1012 [ec
1076 940 1118 991 ut
1140 926 1260 991 liberti

206 1033 467 1118 tolerantem]
499 1036 670 1116 quisine
693 1033 888 1118 probabili
909 1052 1030 1098 causa
1053 1054 1096 1100 eo
1119 1036 1259 1100 nomine

207 1144 358 1218 essent,
392 1159 466 1224 quo
498 1135 671 1207 fuissent
702 1141 763 1220 (vel
787 1142 885 1225 potius
915 1159 984 1204 cum
1009 1140 1206 1209 Casaubeno:
1226 1159 1260 1204 eo

207 1266 304 1313 nom.
338 1248 521 1322 fuissent,
561 1266 631 1330 quo
665 1248 918 1324 esseut)ullae
949 1249 1134 1324 iamiliae,
1178 1266 1260 1333 quas

206 1355 291 1436 ipse
312 1355 572 1438 contingeret
620 1353 737 1436 Itaque,
760 1355 786 1418 si
809 1356 876 1439 quis
907 1376 935 1420 u.
957 1375 983 1421 c.
1009 1355 1171 1422 Domitius
1192 1374 1262 1421 mor·

206 1463 279 1525 tuus
301 1463 377 1535 erat,
398 1479 476 1536 nec,
498 1479 551 1525 cur
582 1459 615 1524 id
647 1479 758 1525 nomen
791 1463 953 1544 gessisset,
985 1463 1161 1545 probabilis
1182 1479 1263 1527 causa

206 1567 294 1632 reddi
323 1568 461 1649 poterat,
498 1566 537 1632 ad
574 1566 726 1632 Caesarem
758 1567 911 1633 hereditas
946 1571 981 1632 ut
995 1621 998 1638 .
1012 1569 1122 1636 liberti
1150 1588 1263 1636 reuoca·

206 1674 306 1739 batur.

307 1780 374 1873 rer.
411 1778 470 1854 ss,
509 1779 563 1843 uer
596 1778 715 1844 enices
748 1760 861 1861 optimi
887 1779 1015 1843 namur:
1059 1801 1078 1844 a
1112 1783 1263 1865 quadan

207 1886 380 1951 Lucusta
408 1885 711 1952 uenenariorum
733 1885 877 1960 indice,
910 1886 1033 1950 tantum
1063 1888 1158 1966 pauci
1179 1889 1264 1953 inter·

206 1993 301 2075 polalu'
322 1992 489 2077 inclyta,
522 1991 603 2075 qnod
632 2010 685 2073 pro
699 1991 827 2075 sarnosc
846 2009 905 2056 non
928 1992 1013 2055 recte
1037 1991 1174 2070 dicitur,
1204 2013 1264 2058 cum

206 2089 378 2182 praesertim
399 2098 561 2161 venem
582 2117 636 2180 pro
657 2097 786 2183 venefica
807 2098 887 2181 apud
907 2098 1004 2163 bonos
1025 2097 1195 2181 scriptores
1214 2117 1264 2164 non

206 2205 328 2289 legatur
364 2204 430 2283 (sed
462 2202 544 2287 apud
585 2203 783 2280 Petronium,
815 2205 997 2286 Apuleium,
1029 2204 1265 2281 Tertullianum)

208 2330 265 2377 nec
296 2310 526 2374 permarinum
558 2309 664 2372 inclita
685 2329 739 2393 pro
777 2329 822 2386 eo,
854 2311 933 2394 quod
959 2313 1009 2376 est
1036 2319 1266 2375 ammomum

207 2416 409 2493 mollissima,
440 2417 511 2482 ferri
533 2417 646 2500 possit,
668 2416 862 2483 scribendum
883 2415 1020 2481 videtur:
1044 2439 1266 2483 venenorum

205 2525 399 2587 rariorum
421 2523 555 2589 iudice.
598 2524 759 2590 Facillime
790 2523 902 2588 litterae
924 2521 1066 2605 quaedam
1089 2529 1189 2592 exteri
1220 2546 1266 2611 pe·

219 2633 342 2696 uerunt.

306 2735 374 2803 lbd.
407 2735 462 2800 56:
495 2735 605 2812 (Nero)
636 2735 715 2800 alia
738 2735 1022 2819 superstitione
1044 2740 1202 2818 captus,
1232 2740 1263 2802 iu

205 2861 279 2926 qua
301 2841 388 2909 sola
408 2841 731 2925 pertinacissime
761 2841 886 2915 haesit3
918 2842 950 2906 si
972 2841 1133 2925 quidem
1157 2864 1263 2910 acuu-

203 2949 330 3015 culam
353 2949 587 3031 puellarem,
610 2966 691 3013 cum
797 2966 815 3011 a
836 2946 992 3030 plebeio
1014 2949 1186 3029 quodam

202 3054 351 3119 muneri
384 3055 620 3138 accepisset,
738 3053 864 3118 colere
885 3057 1175 3136 perseveravit
1217 3057 1262 3122 Sic

202 3160 337 3237 codicem
367 3160 563 3227 efficiendum
585 3163 652 3226 erat
673 3178 732 3225 nou
754 3160 993 3237 leunculum,
1016 3160 1099 3244 qnod
1122 3183 1143 3227 a
1165 3163 1262 3230 Graeco

202 3267 340 3333 themate
373 3286 467 3349 prave
500 3267 612 3334 Latina
643 3266 742 3331 forma
773 3265 909 3350 fingitur,
941 3266 1010 3332 sed:
1046 3268 1080 3332 si
1114 3271 1260 3353 quidem

201 3372 501 3457 imapuneulam.
555 3372 676 3439 Excidit
708 3371 759 3451 i'm
792 3373 865 3454 post
885 3391 955 3450 em;
981 3391 1054 3438 uam
1083 3397 1100 3436 e
1131 3380 1164 3441 et
1194 3375 1260 3461 pin

200 3479 327 3563 antiqua
348 3480 500 3563 scriptura
528 3497 611 3562 saepe
633 3479 683 3543 rix
704 3477 870 3543 discernas.
931 3477 1002 3543 Nou
1038 3480 1178 3548 attendit
1208 3483 1260 3549 Ca·

200 3585 366 3661 sanbonus,
399 3605 468 3652 cum
490 3585 548 3650 hec
569 3605 588 3649 a
609 3583 761 3650 Sabellico
784 3585 942 3650 inuentum
969 3585 1090 3668 longius
1112 3607 1132 3652 a
1154 3590 1261 3655 traditu

197 3692 350 3775 scriptura
374 3691 530 3757 discedere
552 3691 680 3775 putarit.

298 3796 388 3861 Gall).
412 3797 431 3859 6
458 3796 637 3862 exciderunt
668 3798 757 3881 paulo
782 3799 885 3882 plura,
907 3817 1002 3881 qnam·
1021 3798 1115 3883 vulgo
1138 3802 1259 3884 putaut;

197 3917 269 3964 uam
304 3902 473 3968 necessario
511 3902 660 3971 exereitus
698 3907 753 3971 aut
782 3904 944 3988 provinciae
979 3922 1090 3970 nomen
1121 3906 1260 3972 Suetonio

197 4002 369 4072 addendum
392 4007 457 4072 fnit.
481 4010 589 4093 ltaque
610 4011 720 4076 saltem
743 4010 783 4076 ed
805 4011 883 4076 hanc
899 4012 1028 4078 formam
1050 4013 1261 4079 scribendum:
