2580 5054
479 110 624 182 Sophoclis
642 92 722 167 Aiaic
1054 110 1093 173 13

50 308 210 373 Fortasse
239 307 383 373 mendum
413 326 472 373 uon
501 310 583 374 solus
615 308 772 373 oculorum
801 326 885 373 error
916 307 1044 391 peperit,
1080 307 1134 373 sed
1243 329 1249 342 ⁸

40 413 194 479 offensio
216 415 247 476 iu
270 413 460 500 diphthongo
483 417 555 481 ante
575 411 711 482 vocalem
737 416 875 496 correpte
896 413 1059 479 notissimo
1077 431 1135 478 usu

45 521 166 599 (πόῖώ
189 522 271 594 cett.

220 627 300 691 1310
321 645 404 710 squ:

169 736 242 799 douai
265 727 370 799 καλόν
390 758 452 817 μοι
474 729 567 801 codd
589 726 882 819 ὑπερπονουμὲνῳ

164 846 291 905 θανεῖν
311 835 489 924 προδήλως
510 841 644 923 μᾶλλον
665 833 688 924 ἢ
710 844 772 925 τῆς
795 841 857 925 σῆς
879 832 965 924 ὑπὲρ

165 939 327 1033 γυναικός
349 942 372 1030 ἧ
394 948 456 1013 τοῦ
478 948 541 1014 σοῦ
565 941 797 1032 θ’ὁμαίμονος
821 947 913 1033 λέγω.

50 1055 207 1120 Primum
240 1054 271 1118 in
305 1073 340 1118 eo
371 1053 511 1126 haeretur.
545 1055 625 1138 quod
659 1053 779 1119 Teucer
815 1052 931 1119 bellum
967 1051 1133 1117 Troianum

48 1159 239 1243 siguificare
272 1157 395 1223 videtur
428 1160 465 1223 de
492 1161 735 1244 Agamemnonis
765 1178 855 1225 uxore
883 1158 959 1244 geri,
992 1155 1074 1240 quod
1096 1175 1134 1221 ue

51 1268 143 1332 irato
172 1264 294 1348 quidem
326 1267 357 1328 in
389 1269 526 1331 mentem
550 1267 653 1332 venire
674 1267 794 1346 poterat
816 1265 931 1341 dicere;
963 1262 1072 1328 deiude
1101 1262 1133 1327 in

51 1370 158 1440 tertio
181 1388 271 1434 versu
294 1391 392 1455 neque
411 1374 560 1455 particula
575 1376 610 1437 τέ
625 1371 762 1454 expediri
781 1373 893 1454 potest
911 1376 942 1434 et
956 1389 1016 1434 non
1031 1370 1132 1435 minus

57 1494 160 1560 prave
181 1476 343 1543 Menelaus
366 1497 419 1563 pro
438 1478 557 1543 Helena
586 1478 792 1543 substituitur.
840 1478 980 1560 Apparet
999 1492 1093 1540 uuam
1115 1493 1134 1539 a

54 1585 182 1648 Teucro
205 1583 374 1665 significari
394 1584 544 1650 Helenam
568 1584 643 1650 belli
664 1602 797 1657 causam,
813 1584 876 1659 sed,
893 1582 972 1666 quod
991 1601 1027 1647 ex
1040 1581 1133 1647 verbo

57 1693 148 1778 λέγω
178 1689 372 1772 intelligitur,
405 1710 465 1774 quo
498 1692 637 1768 utuntur,
663 1690 717 1774 qui
750 1691 843 1756 verba
869 1708 926 1755 sua
953 1690 1012 1771 ipsi
1045 1688 1134 1772 quasi

54 1795 253 1864 correctione
276 1793 378 1879 aliqua
400 1797 573 1879 explanant,
598 1796 746 1883 singulari
768 1797 903 1880 quodam
922 1795 1022 1870 modo,
1045 1797 1134 1859 utet
1212 1865 1216 1871 ,

55 1925 134 1970 eum
153 1907 382 1986 Agamemnone
397 1906 429 1967 et
444 1921 513 1967 cum
529 1904 670 1969 Menelao
685 1905 895 1988 coniungatur.
929 1901 1132 1968 Scribendum

60 2012 113 2077 est
136 2009 235 2074 enim:

329 2109 525 2199 ...ἢνῆς
548 2115 609 2199 σῆς
631 2109 718 2201 ὑπὲρ

163 2214 324 2308 γυναικὸς
345 2215 370 2306 ἤ
391 2222 468 2304 τῆς
491 2223 551 2287 σοῦ
573 2214 603 2308 y’
626 2217 831 2307 ὁμαίμονος,
855 2222 947 2307 λέγω.
1066 2274 1069 2283 ,,

62 2330 206 2394 Primum
228 2327 428 2410 contemptim
451 2328 609 2403 feminam,
637 2348 692 2410 pro
720 2345 780 2412 qua
802 2330 993 2411 Agamemno
1015 2332 1133 2412 pugnat

62 2436 255 2520 pcgnarique
276 2434 373 2506 iubet,
395 2433 493 2514 ipsius
518 2434 662 2516 appellat
695 2433 805 2500 deiude
827 2454 862 2500 se
884 2435 1039 2517 corrigens
1060 2451 1132 2515 pro·

61 2543 128 2624 prie
149 2539 256 2605 fratris
279 2558 402 2604 uxorem
427 2542 544 2623 (wepea
565 2541 669 2605 deiner
686 2539 779 2606 Frua
794 2541 875 2620 oder,
894 2560 959 2607 was
973 2539 1023 2604 ich
1037 2558 1133 2622 sagea

61 2647 168 2730 noue,
191 2647 246 2711 der
267 2646 370 2710 deiaes
390 2643 566 2723 Bructero).
621 2648 660 2712 ut
687 2647 748 2731 τῆς
771 2649 831 2714 σοῦ
854 2649 948 2714 etiam
970 2647 1032 2713 iem
1055 2646 1133 2710 Diu·

62 2753 178 2820 dorfius
201 2753 394 2817 scribendum
416 2754 638 2830 coniecerat.*)

217 2871 314 2934 1357:

162 2976 237 3063 νικᾷ
259 2972 325 3063 yolo
348 2970 451 3064 α’ρετή
473 3004 519 3063 με
541 2979 603 3064 τῆς
626 2986 752 3066 ἔχθρας
774 2973 874 3046 πολύ.

59 3085 226 3152 Sententia
246 3085 383 3165 apparet,
398 3084 588 3164 inimicitias,
609 3105 676 3169 quae
696 3106 765 3152 curn
780 3087 874 3151 Aiace
894 3084 1017 3162 fuerint,
1040 3084 1132 3166 longe

59 3195 197 3274 superari
217 3191 340 3256 virtutis
355 3191 420 3256 eius
436 3193 598 3274 memoria;
621 3192 675 3257 aed
691 3212 725 3258 ex
740 3192 854 3270 verbis,
872 3189 1132 3276 quemadmodum

58 3316 143 3363 nuuc
164 3297 348 3372 scribuntur,
378 3315 414 3361 ea
441 3299 596 3363 sententia
624 3298 719 3364 nullis
745 3297 896 3364 machinis
924 3287 1004 3363 effici
1031 3295 1133 3380 potest
1174 3287 1180 3296 ’

59 3422 161 3488 neque
183 3402 248 3467 ulla
269 3420 375 3466 eorum
397 3405 553 3468 structura
573 3406 709 3489 reperiri.
757 3406 884 3470 Frustra
905 3404 989 3470 enim
1011 3401 1131 3467 efficere

56 3513 209 3576 conantur
241 3493 503 3591 interponant
534 3512 626 3577 verbo
659 3510 759 3578 νικᾶν
790 3514 901 3594 praeter
922 3509 1130 3577 accusativum

57 3615 157 3682 etiam
190 3614 350 3699 genetivus
384 3615 570 3701 adiungatur
602 3620 691 3700 quasi
727 3617 965 3700 comparationis
1001 3615 1130 3681 alieuius

114 3859 193 3930 *)1n
212 3859 340 3914 adverbio
360 3859 508 3933 προδήλως
527 3863 585 3919 aine
604 3879 688 3919 causa
706 3861 929 3920 Schneidewinus
952 3861 1046 3930 haesit;
1067 3876 1130 3915 con·

162 3948 327 4018 iungendum
346 3954 436 4010 idest
455 3972 516 4011 cum
534 3955 620 4013 accida
639 3960 752 4029 μᾶλλον.
