2656 5056
247 286 306 348 m
613 279 873 350 mmmm

205 483 234 549 ei
262 482 400 547 eiusdem
428 478 515 546 verbi
544 477 707 561 partieipia
734 479 914 560 ponentur:
948 479 1110 562 quibus
1136 479 1260 544 vineen·
1302 485 1303 565 J

205 588 317 653 tibus
490 585 634 668 quibus
669 583 815 663 vietis,
853 586 890 649 et
924 587 1044 669 potest
1078 582 1261 668 oppressis,
1301 613 1302 616 ¹

207 695 414 776 preterquam
437 689 518 775 quod
540 692 706 756 auotoritas
720 689 834 756 oodiois
850 690 1012 757 Vaticani
1030 688 1261 776 praestentiorest

208 800 305 864 rideri
326 796 538 880 interpolando
560 796 661 861 ortum
684 814 750 862 esse
772 798 951 880 natumque
976 816 1020 863 er
1043 816 1092 876 eo,
1116 792 1261 880 qnodpoule
1306 829 1308 872 1

206 925 300 989 supra
324 904 459 987 positum
481 905 538 981 est,
562 920 763 984 oppresso.
798 903 913 985 ltaque
929 902 973 969 de
989 904 1055 970 boe
1071 902 1150 968 nibil
1162 898 1261 969 alimus
1307 946 1308 950 =

208 1012 245 1077 de
267 1011 427 1076 sententia
453 1010 487 1074 et
513 1009 661 1074 orationis
688 1009 785 1074 formu
813 1008 902 1073 nulla
931 1011 987 1074 est
1021 1008 1188 1075 dubitatio.
1225 1002 1262 1068 iel
1308 1063 1309 1066 ,

207 1118 310 1182 tumen
348 1118 378 1180 in
413 1117 506 1182 verbo
540 1115 725 1201 praeoedenti
758 1114 964 1197 apertissime
1002 1116 1125 1182 codicis
1158 1110 1264 1178 Vrbem

207 1222 424 1288 anctoritatem
448 1220 692 1306 Salisbnrgensis
714 1223 747 1287 et
766 1220 861 1286 aeteri
884 1220 1037 1294 vineunt,
1065 1221 1148 1306 qnod
1168 1219 1264 1284 bebut:
1296 1225 1301 1231 ’

207 1347 292 1394 oum
322 1327 509 1406 videant,
542 1346 601 1393 non
630 1325 819 1392 rideatis.
870 1325 1056 1410 Perspicua
1079 1330 1164 1393 enim
1183 1325 1264 1410 agitur

208 1453 267 1500 non
297 1434 370 1519 quid
399 1434 516 1501 iudioee
544 1432 680 1512 videant,
708 1433 760 1498 sed
789 1432 863 1514 quid
893 1431 929 1510 ii,
954 1435 1014 1516 qni
1038 1436 1113 1517 post
1135 1431 1264 1498 Fonteim

207 1539 373 1621 provintiis
397 1541 556 1623 praeluturi
578 1540 650 1619 sint,
673 1542 705 1605 et
727 1536 997 1624 quemadmodum
1014 1537 1068 1604 illi
1086 1537 1265 1606 buiusiudiui

208 1650 321 1712 eventu
343 1651 530 1714 moveantur.

308 1868 372 1936 Pro
400 1869 525 1937 Caeoina
554 1870 609 1935 512
638 1869 727 1950 Quae
752 1867 829 1944 lex,
859 1867 967 1950 quod
997 1871 1174 1935 senatus
1200 1887 1265 1933 eon·

208 1976 378 2056 snitum,
508 1975 611 2060 quod
639 1973 764 2040 foedus
794 1975 864 2039 aut
896 1975 1064 2055 pastio,
1099 1976 1215 2059 qnod,
1240 1976 1266 2036 nl

208 2080 254 2145 ad
276 2079 462 2163 privatas
484 2100 547 2147 res
575 2082 752 2159 redeam,
780 2081 1103 2162 testamentum,
1127 2102 1207 2167 que
1224 2083 1267 2145 in·

209 2186 316 2252 dicia
347 2190 416 2252 aut
447 2188 745 2269 stipulationes
776 2189 845 2252 aut
877 2187 992 2268 panti
1025 2194 1069 2254 et
1099 2184 1267 2254 conventi

207 2292 382 2359 formula
405 2313 479 2360 non
499 2293 707 2359 infirmari
729 2313 772 2359 ae
792 2292 976 2359 oonnelli
998 2297 1163 2375 potest,
1188 2293 1219 2359 si
1236 2289 1267 2357 ed

207 2400 328 2464 verba
356 2418 436 2465 rem
465 2400 692 2466 deflectere
718 2400 892 2466 velimus
914 2444 922 2460 .
948 2445 956 2462 .
981 2402 1017 2464 ,ἲ
1064 2399 1214 2466 Mendum
1232 2396 1268 2460 bie

207 2505 333 2571 subesse
347 2508 483 2591 arguunt
497 2526 566 2574 oum
581 2506 728 2574 voeabula
747 2505 902 2571 iudicia
923 2506 958 2570 et
979 2505 1268 2590 stipulationes

170 2637 173 2643 ¹
206 2629 349 2694 perverse
380 2612 494 2693 plurali
526 2631 654 2679 numero
686 2613 797 2679 ceteris
830 2611 981 2695 singulari
1015 2632 1152 2680 numero
1180 2605 1268 2697 posits

207 2717 379 2794 interiecta,
402 2721 470 2783 tum
492 2720 638 2784 omissum
662 2738 758 2802 quae.
773 2717 855 2802 quod
878 2719 1058 2785 neoessario
1081 2723 1157 2786 ante
1179 2713 1267 2803 pacti

207 2826 247 2890 et
267 2823 458 2891 conventi
480 2822 556 2889 addi
578 2823 719 2900 debebat,
744 2822 771 2886 si
793 2820 833 2887 ud
855 2822 922 2890 baeo
942 2824 1013 2890 sola
1038 2827 1171 2892 nomine
1191 2822 1268 2909 perti·

207 2933 303 3004 neret,
336 2929 419 3013 quod
450 2931 600 3014 sequitur,
632 2930 805 2995 formuls
836 2928 936 3013 iisque
959 2930 1154 2998 adiunctum
1175 2946 1267 2996 norun

208 3037 379 3102 contineret
410 3038 570 3103 sententie
604 3038 785 3103 membrum.
840 3033 1027 3101 Emendatio
1053 3038 1207 3104 facillima
1225 3034 1268 3098 est

207 3142 409 3207 Soribendnm
431 3146 480 3209 est
501 3144 599 3208 enim:
629 3163 711 3227 quae
738 3141 847 3208 iudioii
874 3143 943 3206 aut
964 3143 1195 3230 stipulationis
1213 3142 1267 3208 aul

206 3247 574 3330 paotietoonventi
591 3249 773 3314 formula.
796 3247 873 3313 Cum
890 3248 1020 3330 antiqno
1036 3251 1267 3337 morogenetiu

205 3372 278 3420 oasu
289 3353 440 3436 seriptum
452 3356 535 3421 esset
548 3353 694 3434 iudici,
712 3354 855 3419 librarius
869 3354 979 3432 vocali,
996 3374 1070 3439 quse
1089 3359 1268 3442 sequebatur.

205 3460 365 3545 geminata
386 3460 542 3525 indicia
563 3459 675 3534 effecit,
691 3460 781 3544 eique
797 3460 1071 3527 aooommodntum
1091 3466 1143 3530 est
1157 3463 1268 3544 stipu-

205 3567 394 3632 lationes.
445 3565 557 3631 Videre
589 3565 669 3631 libet
700 3585 791 3644 nune,
826 3567 956 3648 quantos
990 3567 1105 3634 turbae
1140 3565 1267 3634 mendum

123 3733 132 3750 ,
204 3672 354 3754 pusillum
376 3670 626 3739 animadversum
647 3673 751 3757 aliqua
771 3691 806 3738 er
822 3674 917 3755 parte,
932 3672 988 3737 sed
1004 3693 1069 3741 uon
1086 3675 1268 3759 perspectum

204 3779 398 3855 excitaverit;
427 3798 498 3844 nam
524 3778 636 3844 Belius
659 3779 855 3844 scribendum
877 3779 1011 3845 coniecit
1033 3780 1197 3849 fidncia
1214 3782 1268 3845 eut

204 3883 426 3965 stipulatio
462 3886 547 3963 aut;
586 3885 744 3969 Kayserue
778 3886 881 3950 omnia
913 3886 980 3951 haee
1016 3886 1182 3955 indicia
1213 3888 1269 3952 eut
1314 3903 1316 3968 l

204 3987 503 4069 stipulationes
518 3992 587 4057 aut
605 3992 693 4057 nucis
707 3991 833 4057 inclusit·
847 3990 930 4072 torti,
946 3993 983 4058 ut
998 3993 1133 4077 solebat
1149 3992 1268 4061 remedio

203 4110 287 4158 usus.
331 4093 372 4158 Et
393 4096 498 4163 tamen
520 4099 596 4181 ipse,
623 4097 698 4180 quid
728 4100 944 4183 requireretur,
974 4099 1108 4168 obscure
1136 4100 1268 4170 sensere
