2656 5056
255 327 316 390 514
583 322 644 377 Lib.
662 322 738 379 VlII.
757 321 822 392 Cap.
840 322 887 378 IV.

313 526 370 607 Ep.
398 520 465 596 123,
489 521 508 584 3
532 521 590 598 (·2);
624 517 893 584 Necessarium
923 524 982 585 est
1005 541 1124 604 parvo
1148 527 1265 591 adsue·

215 651 329 700 scere.
371 629 504 693 Multae
527 622 789 691 difficultates
811 621 998 704 locorum,
1032 631 1165 697 multae
1185 637 1265 697 tem·

215 756 343 821 porum
366 733 486 799 etiam
520 729 784 811 locupletibus
811 733 847 793 et
868 729 1087 799 instructis
1118 737 1265 802 aductus

215 845 412 927 optantem
442 835 648 919 prohibent
680 839 717 899 et
748 838 964 900 occurrent.
1015 837 1067 904 Sic
1103 842 1218 907 codices
1241 845 1264 906 et

214 949 285 1014 boni
301 947 339 1025 (B
352 947 433 1022 etA)
446 945 477 1007 et
489 941 659 1006 medioeres
674 939 818 1023 malique,
840 941 900 1006 nisi
921 942 1004 1024 quod
1028 962 1064 1008 er
1089 946 1140 1013 his
1161 948 1263 1031 qudam

216 1053 388 1120 adiebus.
441 1045 566 1112 Vulnus·
579 1046 661 1113 intra
681 1046 747 1110 haec
775 1045 981 1111 concluditur:
1018 1048 1264 1135 locupletibus

217 1163 254 1225 et
276 1154 483 1223 instructis
513 1203 520 1216 .
545 1200 583 1217 ..
612 1156 819 1217 occurrent.
877 1149 944 1216 Nec
977 1152 1198 1223 instructus
1221 1160 1265 1222 boc

215 1269 283 1330 loco
321 1259 461 1325 absolute
496 1259 557 1323 dici
584 1259 695 1341 potest
744 1256 870 1322 Subest:
904 1259 941 1322 et
973 1259 1186 1328 instructis
1216 1263 1264 1324 od

216 1389 352 1434 :vererer
373 1372 507 1448 optato
523 1362 781 1447 prohibentes,
813 1363 869 1427 hee
891 1366 949 1440 est,
976 1363 1130 1433 adversus
1152 1369 1264 1451 eosqui

217 1479 324 1559 optata
345 1469 506 1554 prohibent
539 1467 712 1550 (probibere
734 1467 847 1532 audent
867 1471 899 1533 et
922 1474 1099 1549 conantur).
1138 1473 1264 1538 Ordinem

217 1580 387 1654 verborum,
421 1593 480 1658 quo
510 1574 591 1638 inter
623 1573 869 1655 praepositionem
891 1575 923 1638 et
951 1578 1166 1643 accusativum
1187 1580 1264 1643 inter·

117 1673 122 1684 ’
215 1685 336 1768 ponitur
364 1681 442 1746 alius
472 1679 664 1744 accusativus
698 1679 736 1743 ab
764 1679 817 1743 illo
846 1679 993 1763 pendens,
1027 1682 1165 1749 breviter
1190 1683 1264 1765 attigi

215 1809 260 1873 gr.
283 1788 351 1853 Lat.
375 1789 395 1868 ξ
417 1785 479 1848 469
491 1806 519 1849 n.
544 1785 563 1846 2
584 1785 684 1868 posito
706 1784 831 1850 Livieuo
853 1785 990 1867 exemplo
1014 1786 1061 1865 (Ι,
1085 1789 1138 1866 59,
1160 1787 1265 1852 4:211·

216 1912 349 1960 versus
386 1891 551 1957 hostilia
579 1897 720 1967 ausos);
756 1890 795 1955 ad
825 1889 887 1955 Cic.
917 1889 969 1954 lin.
1001 1888 1060 1965 Ill,
1091 1891 1133 1955 33
1162 1914 1190 1976 p.
1215 1891 1262 1954 401

214 1999 318 2065 addidi
344 1997 572 2062 ciceronianum
594 1995 739 2078 (Philipp.
763 1996 802 2070 ll,
827 1996 901 2058 114:
925 1995 962 2058 in
986 2014 1145 2080 regnum
1166 2015 1265 2082 appe-

214 2107 392 2179 tentem);
431 2102 544 2166 eddam
566 2100 662 2183 ipsius
685 2100 808 2164 Senecae
830 2099 900 2165 huic
920 2101 1092 2184 geminum,
1117 2105 1204 2185 epist.
1224 2102 1264 2172 95,

215 2211 271 2274 29:
305 2210 411 2273 inter
435 2207 581 2271 minora
613 2207 829 2288 peccantes.
873 2205 920 2270 De
943 2203 1079 2272 ablativo
1100 2209 1264 2292 interposito

213 2319 295 2382 inter
327 2313 575 2398 praepositionem
611 2314 642 2375 et
673 2311 842 2376 ablativum
883 2311 955 2377 iude
992 2314 1181 2394 pendentem
1215 2314 1266 2378 dini

213 2423 321 2487 iisdem
352 2441 397 2504 gr.
427 2418 544 2482 Latnae
572 2419 603 2480 et
635 2415 675 2480 ad
702 2415 763 2481 Cio
796 2417 879 2482 locis.
944 2418 1172 2503 Praepositionis
1199 2419 1266 2484 alius

214 2547 283 2592 oum
307 2544 361 2591 suo
383 2541 456 2588 casu
477 2521 667 2604 interpositae
690 2523 861 2607 exemplum
884 2524 977 2588 habet
1000 2525 1123 2599 Livius,
1151 2526 1189 2590 ab
1209 2542 1266 2589 ora·

213 2635 296 2699 tione
338 2629 430 2714 paulo
478 2626 656 2691 molestiora
703 2628 831 2694 artifieio
877 2631 995 2695 structa
1047 2650 1106 2695 non
1151 2633 1265 2703 alienus,

212 2737 366 2813 XXXVI,
413 2734 469 2812 93,
513 2734 532 2796 6
567 2733 767 2806 (adversus
806 2737 993 2818 quattuor
1039 2755 1055 2800 e
1098 2738 1266 2820 partibus

212 2843 327 2909 simul
349 2843 633 2925 oppugnantem
657 2841 820 2917 hostem)
842 2843 873 2905 et
893 2840 1025 2905 alterum
1048 2843 1148 2908 multo
1174 2844 1266 2908 durius
1306 2909 1307 2912 ,

210 2948 328 3026 ΧΧΧΙ,
350 2947 402 3024 40,
425 2946 454 3008 9.
512 2945 627 3011 Graecis
660 2947 691 3010 et
721 2945 817 3021 uobis,
846 2947 896 3029 qui
929 2946 1096 3012 articulum
1120 2949 1265 3017 babemus,
1307 2961 1308 2964 ’

211 3055 275 3119 boec
311 3053 412 3117 laoilia
446 3056 477 3118 et
510 3054 643 3118 assueta.
698 3051 756 3116 Sed
793 3052 824 3115 in
860 3051 969 3116 eadem
1008 3070 1054 3134 ep.
1092 3053 1153 3116 123
1190 3053 1265 3137 plura

211 3159 402 3225 emendanda
437 3163 615 3240 supersunt,
647 3156 781 3239 primum
811 3156 842 3221 in
870 3155 890 3244 ξ
914 3156 968 3231 10,
1007 3158 1058 3222 ubi
1087 3158 1118 3223 in
1141 3160 1264 3225 oratioue

209 3284 324 3339 eorum,
357 3264 409 3347 qui
440 3265 537 3329 vitam
566 3263 768 3346 voluptariam
800 3262 944 3338 laedant,
978 3264 1043 3328 haec
1075 3264 1219 3349 leguntur
1238 3263 1264 3326 in

210 3370 378 3436 codicibus:
425 3369 569 3434 Fluunt
601 3367 687 3434 dies
719 3372 755 3434 et
789 3369 1063 3452 irreparabilis
1094 3370 1178 3435 vita
1207 3369 1262 3433 de·

210 3478 346 3542 currit:
368 3476 590 3541 dubitamus
613 3474 708 3557 quod
729 3475 989 3557 iuvatsapere
1012 3477 1051 3539 et
1072 3478 1182 3542 aetati
1204 3487 1265 3540 nou

209 3601 359 3664 semper
380 3582 610 3662 voluptates
625 3583 837 3662 recepturae
859 3580 955 3652 (sicB
970 3582 1013 3653 A:
1029 3582 1123 3646 ceteri
1140 3583 1264 3663 decep

207 3685 1265 3771 turaeautdecerpturaeautdeoerpere)iuterim,dumpo·

208 3797 302 3869 test,
319 3792 403 3857 dum
419 3790 551 3873 poscit,
567 3789 746 3873 ingerere
763 3790 1041 3875 frugalitatem
1057 3810 1099 3857 eo
1116 3796 1265 3858 mortem

207 3914 396 3980 precurre
411 3895 469 3972 (sie
490 3895 531 3970 Β;
544 3896 637 3960 ceteri
654 3916 904 3979 praecurrere,
921 3897 1114 3980 pleriqueeo
1127 3902 1170 3965 ut
1184 3917 1268 3964 mor·
1319 3913 1320 3926 ¹

206 4004 280 4067 tem
297 4002 595 4085 praeourrere)et
610 4002 792 4086 quioquid
813 4002 884 4068 illa
902 4003 1088 4069 ablatura
1111 4013 1185 4081 est,
1200 4007 1268 4071 iam

205 4109 278 4174 sibi
310 4108 484 4172 interero
507 4106 545 4179 (B
575 4108 619 4182 A;
652 4108 745 4172 ceteri
776 4107 914 4191 plerique
945 4109 1135 4201 interire).
1192 4113 1270 4177 Non
