2626 5070
239 270 302 332 m
594 268 877 339 mmmm

198 470 315 535 simul
342 468 555 535 civilitatis
578 467 646 546 (hoo
679 469 735 541 est,
768 468 883 550 quanta
913 465 1053 535 adhibita
1074 470 1169 536 simul
1190 473 1270 537 ciri·

197 575 296 640 litatis
328 576 528 654 admixtione)
555 592 614 638 res
645 572 884 637 auctoritate
911 571 1170 656 imperatoria
1204 572 1294 662 agi'

198 681 381 746 vidimus!
868 660 882 678 ⁹

298 785 364 850 lbd.
389 786 459 862 114,
482 785 517 848 3:
556 785 769 869 agebatque
802 784 964 850 medium
991 787 1160 869 plurima
1188 788 1273 854 dis-⁴

197 892 435 967 simulantis,
457 891 589 972 aliqua
609 890 831 956 inhibentis.
854 891 1264 970 Utconcedatnr,medins

196 999 267 1081 poni
280 1017 351 1061 eum
363 997 480 1062 dnobus
495 995 646 1080 genetiuis
657 996 696 1061 ad
707 996 899 1061 interiectum
914 1017 1011 1081 genus
1026 998 1262 1082 significandum

197 1103 294 1180 (velut
324 1103 440 1164 medios
460 1103 541 1186 repis
562 1112 589 1164 ot
609 1103 716 1178 sesai),
755 1101 836 1184 quod
871 1101 972 1185 ipsum
996 1107 1103 1185 aperto
1126 1106 1264 1187 exemplo

199 1228 258 1273 non
282 1210 481 1274 confirmatur
503 1213 591 1285 (nam
623 1209 712 1273 aliter
744 1208 782 1272 de
816 1207 884 1273 loco
918 1208 1030 1274 dicitnr
1054 1208 1174 1270 medius
1196 1208 1263 1271 coli

198 1326 353 1398 terrisque,
375 1315 466 1380 aliter
488 1315 582 1379 etiam
603 1313 721 1375 medius
736 1312 827 1397 pacis
849 1311 999 1398 bellique),
1029 1315 1136 1378 lamen
1159 1314 1263 1379 dicem

197 1421 271 1484 dum
304 1422 375 1485 luit:
415 1421 581 1482 medium
612 1420 737 1485 omnia
770 1417 1051 1480 dissimulantis
1083 1429 1116 1481 el
1138 1421 1264 1485 omnia

197 1526 419 1604 inhibentis,
442 1527 577 1609 primum
599 1526 706 1591 addita
728 1512 846 1609 copula,
868 1544 936 1607 quae
958 1525 1059 1589 omitti
1074 1525 1159 1590 nullo
1175 1528 1264 1608 pecte

195 1635 304 1713 potest,
328 1631 439 1696 deinde
461 1633 570 1714 positis
592 1634 650 1709 iis,
675 1651 742 1715 qnae
764 1633 899 1695 extrema
930 1633 1004 1696 sunt
1038 1631 1071 1695 et
1091 1631 1175 1697 inter
1197 1651 1264 1716 qua

196 1738 311 1820 aliquid
343 1737 480 1802 medinm
514 1739 718 1821 significatur;
751 1755 824 1801 nam
852 1734 993 1819 plurima
1014 1736 1211 1800 dissimulare
1233 1740 1263 1801 et

196 1842 302 1925 aliqua
334 1843 467 1906 inlabere
501 1865 560 1910 non
590 1845 744 1911 contraria
773 1845 804 1907 et
833 1826 970 1906 extrema
1002 1844 1084 1914 sunt,
1113 1842 1170 1907 scd
1192 1863 1266 1909 oon·

196 1948 300 2011 iuncta
320 1947 383 2012 iam
406 1953 436 2014 et
458 1954 641 2034 temperata.
686 1951 796 2031 Itaqne
818 1946 1013 2012 scribendum
1042 1947 1147 2013 credo:
1171 1969 1266 2033 age·

195 2053 338 2135 batque
360 2056 543 2132 medium,
566 2059 735 2141 plurima
757 2052 1026 2126 dissimulans,
1049 2052 1185 2136 aliqua
1206 2055 1278 2115 in·

196 2157 337 2226 triberis.
388 2162 434 2224 Ac
456 2162 544 2227 video
566 2163 648 2227 idern
672 2160 821 2237 Acidabo,
842 2159 1055 2243 peringenioso
1079 2161 1121 2238 ct,
1156 2180 1267 2243 quarn·

197 2283 289 2347 qnam
300 2266 419 2330 iuvenis
431 2267 515 2346 obiit,
539 2269 659 2334 subacti
670 2266 776 2332 iudicii
787 2266 916 2340 bomini,
939 2250 1120 2329 innuentem
1133 2266 1266 2331 vcnmse.

295 2370 363 2435 Ibd.
402 2372 470 2447 116,
504 2373 539 2437 3:
575 2377 611 2439 et
643 2375 682 2438 A.
715 2371 887 2437 Licinius
918 2371 1045 2436 Nerva
1074 2370 1264 2446 silianus,

195 2474 230 2538 P.
265 2475 356 2541 Silii
393 2476 507 2542 filius
541 2488 660 2561 (quem
696 2478 835 2552 virum,
872 2494 918 2540 ne
958 2476 1023 2558 qui
1058 2476 1267 2549 intellexit

197 2581 362 2662 quidem,
390 2582 539 2646 abunde
571 2585 733 2648 miratus
768 2584 855 2659 est),
890 2598 935 2645 ne
969 2580 1068 2645 nibil
1098 2600 1173 2646 non
1200 2600 1265 2664 op·

196 2685 289 2750 timo
315 2687 406 2761 oiri,
432 2688 727 2772 simplicissimo
753 2687 842 2753 duci
863 2686 1036 2770 perisset
1056 2687 1264 2768 praeferens

194 2792 398 2856 immatura
430 2799 466 2861 et
498 2796 624 2860 fructu
656 2792 909 2875 amplissimae
941 2792 1129 2875 principis
1167 2794 1265 2858 ami·

196 2897 300 2961 citiae
338 2900 377 2962 et
410 2900 740 2964 consummatione
862 2897 1051 2981 imaginis
1087 2898 1264 2964 defectus

196 3006 263 3069 est.
307 3002 434 3069 Certum
467 3008 514 3071 est
549 3005 626 3070 illis:
659 3023 703 3068 ne
739 3003 841 3067 nihil
872 3021 944 3067 non
1050 3004 1263 3087 praeferens

196 3110 347 3175 contineri
368 3111 481 3176 indolis
503 3112 536 3175 et
561 3110 634 3191 spei,
669 3129 736 3192 quae
767 3109 800 3172 in
830 3107 939 3172 iuvene
969 3108 1072 3186 fuerit,
1104 3109 1263 3193 significa-

195 3215 319 3281 tionem.
375 3216 483 3299 ltaque
506 3215 651 3282 orationis
673 3214 771 3278 forms
792 3214 858 3278 baec
875 3214 890 3276 f
910 3213 949 3277 t:
982 3214 1082 3278 nihil
1104 3234 1175 3280 non
1197 3235 1264 3299 op·

195 3320 288 3386 timo
336 3322 413 3387 civi
464 3322 618 3407 [simila
665 3320 767 3403 viro]
816 3318 1132 3401 simplicissimo,
1178 3321 1264 3386 duci

193 3425 430 3506 peritissimo
473 3426 699 3510 praeferens,
743 3425 946 3490 immatura
991 3425 1145 3509 [morte]
1191 3426 1263 3505 (boo

195 3527 312 3595 invenit
340 3530 492 3611 -01ellius)
539 3535 598 3597 cet.
642 3532 678 3596 ld
713 3551 832 3614 qnoque
864 3533 982 3596 eertum
1014 3533 1075 3604 est,
1106 3531 1263 3595 Velleinm

193 3633 225 3697 in
257 3639 399 3702 exornata
421 3639 512 3702 etad
535 3637 731 3722 splendorem
755 3618 793 3702 ⁴¹et
813 3635 853 3701 ad
875 3655 1003 3701 acumen
1037 3635 1183 3699 iuvenum
1205 3654 1263 3700 no·

194 3739 303 3804 bilinm
327 3740 417 3807 laude
441 3761 501 3806 non
521 3747 685 3826 utramque
706 3744 826 3825 partem
850 3742 894 3807 sic
915 3743 1111 3807 terminasse:
1134 3739 1264 3807 AElins

194 3844 325 3909 Lamia
436 3847 611 3915 defectus
634 3851 692 3913 est
725 3849 762 3911 et
790 3850 829 3914 Δ,
852 3848 1024 3913 Licinius
1056 3864 1106 3912 ..ι
1135 3845 1271 3912 deleo·-

193 3954 255 4013 tus
285 3954 356 4024 est,
401 3953 455 4017 sed
488 3955 584 4020 altero
615 3957 739 4020 tantum
772 3953 838 4018 loco
874 3954 1002 4019 verbum
1038 3951 1197 4034 posuisse,
1230 3953 1264 4018 in

127 4076 129 4087 ⁴
193 4055 295 4137 priore
325 4056 412 4136 parte
444 4058 538 4123 alium
567 4058 599 4124 id
622 4060 778 4125 hominem
801 4061 978 4125 annotasse.
