2656 5056
425 673 564 729 Ciceronis
582 673 728 730 orationes.
1009 674 1068 737 129

9 869 164 951 :renio
185 875 246 936 est
267 872 376 948 hocf)
408 872 563 938 sententie
594 869 717 937 infinita
748 875 830 938 recte
860 870 1048 955 adiungitur,
1080 876 1112 936 et

38 995 167 1060 prorsus
181 976 312 1043 ridicula
326 979 374 1043 est
389 978 558 1044 exhortatio
572 977 637 1056 ilia,
653 978 690 1043 nt
704 997 845 1044 censores
860 978 978 1061 aliquid
995 976 1109 1044 dicant.

37 1085 184 1166 Apparet
205 1083 284 1149 hanc
305 1085 474 1149 necessario
496 1102 563 1150 esse
585 1083 732 1150 orationis
754 1083 900 1149 formam:
924 1081 1027 1162 Quid
1050 1087 1111 1147 est

37 1190 140 1256 hcc?
173 1190 279 1255 Duos
312 1207 400 1255 esse
422 1190 635 1272 corruptos
657 1190 765 1255 solos
790 1191 961 1272 pecunia
982 1188 1110 1264 dicunt;

36 1295 173 1362 ceteri
195 1292 394 1361 videlicet
423 1295 555 1379 gratis
585 1295 910 1361 condemnarunt.
965 1294 1026 1361 Sed
1048 1295 1109 1360 di·

37 1404 139 1468 cunt
171 1400 220 1467 vir
252 1401 284 1466 in
318 1402 456 1467 dicant
483 1401 662 1478 transisset,
689 1400 898 1485 scriptumque
928 1401 1031 1485 potins
1053 1401 1112 1467 fuit

35 1507 240 1584 indicant*)

145 1675 190 1742 De
212 1674 285 1759 lege
304 1673 440 1758 agraria
454 1675 495 1752 li,
518 1675 575 1738 57:
599 1693 709 1758 quem
727 1681 848 1758 (agrurn
865 1675 1110 1752 Recentoricum)

37 1803 115 1868 ego
139 1779 271 1863 excipi
294 1781 334 1845 et
354 1780 519 1863 propter
540 1779 743 1845 hominurn
765 1781 1109 1847 necessitudinem

37 1890 83 1954 et
101 1888 268 1971 propter
290 1887 538 1971 aeqnitatem,
562 1884 761 1965 Quirites,
789 1885 877 1970 ipse
898 1886 1111 1953 vehemen-

36 1998 107 2061 ter
128 1993 291 2078 gaudeo.
336 1991 412 2059 Sed
442 2011 523 2076 quae
552 1995 614 2056 est
636 1992 716 2057 haec
737 1991 1015 2074 impudentia?
1058 1995 1110 2059 Sic

38 2102 146 2167 editur
175 2119 191 2165 e
222 2097 346 2164 Gruteri
378 2099 562 2176 coniectura,
596 2099 826 2183 pronominibus
859 2119 875 2166 e
883 2119 928 2185 go
960 2104 993 2166 et
1023 2101 1111 2183 ipse

38 2208 155 2273 vitiose
170 2206 335 2289 geminatis
351 2206 383 2270 et
398 2204 568 2284 distractis;
591 2205 712 2272 codices
733 2204 849 2273 hebent
870 2225 919 2274 see
926 2226 972 2289 pe
993 2208 1110 2274 vehe-

39 2314 200 2380 menter
231 2311 400 2397 gaudco,
434 2310 466 2376 in
499 2328 559 2392 quo
591 2311 670 2376 latet
699 2329 814 2398 reapse
836 2334 864 2378 v.
887 2333 917 2397 g.
962 2315 1023 2381 Res
1044 2315 1111 2398 ipsa

38 2419 186 2486 Ciceroni
209 2419 317 2504 placei,
340 2435 400 2482 non
423 2419 502 2482 aetio
524 2416 677 2496 Rnlrifl)

146 2537 225 2604 lbid.
249 2536 326 2600 102:
360 2553 444 2612 ros,
477 2554 641 2618 quorum
670 2536 806 2620 gratia
834 2537 871 2601 iu
895 2539 1111 2623 suffragiis

39 2644 258 2722 consistit,
281 2643 458 2708 libertas
478 2639 517 2705 iu
539 2639 715 2725 legibus,
738 2642 861 2708 honos
882 2643 921 2708 in
942 2643 1112 2712 iudiciis

40 2755 84 2817 et
121 2750 315 2833 equitate
352 2748 682 2833 magistratuum,
718 2765 780 2812 res
816 2748 1038 2816 familiaris
1075 2753 1112 2817 in

40 2873 141 2941 pace
163 2856 220 2921 cet
263 2854 367 2920 Plebis
391 2854 546 2932 Romane,
568 2870 661 2934 qnam
682 2850 788 2918 Cicero
810 2853 988 2937 alloquitur,
1009 2856 1113 2922 nuilus

41 2969 96 3029 est
128 2962 270 3037 honos,
303 2979 394 3043 quem
428 2957 549 3026 indiciis
581 2956 752 3040 presertim
776 2958 929 3026 defendat.
973 2959 1111 3038 Codices,

38 3070 98 3136 ubi
122 3067 223 3133 editur
244 3068 384 3144 honos,
406 3056 521 3131 liabent
541 3065 628 3141 hos;
651 3063 843 3131 scribendum
864 3065 924 3133 ine.
967 3065 1030 3152 [Sic
1050 3067 1110 3133 ianr

38 3175 224 3260 Kayserus.]

12 3290 26 3321 r
147 3277 1113 3362 ibid.lii,3:completisuntanimianresqueve·

37 3392 155 3466 strae,
172 3386 372 3467 Quirites,
389 3404 445 3450 me
467 3384 775 3468 gratificantem
797 3388 949 3466 septem
972 3388 1112 3469 tyran·

99 3675 126 3741 *)
146 3673 269 3728 Breviter
307 3673 459 3742 significare
496 3671 563 3726 satie
600 3679 653 3738 est,
691 3678 706 3736 ξ
744 3672 794 3726 107
831 3672 1002 3728 scribendum
1039 3691 1112 3730 esse:

147 3766 293 3835 Longum
314 3773 364 3820 eet
382 3765 419 3821 de
438 3765 646 3833 singulorum
664 3765 790 3820 virtute
804 3763 964 3833 illa(codd.,
977 3766 1039 3822 edd.
1054 3767 1112 3832 ite)

148 3859 273 3927 dicere3
301 3875 383 3929 qnae,
412 3859 489 3927 quia
516 3858 653 3926 cognita
682 3864 759 3911 sunt
787 3859 824 3912 ab
853 3859 1016 3923 omnibns,
1043 3876 1112 3915 rer·

148 3953 259 4006 borum
297 3958 492 4007 ornamenta
526 3966 591 4006 non
628 3959 792 4018 quaernnc,
828 3958 856 4006 et
888 3953 903 4014 ἕ
943 3950 992 4005 133
1029 3952 1112 4021 scrip·

148 4050 205 4099 tum
228 4062 245 4100 a
270 4044 400 4100 Cicerone
423 4043 521 4098 rideri:
544 4049 707 4112 putarunt
731 4045 946 4114 praetermitti
975 4060 1135 4118 accusa,

148 4143 252 4193 torem
271 4154 333 4192 non
358 4135 551 4208 posse(codd.,
580 4135 641 4191 edd.
668 4137 841 4206 potuisse),
869 4154 939 4191 cum
967 4137 1112 4193 animad-

149 4238 386 4286 versum'esset
404 4230 436 4284 in
454 4229 583 4285 iudices
602 4230 704 4299 (egitur
729 4230 800 4284 eninr
825 4229 857 4283 de
880 4246 1022 4285 censorum
1048 4231 1113 4286 deli·

149 4322 292 4378 beratione
311 4329 466 4378 antenctae
485 4322 733 4391 subscriptionem).'

81 4416 127 4481 ”J
148 4420 162 4479 ς
183 4416 214 4469 71
233 4433 284 4487 pro
299 4416 498 4484 eramquam
513 4423 566 4469 cet.
586 4414 757 4470 scribendum
776 4421 830 4471 est:
850 4415 907 4469 iarn
927 4428 1009 4485 quam
1027 4414 1113 4470 illud

150 4516 200 4563 eet
218 4511 385 4578 egregium
404 4509 488 4565 ....?
520 4508 716 4577 Interrogando
736 4508 868 4564 transitur
886 4508 921 4563 ad
936 4523 1034 4564 noram
1046 4524 1113 4564 rem.

896 4612 913 4664 9
