<?xml version="1.0" encoding="UTF-8"?>
<!DOCTYPE html PUBLIC "-//W3C//DTD XHTML 1.0 Transitional//EN"
    "http://www.w3.org/TR/xhtml1/DTD/xhtml1-transitional.dtd">
<html xmlns="http://www.w3.org/1999/xhtml" xml:lang="en" lang="en">
 <head>
  <title>
</title>
<meta http-equiv="Content-Type" content="text/html;charset=utf-8" />
  <meta name='ocr-system' content='tesseract 3.04.00' />
  <meta name='ocr-capabilities' content='ocr_page ocr_carea ocr_par ocr_line ocrx_word'/>
</head>
<body>
  <div class='ocr_page' id='page_1' title='image "./ioniemadvigiiad00madvgoog_0406.png"; bbox 0 0 2662 5062; ppageno 0'>
   <div class='ocr_carea' id='block_1_1' title="bbox 462 677 1095 746">
    <p class='ocr_par' dir='ltr' id='par_1_1' title="bbox 462 677 1095 746">
     <span class='ocr_line' id='line_1_1' title="bbox 462 677 1095 746; baseline -0.003 -14"><span class='ocrx_word' id='word_1_1' title='bbox 462 677 494 732; x_wconf 78' lang='lat' dir='ltr'>L</span> <span class='ocrx_word' id='word_1_2' title='bbox 512 677 612 735; x_wconf 66' lang='lat' dir='ltr'><strong>&amp;neca</strong></span> <span class='ocrx_word' id='word_1_3' title='bbox 628 677 661 732; x_wconf 88' lang='lat' dir='ltr'><strong>de</strong></span> <span class='ocrx_word' id='word_1_4' title='bbox 679 678 744 734; x_wconf 88' lang='lat' dir='ltr'><strong>otio.</strong></span> <span class='ocrx_word' id='word_1_5' title='bbox 1034 680 1095 746; x_wconf 81' lang='grc'><strong>395</strong></span> 
     </span>
    </p>
   </div>
   <div class='ocr_carea' id='block_1_2' title="bbox 62 872 1137 2755">
    <p class='ocr_par' dir='ltr' id='par_1_2' title="bbox 62 872 1137 1487">
     <span class='ocr_line' id='line_1_2' title="bbox 169 872 1137 962; baseline 0.004 -19"><span class='ocrx_word' id='word_1_6' title='bbox 169 876 216 943; x_wconf 79' lang='lat' dir='ltr'><strong>lle</strong></span> <span class='ocrx_word' id='word_1_7' title='bbox 252 878 318 944; x_wconf 89' lang='lat' dir='ltr'><strong>otio</strong></span> <span class='ocrx_word' id='word_1_8' title='bbox 352 875 490 961; x_wconf 77' lang='lat' dir='ltr'><strong>(fragm.)</strong></span> <span class='ocrx_word' id='word_1_9' title='bbox 522 872 540 938; x_wconf 93' lang='lat'>1</span> <span class='ocrx_word' id='word_1_10' title='bbox 573 876 655 955; x_wconf 81' lang='lat'>(28),</span> <span class='ocrx_word' id='word_1_11' title='bbox 691 878 723 940; x_wconf 89' lang='lat'><strong>1:</strong></span> <span class='ocrx_word' id='word_1_12' title='bbox 767 877 870 943; x_wconf 80' lang='lat' dir='ltr'><strong>Tunc</strong></span> <span class='ocrx_word' id='word_1_13' title='bbox 905 881 1039 962; x_wconf 86' lang='lat' dir='ltr'><strong>potest</strong></span> <span class='ocrx_word' id='word_1_14' title='bbox 1069 881 1137 947; x_wconf 93' lang='lat' dir='ltr'><strong>ob·</strong></span> 
     </span>
     <span class='ocr_line' id='line_1_3' title="bbox 62 982 1136 1072; baseline 0.003 -24"><span class='ocrx_word' id='word_1_15' title='bbox 62 984 217 1056; x_wconf 81' lang='lat' dir='ltr'><strong>tinere,</strong></span> <span class='ocrx_word' id='word_1_16' title='bbox 240 982 337 1066; x_wconf 84' lang='lat' dir='ltr'><strong>quod</strong></span> <span class='ocrx_word' id='word_1_17' title='bbox 359 983 477 1047; x_wconf 90' lang='lat' dir='ltr'><strong>semel</strong></span> <span class='ocrx_word' id='word_1_18' title='bbox 499 982 663 1072; x_wconf 84' lang='lat' dir='ltr'><strong>placuit,</strong></span> <span class='ocrx_word' id='word_1_19' title='bbox 692 982 756 1047; x_wconf 92' lang='lat' dir='ltr'><strong>ubi</strong></span> <span class='ocrx_word' id='word_1_20' title='bbox 777 999 885 1047; x_wconf 92' lang='lat' dir='ltr'><strong>nemo</strong></span> <span class='ocrx_word' id='word_1_21' title='bbox 907 984 1136 1063; x_wconf 82' lang='lat' dir='ltr'><strong>intervenit,</strong></span> 
     </span>
     <span class='ocr_line' id='line_1_4' title="bbox 64 1086 1136 1174; baseline 0.004 -20"><span class='ocrx_word' id='word_1_22' title='bbox 64 1090 135 1174; x_wconf 84' lang='lat' dir='ltr'><strong>qui</strong></span> <span class='ocrx_word' id='word_1_23' title='bbox 166 1088 357 1153; x_wconf 88' lang='lat' dir='ltr'><strong>iudicium</strong></span> <span class='ocrx_word' id='word_1_24' title='bbox 482 1086 730 1171; x_wconf 87' lang='lat' dir='ltr'><strong>detorqueat,</strong></span> <span class='ocrx_word' id='word_1_25' title='bbox 767 1090 857 1154; x_wconf 90' lang='lat' dir='ltr'><strong>tunc</strong></span> <span class='ocrx_word' id='word_1_26' title='bbox 886 1093 1018 1173; x_wconf 87' lang='lat' dir='ltr'><strong>potest</strong></span> <span class='ocrx_word' id='word_1_27' title='bbox 1053 1093 1136 1158; x_wconf 87' lang='lat' dir='ltr'><strong>rita</strong></span> 
     </span>
     <span class='ocr_line' id='line_1_5' title="bbox 65 1193 1137 1280; baseline 0.004 -20"><span class='ocrx_word' id='word_1_28' title='bbox 65 1194 212 1278; x_wconf 82' lang='lat' dir='ltr'><strong>aequali</strong></span> <span class='ocrx_word' id='word_1_29' title='bbox 250 1197 290 1259; x_wconf 86' lang='lat' dir='ltr'><strong>et</strong></span> <span class='ocrx_word' id='word_1_30' title='bbox 320 1212 393 1260; x_wconf 92' lang='lat' dir='ltr'><strong>uno</strong></span> <span class='ocrx_word' id='word_1_31' title='bbox 429 1196 565 1259; x_wconf 89' lang='lat' dir='ltr'><strong>tenore</strong></span> <span class='ocrx_word' id='word_1_32' title='bbox 601 1193 819 1277; x_wconf 83' lang='lat' dir='ltr'><strong>procedere.</strong></span> <span class='ocrx_word' id='word_1_33' title='bbox 878 1194 968 1262; x_wconf 81' lang='lat' dir='ltr'>Prius</span> <span class='ocrx_word' id='word_1_34' title='bbox 1000 1201 1137 1280; x_wconf 87' lang='lat' dir='ltr'><strong>potest</strong></span> 
     </span>
     <span class='ocr_line' id='line_1_6' title="bbox 63 1299 1136 1382; baseline 0.004 -18"><span class='ocrx_word' id='word_1_35' title='bbox 63 1299 208 1364; x_wconf 86' lang='lat' dir='ltr'><strong>subiecto</strong></span> <span class='ocrx_word' id='word_1_36' title='bbox 230 1301 330 1376; x_wconf 78' lang='lat' dir='ltr'><strong>caret3</strong></span> <span class='ocrx_word' id='word_1_37' title='bbox 367 1305 478 1382; x_wconf 82' lang='lat' dir='ltr'><strong>lneque</strong></span> <span class='ocrx_word' id='word_1_38' title='bbox 500 1299 583 1364; x_wconf 91' lang='lat' dir='ltr'><strong>enim</strong></span> <span class='ocrx_word' id='word_1_39' title='bbox 605 1299 763 1364; x_wconf 88' lang='lat' dir='ltr'><strong>decretum</strong></span> <span class='ocrx_word' id='word_1_40' title='bbox 785 1299 921 1366; x_wconf 89' lang='lat' dir='ltr'><strong>obtinere</strong></span> <span class='ocrx_word' id='word_1_41' title='bbox 941 1302 1136 1368; x_wconf 75' lang='lat' dir='ltr'><strong>intransitive</strong></span> 
     </span>
     <span class='ocr_line' id='line_1_7' title="bbox 67 1403 620 1487; baseline 0 -18"><span class='ocrx_word' id='word_1_42' title='bbox 67 1403 130 1469; x_wconf 83' lang='lat' dir='ltr'><strong>diei</strong></span> <span class='ocrx_word' id='word_1_43' title='bbox 151 1404 278 1487; x_wconf 79' lang='lat' dir='ltr'><strong>potest).</strong></span> <span class='ocrx_word' id='word_1_44' title='bbox 322 1404 418 1470; x_wconf 86' lang='lat' dir='ltr'><strong>Scrib.</strong></span> <span class='ocrx_word' id='word_1_45' title='bbox 441 1404 620 1469; x_wconf 74' lang='lat' dir='ltr'><strong><em>obtineri.</em></strong></span> 
     </span>
    </p>

    <p class='ocr_par' dir='ltr' id='par_1_3' title="bbox 62 1508 1135 2755">
     <span class='ocr_line' id='line_1_8' title="bbox 167 1508 1135 1594; baseline 0.004 -21"><span class='ocrx_word' id='word_1_46' title='bbox 167 1509 237 1575; x_wconf 82' lang='lat' dir='ltr'><strong>lbd.</strong></span> <span class='ocrx_word' id='word_1_47' title='bbox 259 1508 279 1572; x_wconf 85' lang='lat'><strong>3</strong></span> <span class='ocrx_word' id='word_1_48' title='bbox 301 1509 389 1593; x_wconf 80' lang='lat'>(30),</span> <span class='ocrx_word' id='word_1_49' title='bbox 418 1511 450 1573; x_wconf 87' lang='lat' dir='ltr'><strong>l:</strong></span> <span class='ocrx_word' id='word_1_50' title='bbox 489 1510 557 1577; x_wconf 91' lang='lat' dir='ltr'><strong>sed</strong></span> <span class='ocrx_word' id='word_1_51' title='bbox 588 1510 680 1594; x_wconf 85' lang='lat' dir='ltr'><strong>quia</strong></span> <span class='ocrx_word' id='word_1_52' title='bbox 705 1527 765 1575; x_wconf 88' lang='lat' dir='ltr'><strong>res</strong></span> <span class='ocrx_word' id='word_1_53' title='bbox 793 1509 877 1593; x_wconf 86' lang='lat' dir='ltr'><strong>ipsa</strong></span> <span class='ocrx_word' id='word_1_54' title='bbox 904 1512 1051 1594; x_wconf 88' lang='lat' dir='ltr'><strong>patitur</strong></span> <span class='ocrx_word' id='word_1_55' title='bbox 1078 1530 1135 1577; x_wconf 91' lang='lat' dir='ltr'><strong>me</strong></span> 
     </span>
     <span class='ocr_line' id='line_1_9' title="bbox 62 1614 1133 1711; baseline 0.004 -32"><span class='ocrx_word' id='word_1_56' title='bbox 62 1614 122 1680; x_wconf 92' lang='lat' dir='ltr'><strong>ire</strong></span> <span class='ocrx_word' id='word_1_57' title='bbox 154 1617 193 1680; x_wconf 93' lang='lat' dir='ltr'><strong>in</strong></span> <span class='ocrx_word' id='word_1_58' title='bbox 232 1615 389 1711; x_wconf 82' lang='lat' dir='ltr'><strong>illorum</strong></span> <span class='ocrx_word' id='word_1_59' title='bbox 426 1615 621 1694; x_wconf 86' lang='lat' dir='ltr'><strong>(Stoicorum)</strong></span> <span class='ocrx_word' id='word_1_60' title='bbox 652 1616 909 1693; x_wconf 66' lang='lat' dir='ltr'><strong>sententiam</strong></span> <span class='ocrx_word' id='word_1_61' title='bbox 953 1634 1061 1699; x_wconf 86' lang='lat' dir='ltr'><strong>quam</strong></span> <span class='ocrx_word' id='word_1_62' title='bbox 1098 1618 1133 1683; x_wconf 92' lang='lat' dir='ltr'><strong>si</strong></span> 
     </span>
     <span class='ocr_line' id='line_1_10' title="bbox 64 1720 1133 1805; baseline 0.001 -20"><span class='ocrx_word' id='word_1_63' title='bbox 64 1721 151 1804; x_wconf 89' lang='lat' dir='ltr'><strong>quis</strong></span> <span class='ocrx_word' id='word_1_64' title='bbox 184 1738 336 1804; x_wconf 81' lang='lat' dir='ltr'><strong>semper</strong></span> <span class='ocrx_word' id='word_1_65' title='bbox 364 1720 476 1786; x_wconf 87' lang='lat' dir='ltr'><strong>nnius</strong></span> <span class='ocrx_word' id='word_1_66' title='bbox 497 1723 687 1805; x_wconf 80' lang='lat' dir='ltr'><strong>sequitur,</strong></span> <span class='ocrx_word' id='word_1_67' title='bbox 719 1740 791 1787; x_wconf 91' lang='lat' dir='ltr'><strong>uon</strong></span> <span class='ocrx_word' id='word_1_68' title='bbox 824 1723 969 1788; x_wconf 86' lang='lat' dir='ltr'><strong>iniuria</strong></span> <span class='ocrx_word' id='word_1_69' title='bbox 1000 1723 1066 1788; x_wconf 90' lang='lat' dir='ltr'><strong>sed</strong></span> <span class='ocrx_word' id='word_1_70' title='bbox 1094 1723 1133 1788; x_wconf 93' lang='lat' dir='ltr'><strong>in</strong></span> 
     </span>
     <span class='ocr_line' id='line_1_11' title="bbox 64 1825 1133 1909; baseline 0.004 -19"><span class='ocrx_word' id='word_1_71' title='bbox 64 1825 272 1892; x_wconf 76' lang='lat' dir='ltr'><strong>factionis.</strong></span> <span class='ocrx_word' id='word_1_72' title='bbox 293 1825 346 1892; x_wconf 86' lang='lat' dir='ltr'><strong>Sic</strong></span> <span class='ocrx_word' id='word_1_73' title='bbox 366 1828 407 1892; x_wconf 83' lang='lat' dir='ltr'><strong>A.</strong></span> <span class='ocrx_word' id='word_1_74' title='bbox 429 1826 497 1891; x_wconf 88' lang='lat' dir='ltr'><strong>Non</strong></span> <span class='ocrx_word' id='word_1_75' title='bbox 519 1829 623 1909; x_wconf 85' lang='lat' dir='ltr'><strong>potest</strong></span> <span class='ocrx_word' id='word_1_76' title='bbox 648 1828 687 1893; x_wconf 88' lang='lat' dir='ltr'><strong>ad</strong></span> <span class='ocrx_word' id='word_1_77' title='bbox 709 1828 868 1894; x_wconf 88' lang='lat' dir='ltr'><strong>illorum</strong></span> <span class='ocrx_word' id='word_1_78' title='bbox 890 1828 1133 1895; x_wconf 85' lang='lat' dir='ltr'><strong>senteutiam</strong></span> 
     </span>
     <span class='ocr_line' id='line_1_12' title="bbox 62 1931 1135 2019; baseline 0.004 -24"><span class='ocrx_word' id='word_1_79' title='bbox 62 1931 174 1996; x_wconf 88' lang='lat' dir='ltr'><strong>referri</strong></span> <span class='ocrx_word' id='word_1_80' title='bbox 211 1950 323 2015; x_wconf 88' lang='lat' dir='ltr'><strong>quam</strong></span> <span class='ocrx_word' id='word_1_81' title='bbox 364 1937 397 1998; x_wconf 87' lang='lat' dir='ltr'><strong>et</strong></span> <span class='ocrx_word' id='word_1_82' title='bbox 426 1933 532 1998; x_wconf 87' lang='lat' dir='ltr'><strong>tamen</strong></span> <span class='ocrx_word' id='word_1_83' title='bbox 563 1933 705 1999; x_wconf 85' lang='lat' dir='ltr'><strong>universe</strong></span> <span class='ocrx_word' id='word_1_84' title='bbox 737 1933 850 2015; x_wconf 81' lang='lat' dir='ltr'><strong>accipi,</strong></span> <span class='ocrx_word' id='word_1_85' title='bbox 883 1935 919 1999; x_wconf 92' lang='lat' dir='ltr'><strong>ut</strong></span> <span class='ocrx_word' id='word_1_86' title='bbox 949 1934 1135 2019; x_wconf 86' lang='lat' dir='ltr'><strong>adiungatur</strong></span> 
     </span>
     <span class='ocr_line' id='line_1_13' title="bbox 65 2036 1133 2121; baseline -0.001 -19"><span class='ocrx_word' id='word_1_87' title='bbox 65 2055 218 2121; x_wconf 88' lang='lat' dir='ltr'><strong>semper</strong></span> <span class='ocrx_word' id='word_1_88' title='bbox 248 2038 369 2104; x_wconf 88' lang='lat' dir='ltr'><strong>nnius.</strong></span> <span class='ocrx_word' id='word_1_89' title='bbox 417 2036 616 2104; x_wconf 87' lang='lat' dir='ltr'><strong>Scribendum</strong></span> <span class='ocrx_word' id='word_1_90' title='bbox 650 2042 712 2106; x_wconf 91' lang='lat' dir='ltr'><strong>est:</strong></span> <span class='ocrx_word' id='word_1_91' title='bbox 745 2040 990 2105; x_wconf 86' lang='lat' dir='ltr'><strong>sententiam.</strong></span> <span class='ocrx_word' id='word_1_92' title='bbox 1035 2039 1133 2103; x_wconf 87' lang='lat' dir='ltr'><strong>Nam</strong></span> 
     </span>
     <span class='ocr_line' id='line_1_14' title="bbox 65 2143 1132 2229; baseline 0.003 -21"><span class='ocrx_word' id='word_1_93' title='bbox 65 2143 96 2208; x_wconf 91' lang='lat' dir='ltr'><strong>si</strong></span> <span class='ocrx_word' id='word_1_94' title='bbox 120 2143 206 2227; x_wconf 88' lang='lat' dir='ltr'><strong>quis</strong></span> <span class='ocrx_word' id='word_1_95' title='bbox 229 2162 378 2227; x_wconf 87' lang='lat' dir='ltr'><strong>semper</strong></span> <span class='ocrx_word' id='word_1_96' title='bbox 403 2145 518 2210; x_wconf 88' lang='lat' dir='ltr'><strong>unius</strong></span> <span class='ocrx_word' id='word_1_97' title='bbox 544 2145 735 2229; x_wconf 86' lang='lat' dir='ltr'><strong>sequitur,</strong></span> <span class='ocrx_word' id='word_1_98' title='bbox 768 2165 841 2210; x_wconf 93' lang='lat' dir='ltr'><strong>non</strong></span> <span class='ocrx_word' id='word_1_99' title='bbox 868 2145 905 2210; x_wconf 91' lang='lat' dir='ltr'><strong>in</strong></span> <span class='ocrx_word' id='word_1_100' title='bbox 938 2145 1043 2212; x_wconf 90' lang='lat' dir='ltr'><strong>curia</strong></span> <span class='ocrx_word' id='word_1_101' title='bbox 1075 2145 1132 2224; x_wconf 90' lang='lat' dir='ltr'><strong>(sio</strong></span> 
     </span>
     <span class='ocr_line' id='line_1_15' title="bbox 64 2249 1127 2334; baseline 0.005 -20"><span class='ocrx_word' id='word_1_102' title='bbox 64 2249 188 2332; x_wconf 83' lang='lat' dir='ltr'><strong>Lipsius</strong></span> <span class='ocrx_word' id='word_1_103' title='bbox 211 2251 336 2332; x_wconf 87' lang='lat' dir='ltr'><strong>etpost</strong></span> <span class='ocrx_word' id='word_1_104' title='bbox 357 2268 426 2316; x_wconf 87' lang='lat' dir='ltr'><strong>eum</strong></span> <span class='ocrx_word' id='word_1_105' title='bbox 449 2251 567 2334; x_wconf 71' lang='lat' dir='ltr'><strong>ceteri),</strong></span> <span class='ocrx_word' id='word_1_106' title='bbox 600 2251 664 2317; x_wconf 90' lang='lat' dir='ltr'><strong>sed</strong></span> <span class='ocrx_word' id='word_1_107' title='bbox 692 2254 729 2318; x_wconf 94' lang='lat' dir='ltr'><strong>in</strong></span> <span class='ocrx_word' id='word_1_108' title='bbox 751 2252 924 2319; x_wconf 89' lang='lat' dir='ltr'><strong>factione</strong></span> <span class='ocrx_word' id='word_1_109' title='bbox 945 2261 986 2314; x_wconf 80' lang='lat' dir='ltr'><strong>sl.</strong></span> <span class='ocrx_word' id='word_1_110' title='bbox 1029 2252 1127 2319; x_wconf 87' lang='lat' dir='ltr'><strong>Paulo</strong></span> 
     </span>
     <span class='ocr_line' id='line_1_16' title="bbox 65 2354 1132 2442; baseline 0.003 -24"><span class='ocrx_word' id='word_1_111' title='bbox 65 2358 134 2438; x_wconf 84' lang='lat' dir='ltr'><strong>post</strong></span> <span class='ocrx_word' id='word_1_112' title='bbox 155 2355 173 2439; x_wconf 64' lang='grc' dir='ltr'>ᾗ</span> <span class='ocrx_word' id='word_1_113' title='bbox 196 2354 227 2430; x_wconf 86' lang='grc'><strong>3,</strong></span> <span class='ocrx_word' id='word_1_114' title='bbox 253 2355 307 2421; x_wconf 93' lang='lat' dir='ltr'><strong>nbi</strong></span> <span class='ocrx_word' id='word_1_115' title='bbox 329 2355 446 2422; x_wconf 86' lang='lat' dir='ltr'><strong>editur:</strong></span> <span class='ocrx_word' id='word_1_116' title='bbox 482 2358 516 2422; x_wconf 88' lang='lat' dir='ltr'><strong>si</strong></span> <span class='ocrx_word' id='word_1_117' title='bbox 548 2377 643 2441; x_wconf 88' lang='lat' dir='ltr'><strong>resp.</strong></span> <span class='ocrx_word' id='word_1_118' title='bbox 666 2358 890 2442; x_wconf 88' lang='lat' dir='ltr'><strong>corruptior</strong></span> <span class='ocrx_word' id='word_1_119' title='bbox 922 2359 991 2431; x_wconf 83' lang='lat' dir='ltr'><strong>est,</strong></span> <span class='ocrx_word' id='word_1_120' title='bbox 1022 2375 1132 2442; x_wconf 85' lang='lat' dir='ltr'><strong>quam</strong></span> 
     </span>
     <span class='ocr_line' id='line_1_17' title="bbox 66 2461 1130 2548; baseline 0.003 -23"><span class='ocrx_word' id='word_1_121' title='bbox 66 2462 109 2525; x_wconf 93' lang='lat' dir='ltr'><strong>nt</strong></span> <span class='ocrx_word' id='word_1_122' title='bbox 126 2461 306 2527; x_wconf 85' lang='lat' dir='ltr'><strong>adiuvari</strong></span> <span class='ocrx_word' id='word_1_123' title='bbox 328 2462 471 2547; x_wconf 85' lang='lat' dir='ltr'><strong>possit,</strong></span> <span class='ocrx_word' id='word_1_124' title='bbox 495 2463 526 2528; x_wconf 90' lang='lat' dir='ltr'><strong>si</strong></span> <span class='ocrx_word' id='word_1_125' title='bbox 548 2467 731 2548; x_wconf 85' lang='lat' dir='ltr'><strong>occupata</strong></span> <span class='ocrx_word' id='word_1_126' title='bbox 752 2464 952 2538; x_wconf 77' lang='lat' dir='ltr'><strong>estmalis.</strong></span> <span class='ocrx_word' id='word_1_127' title='bbox 974 2463 1001 2528; x_wconf 91' lang='lat' dir='ltr'><strong>si</strong></span> <span class='ocrx_word' id='word_1_128' title='bbox 1022 2480 1130 2528; x_wconf 86' lang='lat' dir='ltr'><strong>verum</strong></span> 
     </span>
     <span class='ocr_line' id='line_1_18' title="bbox 66 2567 1128 2652; baseline 0 -21"><span class='ocrx_word' id='word_1_129' title='bbox 66 2569 123 2641; x_wconf 85' lang='lat' dir='ltr'><strong>eat,</strong></span> <span class='ocrx_word' id='word_1_130' title='bbox 155 2568 192 2631; x_wconf 90' lang='lat' dir='ltr'><strong>ut</strong></span> <span class='ocrx_word' id='word_1_131' title='bbox 223 2568 308 2650; x_wconf 84' lang='lat' dir='ltr'><strong>putu,</strong></span> <span class='ocrx_word' id='word_1_132' title='bbox 345 2572 528 2652; x_wconf 87' lang='lat' dir='ltr'><strong>occupata</strong></span> <span class='ocrx_word' id='word_1_133' title='bbox 560 2570 602 2649; x_wconf 82' lang='lat' dir='ltr'><strong>(A</strong></span> <span class='ocrx_word' id='word_1_134' title='bbox 642 2573 674 2637; x_wconf 92' lang='lat' dir='ltr'><strong>et</strong></span> <span class='ocrx_word' id='word_1_135' title='bbox 710 2569 764 2636; x_wconf 92' lang='lat' dir='ltr'><strong>alii</strong></span> <span class='ocrx_word' id='word_1_136' title='bbox 796 2569 1004 2645; x_wconf 85' lang='lat' dir='ltr'><strong>osculata),</strong></span> <span class='ocrx_word' id='word_1_137' title='bbox 1036 2567 1128 2632; x_wconf 79' lang='lat' dir='ltr'><strong>scribi</strong></span> 
     </span>
     <span class='ocr_line' id='line_1_19' title="bbox 68 2671 1130 2755; baseline 0 -19"><span class='ocrx_word' id='word_1_138' title='bbox 68 2671 171 2739; x_wconf 86' lang='lat' dir='ltr'><strong>debet:</strong></span> <span class='ocrx_word' id='word_1_139' title='bbox 201 2695 221 2736; x_wconf 85' lang='lat' dir='ltr'><strong>a</strong></span> <span class='ocrx_word' id='word_1_140' title='bbox 243 2674 356 2739; x_wconf 91' lang='lat' dir='ltr'><strong>malis</strong></span> <span class='ocrx_word' id='word_1_141' title='bbox 377 2674 415 2740; x_wconf 86' lang='lat' dir='ltr'><strong>de</strong></span> <span class='ocrx_word' id='word_1_142' title='bbox 438 2675 612 2740; x_wconf 89' lang='lat' dir='ltr'><strong>hominibus</strong></span> <span class='ocrx_word' id='word_1_143' title='bbox 635 2692 704 2741; x_wconf 89' lang='lat' dir='ltr'><strong>eam</strong></span> <span class='ocrx_word' id='word_1_144' title='bbox 726 2676 914 2750; x_wconf 82' lang='lat' dir='ltr'><strong>tenentibus;</strong></span> <span class='ocrx_word' id='word_1_145' title='bbox 938 2691 1011 2740; x_wconf 94' lang='lat' dir='ltr'><strong>nam</strong></span> <span class='ocrx_word' id='word_1_146' title='bbox 1033 2689 1130 2755; x_wconf 90' lang='lat' dir='ltr'><strong>neque</strong></span> 
     </span>
    </p>
   </div>
   <div class='ocr_carea' id='block_1_3' title="bbox 68 2779 1272 2865">
    <p class='ocr_par' dir='ltr' id='par_1_4' title="bbox 68 2779 1272 2865">
     <span class='ocr_line' id='line_1_20' title="bbox 68 2779 1272 2865; baseline -0.004 -20"><span class='ocrx_word' id='word_1_147' title='bbox 68 2781 243 2864; x_wconf 85' lang='lat' dir='ltr'><strong>occupari</strong></span> <span class='ocrx_word' id='word_1_148' title='bbox 275 2779 387 2845; x_wconf 88' lang='lat' dir='ltr'><strong>malis</strong></span> <span class='ocrx_word' id='word_1_149' title='bbox 419 2798 474 2864; x_wconf 91' lang='lat' dir='ltr'><strong>pro</strong></span> <span class='ocrx_word' id='word_1_150' title='bbox 504 2798 554 2858; x_wconf 79' lang='lat' dir='ltr'><strong>eo,</strong></span> <span class='ocrx_word' id='word_1_151' title='bbox 587 2781 668 2865; x_wconf 87' lang='lat' dir='ltr'><strong>quod</strong></span> <span class='ocrx_word' id='word_1_152' title='bbox 689 2782 739 2846; x_wconf 90' lang='lat' dir='ltr'><strong>est</strong></span> <span class='ocrx_word' id='word_1_153' title='bbox 764 2781 887 2856; x_wconf 82' lang='lat' dir='ltr'><strong>obrui,</strong></span> <span class='ocrx_word' id='word_1_154' title='bbox 921 2779 1043 2854; x_wconf 85' lang='lat' dir='ltr'><strong>dicitur,</strong></span> <span class='ocrx_word' id='word_1_155' title='bbox 1071 2795 1128 2842; x_wconf 91' lang='lat' dir='ltr'><strong>nec</strong></span> <span class='ocrx_word' id='word_1_156' title='bbox 1271 2848 1272 2851; x_wconf 8' lang='grc' dir='ltr'><strong>Ἴ</strong></span> 
     </span>
    </p>
   </div>
   <div class='ocr_carea' id='block_1_4' title="bbox 66 2881 1145 3926">
    <p class='ocr_par' dir='ltr' id='par_1_5' title="bbox 66 2881 1145 3926">
     <span class='ocr_line' id='line_1_21' title="bbox 68 2881 1145 2979; baseline -0.003 -29"><span class='ocrx_word' id='word_1_157' title='bbox 68 2885 183 2951; x_wconf 84' lang='lat' dir='ltr'><strong>obrutae</strong></span> <span class='ocrx_word' id='word_1_158' title='bbox 215 2886 443 2951; x_wconf 79' lang='lat' dir='ltr'><strong>calamitatibus</strong></span> <span class='ocrx_word' id='word_1_159' title='bbox 474 2886 549 2969; x_wconf 89' lang='lat' dir='ltr'><strong>reip.</strong></span> <span class='ocrx_word' id='word_1_160' title='bbox 586 2887 739 2953; x_wconf 84' lang='lat' dir='ltr'><strong>subveniri</strong></span> <span class='ocrx_word' id='word_1_161' title='bbox 765 2887 849 2952; x_wconf 83' lang='lat' dir='ltr'><strong>Zeno</strong></span> <span class='ocrx_word' id='word_1_162' title='bbox 883 2885 1014 2951; x_wconf 86' lang='lat' dir='ltr'><strong>nolebat.</strong></span> <span class='ocrx_word' id='word_1_163' title='bbox 1067 2881 1145 2979; x_wconf 20' lang='lat' dir='ltr'><strong>Sed·</strong></span> 
     </span>
     <span class='ocr_line' id='line_1_22' title="bbox 68 2990 1130 3076; baseline -0.003 -19"><span class='ocrx_word' id='word_1_164' title='bbox 68 2993 187 3075; x_wconf 80' lang='lat' dir='ltr'><strong>gravius</strong></span> <span class='ocrx_word' id='word_1_165' title='bbox 223 2992 371 3057; x_wconf 90' lang='lat' dir='ltr'><strong>mendum</strong></span> <span class='ocrx_word' id='word_1_166' title='bbox 406 2991 577 3058; x_wconf 90' lang='lat' dir='ltr'><strong>tollendum</strong></span> <span class='ocrx_word' id='word_1_167' title='bbox 614 3011 631 3057; x_wconf 92' lang='lat' dir='ltr'><strong>e</strong></span> <span class='ocrx_word' id='word_1_168' title='bbox 663 2992 681 3076; x_wconf 60' lang='grc' dir='ltr'><strong><em>ξ</em></strong></span> <span class='ocrx_word' id='word_1_169' title='bbox 713 2992 751 3056; x_wconf 82' lang='lat'><strong>4:</strong></span> <span class='ocrx_word' id='word_1_170' title='bbox 800 2991 937 3057; x_wconf 91' lang='lat' dir='ltr'><strong>Potest</strong></span> <span class='ocrx_word' id='word_1_171' title='bbox 969 3009 1058 3076; x_wconf 81' lang='lat' dir='ltr'><strong>ergo</strong></span> <span class='ocrx_word' id='word_1_172' title='bbox 1090 2990 1130 3054; x_wconf 91' lang='lat' dir='ltr'><strong>et</strong></span> 
     </span>
     <span class='ocr_line' id='line_1_23' title="bbox 68 3095 1127 3183; baseline -0.001 -23"><span class='ocrx_word' id='word_1_173' title='bbox 68 3095 141 3175; x_wconf 81' lang='lat' dir='ltr'><strong>ille,</strong></span> <span class='ocrx_word' id='word_1_174' title='bbox 180 3098 241 3163; x_wconf 88' lang='lat' dir='ltr'><strong>cui</strong></span> <span class='ocrx_word' id='word_1_175' title='bbox 273 3099 404 3164; x_wconf 93' lang='lat' dir='ltr'><strong>omnia</strong></span> <span class='ocrx_word' id='word_1_176' title='bbox 441 3098 565 3164; x_wconf 88' lang='lat' dir='ltr'><strong>adhue</strong></span> <span class='ocrx_word' id='word_1_177' title='bbox 597 3101 635 3164; x_wconf 95' lang='lat' dir='ltr'><strong>in</strong></span> <span class='ocrx_word' id='word_1_178' title='bbox 665 3097 818 3183; x_wconf 80' lang='lat' dir='ltr'><strong>integro</strong></span> <span class='ocrx_word' id='word_1_179' title='bbox 851 3098 959 3174; x_wconf 84' lang='lat' dir='ltr'><strong>sunt,</strong></span> <span class='ocrx_word' id='word_1_180' title='bbox 996 3139 1063 3169; x_wconf 86' lang='lat'><strong>...,</strong></span> <span class='ocrx_word' id='word_1_181' title='bbox 1089 3095 1127 3160; x_wconf 93' lang='lat' dir='ltr'><strong>in</strong></span> 
     </span>
     <span class='ocr_line' id='line_1_24' title="bbox 68 3200 1127 3288; baseline 0 -22"><span class='ocrx_word' id='word_1_182' title='bbox 68 3203 146 3268; x_wconf 87' lang='lat' dir='ltr'><strong>tuto</strong></span> <span class='ocrx_word' id='word_1_183' title='bbox 168 3204 387 3271; x_wconf 83' lang='lat' dir='ltr'><strong>subsistere</strong></span> <span class='ocrx_word' id='word_1_184' title='bbox 409 3207 448 3271; x_wconf 92' lang='lat' dir='ltr'><strong>et</strong></span> <span class='ocrx_word' id='word_1_185' title='bbox 467 3206 639 3288; x_wconf 89' lang='lat' dir='ltr'><strong>protinus</strong></span> <span class='ocrx_word' id='word_1_186' title='bbox 662 3202 926 3272; x_wconf 89' lang='lat' dir='ltr'><strong>commendare</strong></span> <span class='ocrx_word' id='word_1_187' title='bbox 945 3221 990 3269; x_wconf 90' lang='lat' dir='ltr'><strong>se</strong></span> <span class='ocrx_word' id='word_1_188' title='bbox 1013 3200 1127 3267; x_wconf 86' lang='lat' dir='ltr'><strong>bonis</strong></span> 
     </span>
     <span class='ocr_line' id='line_1_25' title="bbox 68 3306 1128 3394; baseline -0.001 -23"><span class='ocrx_word' id='word_1_189' title='bbox 68 3310 216 3375; x_wconf 87' lang='lat' dir='ltr'><strong>artibus</strong></span> <span class='ocrx_word' id='word_1_190' title='bbox 248 3311 286 3375; x_wconf 91' lang='lat' dir='ltr'><strong>et</strong></span> <span class='ocrx_word' id='word_1_191' title='bbox 319 3311 368 3375; x_wconf 86' lang='lat' dir='ltr'><strong>in.</strong></span> <span class='ocrx_word' id='word_1_192' title='bbox 391 3310 478 3376; x_wconf 90' lang='lat' dir='ltr'><strong>illis</strong></span> <span class='ocrx_word' id='word_1_193' title='bbox 510 3312 661 3377; x_wconf 88' lang='lat' dir='ltr'><strong>beatum</strong></span> <span class='ocrx_word' id='word_1_194' title='bbox 699 3310 818 3376; x_wconf 91' lang='lat' dir='ltr'><strong>otium</strong></span> <span class='ocrx_word' id='word_1_195' title='bbox 846 3309 1013 3394; x_wconf 79' lang='lat' dir='ltr'><strong>exigere,</strong></span> <span class='ocrx_word' id='word_1_196' title='bbox 1046 3306 1128 3373; x_wconf 86' lang='lat' dir='ltr'><strong>vir·</strong></span> 
     </span>
     <span class='ocr_line' id='line_1_26' title="bbox 67 3413 1125 3499; baseline -0.003 -21"><span class='ocrx_word' id='word_1_197' title='bbox 67 3413 188 3481; x_wconf 88' lang='lat' dir='ltr'><strong>tutum</strong></span> <span class='ocrx_word' id='word_1_198' title='bbox 211 3415 354 3491; x_wconf 88' lang='lat' dir='ltr'><strong>cultor,</strong></span> <span class='ocrx_word' id='word_1_199' title='bbox 377 3421 437 3485; x_wconf 90' lang='lat' dir='ltr'><strong>cet.</strong></span> <span class='ocrx_word' id='word_1_200' title='bbox 480 3417 619 3483; x_wconf 88' lang='lat' dir='ltr'><strong>Nimium</strong></span> <span class='ocrx_word' id='word_1_201' title='bbox 639 3419 671 3482; x_wconf 93' lang='lat' dir='ltr'><strong>in</strong></span> <span class='ocrx_word' id='word_1_202' title='bbox 693 3416 791 3483; x_wconf 78' lang='lat' dir='ltr'><strong>Stoici</strong></span> <span class='ocrx_word' id='word_1_203' title='bbox 811 3434 939 3499; x_wconf 84' lang='lat' dir='ltr'><strong>persona</strong></span> <span class='ocrx_word' id='word_1_204' title='bbox 961 3413 1125 3485; x_wconf 88' lang='lat' dir='ltr'><strong>beatum,</strong></span> 
     </span>
     <span class='ocr_line' id='line_1_27' title="bbox 68 3518 1126 3607; baseline -0.003 -23"><span class='ocrx_word' id='word_1_205' title='bbox 68 3536 132 3586; x_wconf 88' lang='lat' dir='ltr'><strong>oum</strong></span> <span class='ocrx_word' id='word_1_206' title='bbox 154 3522 326 3603; x_wconf 74' lang='lat' dir='ltr'><strong>prasertim</strong></span> <span class='ocrx_word' id='word_1_207' title='bbox 356 3524 479 3590; x_wconf 87' lang='lat' dir='ltr'><strong>tantum</strong></span> <span class='ocrx_word' id='word_1_208' title='bbox 509 3525 606 3589; x_wconf 90' lang='lat' dir='ltr'><strong>otium</strong></span> <span class='ocrx_word' id='word_1_209' title='bbox 636 3522 747 3607; x_wconf 70' lang='lat' dir='ltr'><strong>agendi</strong></span> <span class='ocrx_word' id='word_1_210' title='bbox 774 3522 904 3588; x_wconf 83' lang='lat' dir='ltr'><strong>facultas</strong></span> <span class='ocrx_word' id='word_1_211' title='bbox 926 3518 1126 3604; x_wconf 81' lang='lat' dir='ltr'><strong>significetur.</strong></span> 
     </span>
     <span class='ocr_line' id='line_1_28' title="bbox 68 3622 1127 3707; baseline -0.002 -18"><span class='ocrx_word' id='word_1_212' title='bbox 68 3622 191 3692; x_wconf 82' lang='lat' dir='ltr'><strong>Codices</strong></span> <span class='ocrx_word' id='word_1_213' title='bbox 213 3625 286 3707; x_wconf 74' lang='lat' dir='ltr'><strong>(A)³</strong></span> <span class='ocrx_word' id='word_1_214' title='bbox 309 3630 346 3694; x_wconf 92' lang='lat' dir='ltr'><strong>et</strong></span> <span class='ocrx_word' id='word_1_215' title='bbox 371 3630 407 3694; x_wconf 91' lang='lat' dir='ltr'><strong>in</strong></span> <span class='ocrx_word' id='word_1_216' title='bbox 435 3629 547 3695; x_wconf 88' lang='lat' dir='ltr'><strong>illum</strong></span> <span class='ocrx_word' id='word_1_217' title='bbox 578 3630 735 3695; x_wconf 89' lang='lat' dir='ltr'><strong>beatum</strong></span> <span class='ocrx_word' id='word_1_218' title='bbox 756 3627 886 3694; x_wconf 90' lang='lat' dir='ltr'><strong>otium.</strong></span> <span class='ocrx_word' id='word_1_219' title='bbox 928 3625 1061 3690; x_wconf 86' lang='lat' dir='ltr'><strong>Subest:</strong></span> <span class='ocrx_word' id='word_1_220' title='bbox 1087 3623 1127 3688; x_wconf 89' lang='lat' dir='ltr'><strong>et</strong></span> 
     </span>
     <span class='ocr_line' id='line_1_29' title="bbox 67 3727 1122 3820; baseline 0.006 -32"><span class='ocrx_word' id='word_1_221' title='bbox 67 3727 259 3795; x_wconf 81' lang='lat' dir='ltr'><strong>illibatum</strong></span> <span class='ocrx_word' id='word_1_222' title='bbox 280 3735 398 3800; x_wconf 92' lang='lat' dir='ltr'><strong>otium</strong></span> <span class='ocrx_word' id='word_1_223' title='bbox 421 3735 574 3820; x_wconf 83' lang='lat' dir='ltr'><strong>exigere</strong></span> <span class='ocrx_word' id='word_1_224' title='bbox 596 3736 794 3816; x_wconf 83' lang='lat' dir='ltr'><strong>(nullaparte</strong></span> <span class='ocrx_word' id='word_1_225' title='bbox 815 3732 887 3797; x_wconf 76' lang='lat' dir='ltr'><strong>vite</strong></span> <span class='ocrx_word' id='word_1_226' title='bbox 908 3731 1039 3817; x_wconf 80' lang='lat' dir='ltr'><strong>negotiis</strong></span> <span class='ocrx_word' id='word_1_227' title='bbox 1059 3729 1122 3795; x_wconf 92' lang='lat' dir='ltr'><strong>im·</strong></span> 
     </span>
     <span class='ocr_line' id='line_1_30' title="bbox 66 3832 1125 3926; baseline -0.005 -25"><span class='ocrx_word' id='word_1_228' title='bbox 66 3843 178 3916; x_wconf 84' lang='lat' dir='ltr'><strong>pensa).</strong></span> <span class='ocrx_word' id='word_1_229' title='bbox 225 3839 334 3912; x_wconf 80' lang='lat' dir='ltr'><strong>(Aliud</strong></span> <span class='ocrx_word' id='word_1_230' title='bbox 357 3859 392 3905; x_wconf 83' lang='lat' dir='ltr'><strong>ex</strong></span> <span class='ocrx_word' id='word_1_231' title='bbox 416 3840 522 3907; x_wconf 85' lang='lat' dir='ltr'><strong>eadem</strong></span> <span class='ocrx_word' id='word_1_232' title='bbox 544 3840 735 3926; x_wconf 85' lang='lat' dir='ltr'><strong>paragrapho</strong></span> <span class='ocrx_word' id='word_1_233' title='bbox 765 3836 912 3903; x_wconf 91' lang='lat' dir='ltr'><strong>mendum</strong></span> <span class='ocrx_word' id='word_1_234' title='bbox 933 3832 1045 3900; x_wconf 90' lang='lat' dir='ltr'><strong>sustuli</strong></span> <span class='ocrx_word' id='word_1_235' title='bbox 1067 3832 1125 3897; x_wconf 90' lang='lat' dir='ltr'><strong>vol.</strong></span> 
     </span>
    </p>
   </div>
   <div class='ocr_carea' id='block_1_5' title="bbox 67 4047 1264 4567">
    <p class='ocr_par' dir='ltr' id='par_1_6' title="bbox 67 4047 1264 4567">
     <span class='ocr_line' id='line_1_31' title="bbox 161 4047 1125 4136; baseline -0.008 -20"><span class='ocrx_word' id='word_1_236' title='bbox 161 4049 529 4130; x_wconf 71' lang='lat' dir='ltr'><strong>‹Decbremluini</strong></span> <span class='ocrx_word' id='word_1_237' title='bbox 556 4053 655 4119; x_wconf 87' lang='lat' dir='ltr'><strong>roll</strong></span> <span class='ocrx_word' id='word_1_238' title='bbox 684 4073 713 4136; x_wconf 89' lang='lat' dir='ltr'><strong>p.</strong></span> <span class='ocrx_word' id='word_1_239' title='bbox 736 4050 787 4115; x_wconf 88' lang='grc'><strong>68.</strong></span> <span class='ocrx_word' id='word_1_240' title='bbox 840 4049 901 4115; x_wconf 85' lang='lat' dir='ltr'><strong>Sed</strong></span> <span class='ocrx_word' id='word_1_241' title='bbox 931 4047 1038 4113; x_wconf 88' lang='lat' dir='ltr'><strong>eodem</strong></span> <span class='ocrx_word' id='word_1_242' title='bbox 1070 4062 1125 4109; x_wconf 90' lang='lat' dir='ltr'><strong>ca·</strong></span> 
     </span>
     <span class='ocr_line' id='line_1_32' title="bbox 67 4149 1125 4243; baseline -0.007 -24"><span class='ocrx_word' id='word_1_243' title='bbox 67 4150 124 4231; x_wconf 76' lang='lat' dir='ltr'><strong>uio</strong></span> <span class='ocrx_word' id='word_1_244' title='bbox 145 4157 166 4236; x_wconf 64' lang='grc' dir='ltr'><strong>ξ</strong></span> <span class='ocrx_word' id='word_1_245' title='bbox 187 4155 216 4229; x_wconf 82' lang='grc'><strong>6,</strong></span> <span class='ocrx_word' id='word_1_246' title='bbox 240 4157 293 4223; x_wconf 89' lang='lat' dir='ltr'><strong>ubi</strong></span> <span class='ocrx_word' id='word_1_247' title='bbox 316 4159 417 4224; x_wconf 87' lang='lat' dir='ltr'><strong>editur</strong></span> <span class='ocrx_word' id='word_1_248' title='bbox 440 4158 499 4225; x_wconf 86' lang='lat' dir='ltr'><strong>sic:</strong></span> <span class='ocrx_word' id='word_1_249' title='bbox 529 4159 655 4243; x_wconf 91' lang='lat' dir='ltr'><strong>qualis</strong></span> <span class='ocrx_word' id='word_1_250' title='bbox 677 4159 729 4224; x_wconf 89' lang='lat' dir='ltr'><strong>sit</strong></span> <span class='ocrx_word' id='word_1_251' title='bbox 749 4156 909 4223; x_wconf 89' lang='lat' dir='ltr'><strong>habitus</strong></span> <span class='ocrx_word' id='word_1_252' title='bbox 932 4149 1125 4222; x_wconf 83' lang='lat' dir='ltr'><strong>exclusis,</strong></span> 
     </span>
     <span class='ocr_line' id='line_1_33' title="bbox 68 4254 1264 4340; baseline 0.002 -23"><span class='ocrx_word' id='word_1_253' title='bbox 68 4254 239 4326; x_wconf 83' lang='lat' dir='ltr'><strong>informia</strong></span> <span class='ocrx_word' id='word_1_254' title='bbox 275 4265 312 4328; x_wconf 90' lang='lat' dir='ltr'><strong>et</strong></span> <span class='ocrx_word' id='word_1_255' title='bbox 349 4266 504 4331; x_wconf 86' lang='lat' dir='ltr'><strong>confusa</strong></span> <span class='ocrx_word' id='word_1_256' title='bbox 539 4265 618 4330; x_wconf 92' lang='lat' dir='ltr'><strong>siut</strong></span> <span class='ocrx_word' id='word_1_257' title='bbox 648 4284 692 4329; x_wconf 93' lang='lat' dir='ltr'><strong>an</strong></span> <span class='ocrx_word' id='word_1_258' title='bbox 727 4264 765 4328; x_wconf 91' lang='lat' dir='ltr'><strong>iu</strong></span> <span class='ocrx_word' id='word_1_259' title='bbox 798 4279 943 4327; x_wconf 88' lang='lat' dir='ltr'><strong>omnem</strong></span> <span class='ocrx_word' id='word_1_260' title='bbox 976 4259 1122 4340; x_wconf 88' lang='lat' dir='ltr'><strong>partem</strong></span> <span class='ocrx_word' id='word_1_261' title='bbox 1246 4295 1264 4305; x_wconf 93' lang='lat'>-</span> 
     </span>
     <span class='ocr_line' id='line_1_34' title="bbox 70 4361 1122 4447; baseline 0 -23"><span class='ocrx_word' id='word_1_262' title='bbox 70 4361 288 4433; x_wconf 84' lang='lat' dir='ltr'><strong>tantundem</strong></span> <span class='ocrx_word' id='word_1_263' title='bbox 310 4370 387 4434; x_wconf 90' lang='lat' dir='ltr'><strong>loci</strong></span> <span class='ocrx_word' id='word_1_264' title='bbox 409 4371 646 4447; x_wconf 85' lang='lat' dir='ltr'><strong>obtinentia,</strong></span> <span class='ocrx_word' id='word_1_265' title='bbox 667 4388 712 4434; x_wconf 89' lang='lat' dir='ltr'><strong>an</strong></span> <span class='ocrx_word' id='word_1_266' title='bbox 734 4371 771 4434; x_wconf 86' lang='lat' dir='ltr'><strong>et</strong></span> <span class='ocrx_word' id='word_1_267' title='bbox 792 4368 867 4433; x_wconf 91' lang='lat' dir='ltr'><strong>illa</strong></span> <span class='ocrx_word' id='word_1_268' title='bbox 888 4367 924 4431; x_wconf 90' lang='lat' dir='ltr'><strong>in</strong></span> <span class='ocrx_word' id='word_1_269' title='bbox 947 4365 1122 4446; x_wconf 85' lang='lat' dir='ltr'><strong>aliqu-em</strong></span> 
     </span>
     <span class='ocr_line' id='line_1_35' title="bbox 72 4467 1245 4567; baseline -0.002 -36"><span class='ocrx_word' id='word_1_270' title='bbox 72 4468 205 4536; x_wconf 78' lang='lat' dir='ltr'><strong>uultum</strong></span> <span class='ocrx_word' id='word_1_271' title='bbox 236 4472 437 4557; x_wconf 87' lang='lat' dir='ltr'><strong>descripta</strong></span> <span class='ocrx_word' id='word_1_272' title='bbox 463 4476 561 4552; x_wconf 80' lang='lat' dir='ltr'><strong>sint,</strong></span> <span class='ocrx_word' id='word_1_273' title='bbox 591 4476 760 4541; x_wconf 88' lang='lat' dir='ltr'><strong>tollendum</strong></span> <span class='ocrx_word' id='word_1_274' title='bbox 785 4475 959 4567; x_wconf 79' lang='lat' dir='ltr'><strong>primun,</strong></span> <span class='ocrx_word' id='word_1_275' title='bbox 993 4473 1028 4534; x_wconf 88' lang='lat' dir='ltr'><strong>ut</strong></span> <span class='ocrx_word' id='word_1_276' title='bbox 1057 4467 1123 4531; x_wconf 85' lang='lat' dir='ltr'><strong>haec</strong></span> <span class='ocrx_word' id='word_1_277' title='bbox 1243 4483 1245 4487; x_wconf 76' lang='grc'><strong>’</strong></span> 
     </span>
    </p>
   </div>
   <div class='ocr_carea' id='block_1_6' title="bbox 0 0 1342 5062">
    <p class='ocr_par' dir='ltr' id='par_1_7' title="bbox 0 0 1342 5062">
     <span class='ocr_line' id='line_1_36' title="bbox 0 0 1342 5062; baseline 0 0"><span class='ocrx_word' id='word_1_278' title='bbox 0 0 1342 5062; x_wconf 95' lang='lat' dir='ltr'><strong> </strong></span> 
     </span>
    </p>
   </div>
  </div>
 </body>
</html>
