2678 5016
531 699 639 756 Sensus.

255 899 386 982 Iamque
409 899 551 981 amplexu
573 895 684 980 frigide
704 914 810 980 presso

254 1021 329 1068 saxa
351 1003 493 1089 fatigant.
543 1001 625 1082 Quos
646 1001 769 1068 liberior

255 1107 365 1173 domus
388 1110 467 1175 elato
489 1106 615 1174 custode
637 1107 720 1183 sinit,

254 1215 362 1297 petitis
385 1216 485 1280 fontes
506 1214 659 1296 aliturque
680 1214 749 1280 sitis

253 1321 347 1386 latios
365 1321 498 1403 ingesto.
790 1315 796 1325 '

60 1424 152 1490 Prara
173 1425 303 1491 omnino
326 1425 439 1510 (magis
466 1425 577 1502 otiam,
604 1425 632 1490 si
653 1427 754 1490 toturn
777 1444 901 1491 carmen
924 1444 1122 1511 comparave-

59 1532 108 1611 ris)
128 1530 270 1598 seeundo
294 1549 424 1615 persona
446 1531 533 1595 verbi
550 1531 661 1614 putet.
711 1530 771 1596 Sed
792 1531 927 1614 primum
945 1532 1120 1616 interpunc-

61 1637 98 1701 tio
118 1636 318 1703 emendanda
343 1638 386 1702 sio
408 1642 470 1703 est:

257 1742 383 1825 lamque
406 1741 547 1823 amplexu
568 1741 680 1826 frigida
703 1758 809 1824 presso

258 1866 332 1913 saxa
354 1847 495 1931 fatigant
517 1866 592 1930 quos
614 1847 737 1913 liberior

258 1953 368 2020 domus
391 1953 471 2018 elato
492 1953 617 2020 onswde
642 1952 725 2019 sinit.

64 2057 173 2125 Deinde
196 2059 407 2125 seribendum:

258 2163 337 2226 Petit
359 2174 390 2225 at
410 2163 511 2228 fontes
533 2163 684 2247 aliturque
706 2163 775 2229 sitis

2 2235 4 2342 l
258 2269 350 2334 latice
372 2269 499 2353 ingesto.

66 2375 122 2442 dlii
141 2395 214 2443 sara
236 2375 466 2458 amplectuntur
486 2372 616 2458 frigida,
652 2375 728 2441 alios
753 2375 822 2442 sitis
844 2375 884 2441 ad
907 2378 1008 2443 fontes
1030 2376 1121 2462 repit.

156 2482 223 2548 lbd.
247 2479 310 2543 286
332 2500 412 2564 sqq:

258 2588 302 2652 At
322 2606 384 2652 una
404 2586 532 2652 bimaris
553 2585 675 2670 Sisyphi
697 2587 795 2652 terras
817 2584 898 2666 adit;

259 2691 369 2757 Olenia
390 2693 422 2756 in
446 2711 519 2757 arra
540 2692 649 2757 tertius
669 2694 785 2758 trames
807 2712 881 2760 oava

258 2797 394 2863 consalle
413 2816 540 2880 serpens
562 2797 664 2882 tangit
686 2799 825 2864 errantes
847 2818 942 2884 equas

259 2905 454 2989 gelidumque
477 2902 595 2969 dirimit
617 2902 718 2968 amnis
743 2904 808 2970 lilei
832 2906 955 2971 vadum.

60 3010 108 3076 Sic
129 3012 249 3078 oodioes
271 3011 358 3084 boni,
381 3008 454 3072 Elei
473 3028 589 3075 omnes.
633 3008 767 3092 (Peiperi
790 3029 934 3076 versuum
955 3009 1125 3094 transposi-

60 3118 192 3194 tionem,
227 3136 288 3201 qua
324 3115 543 3180 nihilomnino
578 3117 793 3197 consequitur,
824 3118 884 3182 nisi
917 3119 952 3182 ut
986 3117 1126 3201 praviora

58 3226 157 3291 omnia
179 3222 290 3295 faciat,
312 3222 387 3286 omit
421 3226 441 3297 .)
486 3219 587 3303 Vulgo
618 3219 663 3284 sio
692 3222 789 3287 oratio
817 3223 1063 3308 interpungitur,
1090 3226 1126 3290 ut

58 3331 148 3396 rerba
182 3328 291 3393 Olenia
319 3327 351 3389 in
378 3349 454 3389 arva
480 3343 603 3409 prorsus
635 3345 777 3409 perverse
806 3329 844 3393 ad
878 3326 1004 3413 Sisyphi
1030 3339 1125 3392 teras

57 3436 237 3511 trahantur;
259 3434 458 3500 manifestum
482 3435 539 3510 est,
561 3431 655 3497 tortia
676 3433 725 3499 ria
740 3452 799 3517 qno
814 3434 903 3509 serat,
924 3434 963 3501 iis
984 3434 1123 3500 indicari.

57 3539 168 3604 Elam
191 3541 307 3606 flumen
340 3561 375 3606 ex
403 3539 609 3605 remotissime
634 3539 835 3622 Peloponnesi
863 3546 949 3625 perte
980 3541 1038 3607 hoo
1059 3540 1125 3606 looo

58 3645 251 3713 irruentem
274 3647 414 3731 scriptori
437 3644 540 3711 venire
562 3665 623 3711 non
645 3647 789 3730 potuisse,
813 3650 934 3712 eertum
955 3648 1012 3713 est.
1064 3647 1125 3713 Sed

58 3753 202 3836 qnoniam
225 3752 403 3817 Oleniorum
425 3769 566 3818 ursorum
593 3752 710 3818 mentio
738 3752 874 3819 ostendit
895 3771 977 3833 enm,
1000 3753 1125 3819 oonfm
1217 3784 1220 3788 *

58 3856 192 3924 locorum
214 3857 366 3941 imagine,
400 3858 482 3943 quod
502 3858 558 3923 illa
590 3859 682 3924 aetute
713 3858 831 3924 homini
862 3860 1003 3924 Romano
1034 3858 1125 3924 faoile

2 4046 5 4051 „
57 3963 194 4030 tesidere
215 3964 324 4049 potuit,
347 3964 385 4029 de
406 3964 521 4030 AEtolie
543 3965 705 4048 cogitasse,
726 3966 849 4031 ridetur
869 3964 1025 4049 posuisse:

350 4071 448 4136 amnis
471 4070 575 4134 Eueni
597 4071 720 4137 vadum.

156 4176 224 4240 lbd.
248 4176 309 4238 714
322 4194 399 4260 sqq.

481 4281 557 4346 (ΕΙ).
600 4281 745 4367 Quisquis
767 4282 799 4346 in
822 4281 912 4365 eulpa
932 4281 1000 4361 fnit,

257 4387 408 4473 dimissus
423 4387 490 4454 odit
509 4406 609 4468 omne,
629 4386 711 4473 quod
732 4386 860 4453 dubium
881 4388 980 4471 putot.
