2678 5016
494 610 615 668 Valerius
636 611 754 668 Flauus
1056 616 1114 679 139

90 827 151 877 non
173 810 258 874 reete
281 808 437 873 tentatum
461 809 500 872 ab
520 810 666 887 Heinsio;
689 810 880 895 significetur
902 812 1001 878 enim:
1024 828 1157 900 superest

90 915 170 977 inter
190 936 238 977 eos
258 924 286 976 et
306 911 498 975 intervallum
513 913 605 997 socii.

191 1019 258 1084 Lib.
280 1021 339 1093 Ill,
362 1019 412 1096 75,
445 1019 500 1081 76:

393 1143 460 1204 nee,
482 1145 549 1209 qnae
570 1127 654 1209 regio
676 1128 730 1191 eut
752 1126 939 1205 discrimine,
962 1136 1100 1206 cernunt,

243 1249 297 1295 cur
317 1230 415 1314 galee
438 1229 587 1315 clipeique
609 1233 734 1308 micent,
756 1252 829 1297 num
852 1233 982 1318 pervigil
1006 1239 1110 1303 ermis.

90 1335 166 1401 Post
187 1336 243 1401 hos
264 1354 382 1411 versus
415 1336 487 1419 quie
510 1338 663 1403 sententia
685 1357 744 1403 non
765 1339 856 1421 plene
877 1340 928 1417 sit,
961 1343 1154 1408 intercidisse

90 1460 214 1506 versum
248 1441 338 1506 Thilo
365 1441 434 1506 aliis
468 1443 675 1526 preeuntibus
704 1445 823 1509 statuit,
880 1446 967 1511 Nihil
997 1446 1154 1512 desidere-

91 1546 185 1621 bitur,
208 1545 237 1611 si
258 1566 311 1630 pro
334 1569 420 1624 num,
447 1550 527 1631 qnod
558 1549 632 1614 ferri
667 1568 706 1614 ne
740 1549 879 1633 suppleto
910 1550 1033 1633 quidem
1064 1571 1154 1618 versu

89 1653 193 1734 potest
226 1655 311 1731 (nam
343 1673 419 1718 num
442 1654 474 1719 in
508 1656 604 1719 ermis
626 1655 865 1739 pervigilaretur,
903 1657 997 1737 qnaeri
1018 1676 1079 1721 non
1101 1676 1154 1740 po·

90 1759 181 1831 torst
216 1776 287 1823 cum
320 1759 353 1823 id
388 1778 495 1825 omnes
522 1747 674 1835 viderent,
710 1759 765 1825 sed
794 1779 886 1826 censa
921 1763 1039 1825 incerta
1067 1767 1153 1841 erut),

90 1863 343 1928 substituerimus
372 1865 403 1929 id
425 1885 555 1942 nomen,
592 1864 672 1948 quod
696 1864 881 1930 adiectivum
903 1867 1005 1948 ipsum
1028 1868 1155 1935 subiicit

89 1986 125 2033 ac
144 1968 259 2051 poscit:

174 2094 229 2139 cur
249 2076 346 2159 galeae
367 2077 516 2160 clipeique
537 2077 662 2154 micent,
682 2099 744 2140 noc
765 2075 895 2161 pervigil
918 2077 1058 2155 ermis.¹)

190 2180 258 2245 Ibd.
280 2181 353 2255 223,
373 2183 534 2265 postquam
563 2186 654 2267 poete
676 2181 818 2265 Cyzicum
842 2181 917 2246 dixit
938 2202 1016 2250 vano
1040 2183 1152 2268 gaudio

89 2286 207 2351 cletum
229 2306 308 2362 esse,
331 2307 402 2352 oum
424 2290 547 2369 putaret
568 2288 763 2370 Argonautas
784 2287 888 2369 pulsos
910 2287 1024 2372 lugere,
1056 2290 1152 2356 subii·

92 2391 143 2469 cit,
170 2394 206 2458 nt
225 2393 351 2476 quidem
373 2392 405 2456 in
428 2393 582 2458 codicibus
607 2392 768 2457 scribitur:

359 2499 438 2564 tales
459 2498 591 2572 auditus,
615 2517 651 2562 ee
671 2497 784 2581 gaudis
804 2497 894 2582 fingit

291 2605 338 2670 iro
359 2605 459 2670 deum.

188 2710 339 2776 Mendum
376 2712 408 2776 in
447 2712 570 2774 auditos
609 2709 807 2775 manifestum
840 2728 900 2772 non
930 2707 1062 2773 feliciter
1097 2726 1153 2772 nec

92 2816 260 2899 superiores
296 2820 492 2881 correxerunt
529 2836 585 2882 noc
620 2817 725 2892 Thilo,
772 2815 823 2897 qni
858 2814 972 2876 redires
1014 2812 1152 2897 scripsit;

92 2940 189 3005 neque
211 2922 296 2988 enim
317 2922 431 2984 reditus
457 2923 495 2987 de
523 2922 596 3007 fuga
618 2922 678 2987 dici
698 2922 800 3004 potest
828 2940 882 2985 nec
900 2922 1021 3004 stupere
1040 2920 1154 2982 reditus

92 3027 229 3094 dedalea
252 3028 332 3112 fngae
355 3027 509 3107 (aliorum)
542 3027 644 3111 specie
672 3028 773 3093 animo
800 3024 979 3091 obiicienda.
1039 3024 1153 3107 Requi-

90 3133 167 3198 n'tnr
189 3133 374 3199 vocabulum
390 3134 558 3199 coniuncte
580 3153 649 3198 cnm
671 3133 791 3217 gaudiis
813 3131 1055 3216 significationis,
1078 3149 1152 3196 non·

87 3238 165 3304 nihil
188 3239 327 3305 vnrietae.
370 3239 573 3305 Scribendum
595 3239 711 3321 opinor:

374 3344 452 3410 tales
465 3343 573 3429 flotus,
596 3363 632 3409 es
652 3345 764 3428 gandia
786 3344 877 3428 fingit
903 3366 909 3382 ¹

290 3450 337 3513 ire
357 3448 458 3522 deum,

88 3559 123 3621 ut
153 3556 263 3622 inllnts
290 3569 428 3637 musque
450 3556 593 3637 superbie
618 3556 809 3640 significetur
839 3572 961 3639 prorsus
989 3553 1153 3618 Velerieno

90 3680 155 3738 usn,
189 3663 243 3745 qui
274 3661 325 3726 vel
356 3661 388 3725 in
420 3660 477 3726 hoc
503 3661 581 3726 libro
607 3682 636 3729 v.
674 3660 733 3725 631
769 3663 801 3726 et
836 3661 897 3722 699
928 3667 1001 3736 (non
1030 3657 1063 3719 ti
1091 3668 1153 3720 turs

79 3762 188 3847 fietne,
210 3787 273 3828 non
293 3766 352 3827 ieta
371 3767 514 3850 superbia
536 3767 637 3850 dictes)
661 3767 793 3851 perspici
814 3770 924 3850 potest.

188 3871 257 3936 lbd.
290 3871 352 3934 224
374 3890 439 3955 sqq.
463 3871 588 3958 Cyzicus
620 3891 700 3937 vene
720 3872 853 3938 netoriae
885 3871 1025 3957 opinione
1054 3868 1153 3935 clatus

65 4237 75 4253 ³
124 4226 145 4291 ²)
162 4227 195 4281 V.
222 4228 275 4284 140
300 4242 332 4281 ex
350 4228 501 4294 Μὼαωᾳυε
518 4247 564 4280 orn
581 4229 662 4280 securi
685 4224 836 4281 faciendum
860 4241 916 4281 esse
943 4229 1081 4294 deleam
1109 4245 1154 4278 ore

161 4324 245 4383 neeri,
263 4319 335 4390 qnod
352 4322 415 4390 epte
432 4318 576 4390 respondet
592 4320 663 4372 claro
681 4318 771 4369 dem
789 4317 817 4371 in
835 4333 861 4372 v.
880 4320 940 4381 139,
959 4320 1022 4373 autc
1040 4320 1153 4373 annoto·

162 4424 258 4474 rerum,
277 4427 358 4480 quum
375 4410 405 4466 id
422 4411 451 4466 in
469 4411 588 4466 editione
605 4408 766 4465 Bononiensi
784 4410 946 4480 preceptum
964 4409 1030 4465 vidi.
