2678 5016
534 689 655 745 Ovidius.
1021 696 1079 757 107

49 888 276 951 sententiarum
306 886 501 967 separatione
531 886 571 952 ad
599 885 649 949 iiie
674 908 707 970 p.
739 909 827 950 amor
853 888 1120 956 accommodatum

52 997 98 1057 est
122 991 220 1054 ludi.
753 994 754 997 ’

151 1097 206 1170 IV,
231 1094 293 1157 236
315 1094 364 1166 (de
388 1096 457 1161 Atti
478 1095 598 1160 furente
620 1098 651 1160 at
672 1096 767 1162 furias
789 1115 823 1161 se
847 1097 948 1162 videre
968 1099 1119 1181 putant'):

175 1202 216 1265 nt
239 1202 329 1268 modo
353 1200 463 1275 „Tolle
477 1201 590 1280 faoes“‚
614 1201 803 1276 ,ssRemove‘t
825 1201 921 1278 modo,
946 1203 1121 1281 „serbora“,

856 1308 985 1382 clumam

218 1429 300 1494 sape
321 1408 503 1475 Palaestinas
524 1412 605 1477 iurat
626 1412 732 1478 adesse
755 1412 837 1477 deas.

150 1515 332 1578 Paloestmoe
354 1515 417 1579 deae
440 1534 506 1597 qnae
529 1516 591 1595 sint
617 1518 649 1580 et
677 1516 749 1600 qnid
777 1517 816 1581 ad
838 1517 917 1581 hano
938 1536 1003 1582 rem
1025 1517 1119 1600 perti·

55 1626 154 1695 noant,
178 1639 289 1686 omues
311 1620 468 1704 ignorant;
492 1639 562 1684 nam
581 1622 659 1704 quod
675 1623 836 1696 Palaesten,
859 1621 944 1705 Epiri
964 1621 1119 1702 oppidum,

57 1726 176 1792 Marsus
208 1729 447 1802 commemorat,
480 1725 557 1790 nihil
589 1727 750 1811 qnisquam
785 1727 821 1790 de
854 1726 941 1791 iuriis
962 1727 1004 1790 ibi
1027 1726 1118 1793 cultis

60 1830 218 1896 inaudivit.
264 1830 352 1894 Nihil
374 1830 442 1896 dieo
465 1831 502 1895 de
524 1833 601 1897 miro
623 1831 766 1897 Merkelii
794 1832 982 1904 commento,
1005 1830 1056 1914 qni
1084 1849 1118 1895 er

57 1936 165 2002 Melete
178 1936 275 2001 fluvio
290 1933 451 1998 Materiam
462 1936 534 2001 deas
548 1936 734 2019 nescioquas
747 1935 1118 2001 autoniusmodieffinxit.

59 2040 179 2107 Scilicet
213 2040 297 2105 ludit
329 2060 383 2105 nos
415 2041 514 2107 inanis
544 2042 677 2108 nominis
699 2042 812 2126 proprii
831 2041 957 2125 speeies,
981 2041 1121 2106 conflatis

59 2148 170 2212 duabus
193 2147 320 2213 vocibus
343 2148 420 2224 orta,
443 2166 512 2211 oum
534 2147 607 2211 olim
629 2148 754 2212 fuisset:

257 2270 339 2334 saepe
355 2251 466 2335 patum
489 2253 583 2313 trinas
607 2252 688 2317 iurat
710 2251 817 2317 adesse
840 2252 920 2318 deas.

150 2359 240 2422 Attis
262 2356 354 2422 modo
377 2357 496 2422 facibus
525 2358 646 2422 tantum
674 2360 705 2423 et
732 2357 908 2422 verberibus
942 2376 975 2423 se
1005 2357 1118 2422 incessi

62 2465 230 2535 clamabat,
253 2482 311 2528 non
334 2462 465 2538 addens,
494 2482 512 2527 a
534 2463 659 2545 quibus,
685 2462 774 2528 modo
801 2462 903 2546 palam
927 2462 1023 2527 trinas
1046 2461 1119 2527 deas

10 2597 11 2601 ¹
62 2569 110 2633 sibi
130 2570 258 2635 instare.
298 2568 413 2633 Debuit
437 2568 488 2632 hio
509 2568 595 2633 loeus
610 2569 682 2651 poni
697 2569 755 2632 vol.
768 2569 783 2632 Ι
796 2589 823 2652 p.
840 2568 913 2645 1523
936 2567 990 2632 sed
1013 2569 1120 2650 postea

12 2743 13 2748 ,
61 2672 115 2738 hae
133 2673 311 2739 emendatio
335 2692 354 2738 s
375 2692 426 2738 me
449 2675 569 2757 reperta
590 2676 647 2739 ost.

151 2780 190 2856 V,
215 2778 294 2842 230:

187 2881 329 2966 Iuppiter
349 2885 406 2949 hoo
428 2885 464 2948 nt
484 2884 585 2949 adhuc
607 2883 734 2959 nesciat,
758 2901 853 2965 usqne
875 2902 987 2966 precor.

58 2987 164 3050 Adhuc
204 2990 320 3054 nescire
354 3008 415 3054 non
452 2992 500 3056 est
534 3009 620 3074 porro
653 2993 685 3053 et
716 2988 844 3070 posthae
866 2989 960 3053 etiam
989 2986 1115 3052 nescire.

0 3102 1 3106 ’
55 3092 182 3158 Rectam
206 3094 395 3160 sententiam
417 3096 509 3160 verba
531 3094 576 3159 sic
598 3093 794 3174 interpuncta
814 3093 984 3159 habebunt:

185 3198 326 3281 luppiter
347 3199 414 3276 hoo,
438 3204 472 3264 ut
494 3199 602 3274 adhue,
626 3199 744 3263 neseiat
766 3217 869 3282 usque,
893 3217 1008 3280 preoor.

151 3304 208 3382 Vl,
232 3303 308 3368 317:

185 3408 262 3474 lude
284 3409 383 3473 focum
407 3409 509 3473 serrat
530 3408 629 3490 pistor
649 3407 866 3491 dominamque
891 3406 1035 3471 iocorum.

50 3514 116 3581 Non
141 3516 249 3599 agitur
271 3513 308 3578 de
330 3514 394 3578 foco
418 3516 450 3578 et
470 3514 568 3579 Vasta
589 3511 755 3588 servanda,
777 3514 835 3579 hoo
859 3514 916 3585 est,
938 3511 976 3576 de
997 3511 1120 3576 assidua

48 3621 84 3686 ad
106 3623 216 3686 focum
237 3619 491 3696 oommoratione,
520 3618 575 3684 sed
607 3618 644 3683 de
673 3618 786 3683 honore
815 3621 847 3685 et
873 3619 967 3683 cultu.
1012 3617 1119 3699 itaque

50 3727 144 3792 scribi
166 3725 277 3791 debet:

131 3831 213 3896 lude
233 3830 336 3898 focum
361 3831 494 3894 etenum
515 3831 612 3913 pistor
635 3829 850 3911 dominamque
872 3828 1017 3895 focorum.

150 3935 249 4000 Paulo
273 3937 367 4001 etiam
390 3938 477 4013 aute,
499 3957 528 4001 u.
552 3935 617 3998 313⁴
636 3934 731 4015 (307),
756 3952 878 4008 vereor,
909 3953 946 3998 ne
971 3933 1116 3999 ruendum

51 4043 95 4108 sit
140 4042 251 4124 Neque
274 4041 356 4106 enim
378 4041 417 4105 ad
439 4061 505 4106 rem
529 4040 680 4124 pertinere
702 4038 832 4112 videtur,
854 4039 928 4104 olim
948 4040 1014 4105 sola
1035 4039 1117 4105 farra

53 4147 147 4212 tornis
168 4145 278 4212 torreri
301 4145 394 4210 solita
425 4151 536 4229 (neque
564 4146 647 4210 alind
683 4146 781 4209 ullum
817 4144 962 4209 frumeuti
998 4151 1119 4230 genus),

55 4253 103 4316 sad
137 4254 218 4317 sarra
252 4249 353 4316 solida
384 4270 439 4315 neo
468 4250 612 4317 molendo
641 4248 840 4315 comminuta.
884 4249 992 4333 Itaque
1014 4251 1118 4333 opinor

58 4355 198 4439 seriptum
219 4357 338 4422 fuisse:
545 4344 547 4346 ’
945 4344 951 4354 ’

159 4461 230 4524 Tota
252 4458 403 4539 (soloas)
424 4460 509 4543 prius
531 4460 626 4525 imnis
651 4459 808 4525 torrebant
829 4459 910 4523 farra
931 4459 1041 4524 ooloni.
