2656 5056
432 716 462 770 a:
483 712 587 769 Seneca
604 713 739 783 Epistola.
1015 713 1076 778 481
1173 670 1178 679 .

54 908 225 990 perire),
259 927 312 974 nec
345 914 419 991 apta
455 914 511 975 est·
535 912 590 989 iis,
612 929 692 993 .quae
723 910 865 993 deinceps
898 909 1119 975 subiiciuutur:

51 1015 236 1097 quoniam
261 1015 370 1080 nulla
391 1016 676 1082 immortalitas
698 1035 780 1081 curn
803 1015 1028 1100 exceptione
1051 1017 1120 1080 est.

57 1118 172 1203 Opinon
207 1120 356 1202 scripturn
395 1122 505 1186 uisse:
539 1122 646 1187 nullo
679 1139 822 1205 genere
854 1129 983 1203 posse,
1022 1121 1120 1204 quod

58 1223 231 1309 [corpur]
266 1226 421 1310 opaco-in
465 1246 537 1292 nam
571 1229 728 1309 propter
770 1245 807 1292 ex
845 1225 1000 1310 superiore
1030 1244 1121 1291 versu

56 1332 224 1414 repetitum
245 1331 333 1413 puto;
356 1330 472 1398 incerta
493 1336 598 1398 tamen
622 1332 687 1398 hnc
709 1332 839 1415 euspicio
860 1333 929 1415 est.¹
961 1331 1121 1398 Sententia

56 1455 123 1519 quoe
146 1454 214 1501 esse
243 1435 378 1514 deberet,
411 1436 580 1521 Opsopoeus
604 1437 637 1502 et
657 1437 780 1520 Lipsius
814 1436 955 1504 viderant
990 1441 1121 1521 (prop-

55 1542 116 1605 ter
139 1541 239 1622 quod
261 1541 322 1616 (vel
344 1561 410 1633 por
431 1543 542 1626 quod)
563 1543 650 1618 hoe,
672 1562 703 1608 o:
727 1561 853 1626 corpus,
871 1543 998 1626 perit).

157 1645 214 1728 Ep.
237 1645 287 1722 58,
321 1647 361 1709 26
383 1646 468 1728 (23);
514 1649 567 1713 Er
588 1650 690 1726 omni
711 1647 875 1713 natione
897 1648 1010 1726 (scrib,
1031 1649 1067 1712 ut
1088 1648 1120 1712 in

53 1751 257 1821 deterioribus
279 1753 394 1835 aliquot
426 1752 583 1820 codicibus
610 1753 809 1820 emendatum
835 1753 1118 1831 catenatione),

54 1857 219 1922 etiamsi
265 1876 284 1922 a
316 1858 577 1941 philosophia
609 1859 845 1943 longissime
881 1877 1019 1925 aversa
1051 1862 1119 1935 est,

54 1981 195 2026 eruero
220 1964 376 2047 aliquid
398 1983 519 2031 conor·
540 1969 581 2029 et
608 1965 713 2030 utile
736 1963 910 2029 efficere.
955 1964 1054 2043 Quid
1076 1966 1120 2030 de

54 2067 168 2144 istis,
204 2089 281 2153 quae
314 2071 425 2135 ruodo
458 2069 744 2147 tractavimus,
766 2069 968 2134 remotisa
989 2069 1120 2135 reior-

55 2175 231 2240 matione
253 2180 424 2241 morum?
457 2174 646 2260 quomodo
680 2174 884 2240 meliorem
910 2193 965 2239 me
985 2174 1120 2240 iacere

74 2280 154 2344 deae
176 2272 392 2346 Platonicae
422 2284 605 2364 possunt?
628 2280 733 2363 vquid
764 2297 805 2344 er
832 2279 929 2346 istie
949 2281 1120 2362 traham,
1203 2330 1206 2335 f

55 2386 160 2469 quod
199 2387 441 2468 cupiditales
480 2403 586 2450 meas
627 2386 884 2466 comprimat?
941 2387 1011 2452 Vel
1051 2388 1134 2453 hoc*

55 2494 205 2574 ipsum,
238 2492 340 2575 quod
376 2493 508 2558 omnia
537 2490 617 2556 ista
641 2492 700 2569 cot.
744 2491 804 2556 Pro
824 2490 929 2573 inepta
949 2491 1004 2556 illa
1025 2491 1122 2559 inter-

35 2599 230 2682 rogatione:
259 2598 360 2678 Quid
393 2598 438 2663 de
461 2597 557 2663 istis
593 2595 740 2677 (debebat
769 2597 881 2662 saltem
915 2596 990 2662 dici:
1030 2598 1121 2682 quid

56 2704 250 2788 igiturex
273 2703 384 2780 istis,
419 2702 478 2768 etsi
499 2704 584 2768 nullo
606 2702 697 2769 modo
731 2701 829 2767 audiri
860 2704 961 2784 potest
982 2722 1121 2769 eruere

57 2815 236 2891 possum)
267 2808 461 2876 scribendum
495 2809 543 2873 est
584 2808 712 2873 minima
748 2806 936 2882 mutatione,
969 2811 1122 2876 sententia

57 2915 237 3000 aptissima:
285 2914 387 2993 Quid
419 2914 534 2988 istis,
567 2932 648 2995 qua
680 2912 801 2978 modo
831 2912 1121 2993 tractavimus,

57 3023 243 3084 remotior
264 3041 282 3085 a
306 3020 597 3085 reformatione
619 3020 792 3083 morum?
845 3016 994 3091 Primum,
1030 3037 1123 3102 quam

56 3129 160 3194 aliena
183 3129 247 3193 haec
266 3147 286 3192 a
306 3144 428 3192 morum
454 3124 669 3190 emendatione
693 3122 867 3202 videantur,
887 3123 981 3193 dicit:
1013 3123 1123 3190 deinde

57 3233 204 3306 ostendit,
237 3232 332 3297 etiam
365 3250 401 3296 er
433 3232 481 3296 bis
496 3230 580 3296 'utile
602 3228 716 3312 aliquid
740 3228 820 3294 trahi
842 3248 941 3312 possa
986 3228 1124 3311 (Contra-

58 3339 122 3403 rins
145 3338 195 3401 bic
216 3355 307 3412 error,
341 3356 401 3421 quo
424 3336 517 3420 quid
539 3337 584 3401 de
615 3335 765 3418 enquid
787 3337 893 3401 natum
917 3336 974 3412 ost,
990 3335 1057 3409 ,ei,·
1073 3335 1125 3417 qui

58 3444 178 3508 accidit
206 3443 283 3520 114,
318 3443 372 3518 16;
410 3443 471 3508 rid.
493 3462 522 3524 p.
541 3441 607 3504 ,aba
634 3434 689 3520 n).
744 3439 825 3504 'l'um
847 3440 879 3504 in
901 3440 1037 3523 proximo
1058 3439 1124 3522 (27)

58 3549 204 3614 scribitur
235 3548 266 3614 in
299 3549 449 3632 plerisque
488 3546 643 3613 codicibus
685 3547 795 3621 (etiam
836 3553 885 3637 p):
921 3544 1126 3610 imbecilli

57 3654 266 3737 fluidique
312 3655 537 3720 intervalla
578 3653 622 3729 lin
659 3651 737 3718 aliis
781 3668 849 3732 per
886 3647 1126 3725 intervalla)

9 3783 11 3785 ’
59 3759 378 3837 constituimns3.
428 3760 474 3824 ad
533 3758 610 3823 illa
668 3757 880 3823 mittamus
939 3753 1126 3825 animum,

58 3885 145 3950 qnae
187 3868 333 3930 aeterna
368 3866 467 3930 sant.
526 3864 601 3941 Qnae
634 3863 697 3930 sint
743 3861 799 3926 illa
840 3858 1017 3932 intervalla,
1061 3877 1128 3943 quae

58 3971 210 4038 constitui
252 3958 371 4037 Seneca
411 3969 549 4054 queritur
591 3969 675 4051 (nam
714 3966 786 4032 huic
829 3964 1013 4030 contrarium
1058 3964 1129 4045 poni
1234 4026 1242 4036 ,

60 4077 194 4154 ridetur,
232 4076 305 4160 quid
328 4075 565 4142 deri-debeat:
602 4074 648 4138 ad
688 4073 764 4138 illa
795 4070 1005 4137 mittamus
1039 4070 1129 4147 cet),
1243 4070 1246 4077 '

61 4202 163 4262 nemo,
213 4184 326 4266 opinor,
366 4181 412 4246 ita
453 4180 578 4257 dixerit,
621 4181 657 4244 ut
699 4177 831 4262 intelligi
866 4176 972 4258 possit.
1028 4176 1129 4259 Scrip-

58 4293 146 4390 seret
168 4289 234 4354 siue
256 4288 346 4353 dnbio
369 4287 503 4352 Seneca:
540 4284 750 4350 Imbecilli
783 4282 990 4364 fluidiquo
1022 4280 1131 4343 inter

58 4395 165 4457 ralia
199 4395 460 4466 consistimue3
493 4391 539 4455 ad
572 4391 648 4455 illa
683 4391 896 4455 mittamus
939 4387 1130 4465 animum,

128 4522 221 4559 Auaron
233 4523 311 4557 uma.
323 4520 373 4556 Cur.
397 4520 419 4553 u.
897 4522 929 4570 31
1063 4543 1066 4550 .
