2678 5018
260 285 301 346 42
490 322 498 343 ,
618 282 741 352 naor.
762 241 879 371 capu.

220 475 380 571 pisonem,
403 500 528 568 quaeque
549 482 587 548 ad
612 464 682 550 eum
715 456 877 568 peitineui,
913 489 995 550 reete
1027 468 1182 564 habentia,
1217 489 1278 553 nisi

218 592 300 676 quod
323 592 443 657 ridetur
465 589 573 671 Cinyra
604 591 711 661 iniuria·
733 584 941 676 superpositus
978 610 1044 657 esse
1065 596 1098 658 et
1119 612 1189 660 enm
1211 593 1278 680 loeo
1312 675 1315 682 ξ

177 701 191 726 ’“
221 703 253 764 et
285 700 397 764 honore
430 696 590 762 verborum
628 696 782 763 deiecisse.
839 697 919 777 Quid
958 694 1051 781 igitur
1084 700 1194 764 rnisero
1233 701 1278 766 illi

222 805 333 888 Cinyra
355 803 524 876 faciemus?
573 799 750 867 Iubebimus
771 803 854 867 abire
874 796 971 868 tobim
993 802 1075 882 iude,
1098 823 1156 886 quo
1177 824 1277 870 errore
1327 809 1329 817 ²

220 911 353 992 irrepsit,
377 909 634 991 consideratisque
667 909 758 973 simul
792 909 903 973 codicis
932 909 959 971 V
992 910 1036 991 (id
1060 914 1107 976 est
1136 910 1279 976 loliomm
1325 948 1329 979 l

222 1016 491 1099 palimpsestorum
504 1015 777 1096 Veronensium)et
794 1016 843 1091 bl,
865 1015 1056 1097 maximeque
1070 1017 1178 1099 optimi
1196 1017 1279 1081 illius

221 1141 238 1187 c
261 1125 292 1187 et
313 1122 463 1208 yindioiis
486 1121 619 1201 (cinae),
642 1141 733 1204 quam
756 1122 936 1203 scripturam
959 1121 1131 1186 Macrobius
1161 1141 1296 1205 quoquew

222 1227 339 1304 habuit,
358 1227 450 1292 simul
473 1247 516 1304 re,
538 1228 615 1311 quod
638 1228 706 1309 post
730 1226 840 1290 divites
862 1245 1048 1311 magnosque
1069 1228 1200 1293 Etruria
1224 1248 1285 1310 po·v

220 1334 307 1418 pulos
328 1334 482 1398 inducitur
504 1336 649 1398 montana
669 1351 843 1414 pauperque
866 1336 897 1397 et
918 1351 1011 1415 parra
1029 1333 1176 1416 Ligurum
1192 1353 1278 1417 gens,

216 1441 266 1505 sic
290 1441 468 1515 scribemus,
490 1459 549 1504 una
571 1439 674 1504 littera
698 1440 831 1502 mutata:

304 1546 373 1611 Non
396 1565 452 1630 ego
474 1549 516 1626 te,
539 1547 685 1630 Ligumm
708 1545 815 1609 ductor
836 1545 1002 1610 fortissime
1023 1545 1116 1621 bello,

303 1651 488 1729 transierim,
509 1654 572 1715 sine
592 1672 625 1713 re
646 1653 678 1716 et
699 1651 804 1733 paucis
829 1651 975 1716 comitate
997 1650 1130 1732 Cupauo.

320 1757 489 1839 Aptissime
504 1759 650 1841 Ligurum
673 1757 779 1821 ducem
801 1757 957 1835 describit,
979 1757 1134 1823 hominem
1157 1757 1278 1832 fortem,

223 1864 289 1938 Sed,
312 1866 347 1928 ut
368 1864 483 1928 Ennius
506 1864 590 1941 dixit,
621 1886 720 1947 porca
754 1885 822 1924 curn
843 1883 876 1923 re
911 1863 1025 1938 (Cicero
1053 1863 1154 1946 ipsum
1183 1862 1280 1926 homi-

221 1991 288 2032 nem
310 1970 372 2031 stae
394 1974 448 2046 ee).
504 1969 586 2034 Male
608 1955 779 2034 coniunctis
800 1969 921 2041 litteris,
956 1989 1022 2051 quae
1043 1972 1114 2051 post
1137 1979 1164 2031 te
1183 1987 1278 2039 voca-

222 2075 278 2141 tivi
300 2074 427 2139 sormam
451 2076 639 2154 obiiciebant,
672 2076 751 2159 quod
775 2077 871 2139 sinae
892 2076 983 2142 nimis
1005 2076 1198 2150 abhorrebat,
1221 2094 1277 2140 na·

222 2186 289 2248 tum
308 2185 357 2247 est
380 2179 481 2245 Cineri
501 2201 609 2247 nomen
632 2183 695 2247 iam
717 2183 956 2265 aliquantoante
979 2183 1113 2247 seculum
1136 2184 1280 2269 quartum

223 2291 306 2365 (ante
337 2288 553 2364 Macrobium),
587 2273 717 2354 fortasse
751 2307 809 2354 non
841 2291 885 2355 ita
916 2291 1012 2354 multo
1051 2290 1121 2372 post
1153 2287 1280 2371 Vergilii

222 2397 367 2475 atatem,
386 2398 559 2459 exornatum
583 2394 694 2461 deinde
715 2395 824 2461 Graeca
846 2395 976 2476 quadam
1000 2394 1099 2477 speeie
1122 2393 1279 2476 (Cinyra).

223 2501 348 2566 Summe
363 2498 498 2564 notabile
509 2499 564 2564 hoe
577 2503 625 2565 est
636 2501 808 2583 exemplum
827 2500 957 2564 nominis
971 2501 1086 2582 proprii
1098 2519 1132 2564 er
1155 2499 1281 2563 vocibus

221 2600 443 2671 communibus
462 2605 566 2676 efficti,
589 2606 668 2687 quod
691 2607 740 2671 vol
765 2604 790 2670 l.
813 2625 842 2688 p.
868 2605 1019 2686 uesperi
1042 2606 1198 2681 debuerat,
1222 2606 1281 2670 nisi

222 2717 293 2796 post
315 2712 439 2776 demum
461 2710 559 2793 ipsam
582 2711 826 2777 emendationem
849 2711 1059 2792 repperissem,
1083 2731 1164 2787 cum,
1187 2731 1281 2793 quam

222 2819 352 2883 formam
375 2820 460 2882 totus
481 2818 566 2882 loeus
589 2821 787 2895 monstraret,
809 2817 906 2882 multo
928 2820 1000 2881 ante
1021 2816 1251 2881 intellexissem.

323 2923 362 2997 X,
388 2923 448 2985 ‘279
471 2943 535 3006 sqq.
559 2924 667 2999 (Turni
689 2927 762 2989 suut
783 2924 901 3002 verbal:

323 3028 410 3106 Quod
434 3031 512 3094 rotis
535 3031 674 3112 optastis,
697 3031 793 3102 adest,
816 3027 1002 3113 perfringere
1024 3027 1147 3103 dertra;

320 3135 350 3199 in
372 3135 515 3200 manibus
537 3135 623 3201 Mars
644 3137 710 3218 ipse
731 3136 821 3212 viris;
844 3153 924 3198 nunc
945 3133 1085 3217 coniugis
1107 3135 1173 3197 esto

320 3242 449 3326 quisque
471 3261 533 3307 sua
554 3243 686 3325 tectique
709 3260 834 3318 memor,
856 3258 936 3303 nune
957 3258 1070 3324 magna
1090 3237 1201 3304 referto

320 3349 404 3413 facta
425 3351 558 3431 patmm,
580 3349 696 3413 laudes.

322 3455 373 3519 Sic
394 3453 591 3520 Ribbeeldus.
635 3454 695 3520 Cur
722 3454 784 3536 ipae
808 3452 918 3516 Mars?
939 3469 992 3516 eur
1013 3451 1096 3528 viras,
1118 3451 1206 3534 quasi
1233 3450 1283 3516 di·

222 3561 318 3625 rersis
351 3561 390 3625 ab
412 3561 460 3633 iis,
496 3579 572 3643 quos
594 3560 782 3643 alloquitur?
825 3558 926 3623 Codex
959 3559 1117 3623 Romnum
1139 3562 1171 3624 et
1191 3559 1283 3643 vulgo

222 3666 369 3731 editiones
386 3667 452 3730 uiri.
489 3667 569 3749 Ergo
588 3666 738 3750 Vergilius
754 3668 797 3732 sie
812 3667 904 3731 verba
925 3665 1067 3748 coniungi
1089 3665 1242 3731 voluerat:

319 3773 351 3836 in
374 3771 515 3837 manibus
538 3772 636 3848 Mars;
661 3773 736 3857 ipse,
758 3759 824 3865 riri,
847 3790 928 3836 nuuc
949 3772 1086 3857 coniugis
1109 3775 1173 3837 esto

321 3877 448 3959 quisque
469 3897 532 3942 suae
553 3879 687 3962 tectique
708 3898 832 3944 memor.

320 3983 359 4058 X,
381 3981 442 4044 362
468 4001 551 4065 sqq:
