2654 5010
242 281 304 346 m
603 279 869 350 mmmm

202 498 270 544 mco
294 479 528 544 communicate
550 482 582 543 et
603 479 641 543 ab
664 496 699 541 eo
721 476 813 568 editae
834 480 951 555 esseut,
974 496 1029 543 eos
1053 478 1143 542 libros
1162 478 1258 560 raptim

202 585 385 667 percucurri,
408 586 452 660 nt,
475 587 623 668 quantum
648 583 719 649 nori
747 583 851 649 auxilii
881 581 1017 655 allatum
1045 594 1134 661 esset
1162 601 1260 667 coguo-

204 709 332 767 soerem¹
368 691 512 773 itemque,
545 709 616 756 cum
645 688 793 754 AEmilius
822 690 956 756 Hermes
988 691 1021 755 in
1054 688 1262 770 Quaestionibns

204 794 321 862 criticis
357 797 389 860 in
425 796 549 862 Seneca
583 794 781 879 epistolarum
817 797 937 879 partem
977 795 1110 861 altemm
1142 795 1263 861 codicum

206 902 516 986 Argentoratensium
538 903 566 967 A
588 903 622 967 et
643 902 668 965 B
698 903 865 984 scripturas
888 903 920 965 in
944 921 993 985 ep.
1019 903 1061 964 95
1091 901 1263 986 diligentius,

207 1027 300 1091 quam
314 1008 408 1072 autea
422 1007 541 1074 tactum
556 1010 636 1084 erat,
652 1009 822 1085 enotasset,
837 1007 1010 1092 longiorem
1024 1008 1106 1073 hanc
1119 1006 1265 1090 epistolam

208 1114 345 1179 studiose
388 1115 564 1180 retractari.
630 1115 710 1179 Hinc
748 1117 828 1179 nate
864 1115 947 1189 sunt
992 1133 1073 1197 ques
1110 1114 1265 1186 subiicium,

208 1219 448 1296 emendationes,
470 1219 503 1284 in
525 1221 589 1286 illis
610 1219 731 1285 dnobus
752 1220 906 1302 opusculis
930 1219 1076 1304 singula,
1097 1221 1128 1284 in
1151 1219 1268 1302 epistole

208 1325 299 1408 paulo
320 1326 433 1407 plures.

310 1443 357 1507 De
378 1443 485 1509 Benel.
509 1445 533 1522 l,
560 1446 607 1519 10,
630 1445 667 1509 5:
690 1443 904 1526 Tamquam
925 1442 1048 1509 lilios
1070 1442 1198 1508 elicui
1219 1459 1268 1505 re·

210 1549 389 1614 stituere
418 1554 558 1632 potero
589 1568 728 1633 magno
754 1548 943 1631 periculo
966 1547 1173 1614 liberatos
1195 1548 1269 1612 sinc

211 1654 295 1721 ullo
317 1673 399 1720 meo
419 1675 493 1721 uon
516 1655 719 1721 dubitabo.
774 1655 847 1719 Haec
878 1655 981 1734 verbs,
1010 1672 1080 1738 qne
1104 1655 1184 1719 Adv.
1206 1652 1269 1719 Crit

214 1761 244 1824 ll
265 1780 295 1842 p.
318 1761 379 1823 407
404 1780 449 1843 sq.
473 1761 518 1828 sic
540 1763 680 1840 tractari,
708 1764 745 1825 ut
771 1779 808 1825 ne
839 1759 915 1826 mibi
946 1759 1075 1843 quidem
1107 1760 1170 1843 ipsi
1191 1759 1272 1825 sutis

213 1868 356 1946 lacerem,
386 1887 478 1951 qnam
511 1869 672 1934 molestam
705 1866 839 1932 habeant
871 1866 904 1931 in
937 1885 1086 1932 concursu
1120 1867 1272 1932 rerbomm

214 1977 353 2055 potero
386 1979 418 2039 et
450 1993 523 2039 uon
557 1973 751 2040 dubitabo
786 1973 934 2039 orationis
967 1974 1112 2049 formam,
1148 1975 1275 2055 apparet,

215 2099 312 2164 neque
340 2082 369 2145 ei
399 2080 575 2146 difficultati
601 2079 845 2165 interpungendo
874 2081 952 2144 satis
978 2079 1164 2144 subvenitur
1184 2078 1275 2155 (sinc

215 2187 299 2252 ullo
322 2206 421 2253 mco:
444 2206 517 2252 uon
541 2187 767 2264 dubitabo);
790 2184 941 2269 itaqueiu
959 2185 1277 2267 editionibnslpraeter

216 2292 425 2370 Gertnianam)
447 2293 572 2358 additur
594 2295 628 2359 si
650 2294 876 2376 (Tamquam
899 2293 934 2356 si
962 2289 1079 2355 lilios
1104 2336 1112 2351 .
1137 2337 1145 2351 .
1169 2337 1176 2351 .
1199 2292 1277 2356 siue

216 2398 299 2464 ullo
332 2418 432 2478 meo,
467 2418 539 2464 uon
573 2399 790 2476 dubitabo).
845 2397 906 2463 Sed
935 2396 1029 2480 longe
1051 2396 1280 2480 graviorasnut

216 2506 377 2571 sententiae
398 2506 492 2582 vitia3
521 2525 592 2571 nom
622 2505 704 2590 quid,
728 2524 841 2588 queso,
862 2503 903 2569 ad
926 2522 1007 2580 eum,
1031 2501 1070 2566 de
1092 2522 1155 2586 qno
1175 2502 1280 2569 Seneca

217 2630 272 2693 per
294 2612 394 2676 totum
417 2613 497 2677 hunc
527 2611 628 2679 locum
659 2611 805 2695 disputat,
835 2609 1052 2676 beneficiorum
1076 2608 1231 2675 delectum
1255 2613 1281 2672 et

217 2735 288 2783 oum
311 2718 479 2784 officiorum
504 2720 743 2801 meritorumque
774 2737 810 2783 ac
839 2716 1002 2801 dignitatis
1034 2717 1185 2781 varietus
1206 2733 1282 2781 oom-

219 2826 408 2907 paratiouem
431 2822 576 2906 pertinet,
599 2825 678 2908 quod
702 2826 796 2907 neget
817 2841 850 2889 se
869 2823 1086 2888 dubitaturum
1103 2821 1183 2887 tilios
1197 2822 1286 2886 alieni

220 2950 333 3015 magno
356 2930 492 3013 periculo
522 2931 669 2996 liberatos
696 2931 763 2995 siue
792 2929 856 2995 ullo
878 2948 934 2994 sno
956 2928 1095 3011 periculo
1117 2929 1285 3002 restituere,

220 3038 278 3102 hoc
310 3042 366 3116 est,
400 3034 500 3102 scelus
534 3056 567 3102 ss
594 3038 748 3102 iacturum
781 3038 894 3119 negat?
940 3035 1016 3114 Qua
1039 3036 1088 3100 est
1109 3036 1215 3099 autem
1237 3033 1286 3098 illu

219 3144 375 3208 restitutio
409 3149 569 3226 tamqnam
601 3143 795 3217 amissorum,
828 3141 975 3224 quoniam
1005 3141 1043 3204 de
1072 3141 1140 3205 sola
1167 3137 1286 3222 periculi

221 3249 399 3338 liberatione
429 3252 479 3333 agi
509 3248 641 3326 videtur,
672 3267 732 3332 quo
763 3246 895 3330 deniqne
924 3247 1059 3328 pertinet
1080 3245 1220 3330 diligens
1242 3244 1287 3310 illu

220 3354 335 3419 nullius
365 3356 413 3420 sui
439 3354 567 3438 periculi
595 3354 712 3419 mentio
741 3355 774 3418 et
801 3372 870 3418 oum
897 3370 1012 3436 magno
1033 3351 1137 3417 alieno
1160 3351 1287 3433 periculo

219 3462 431 3543 comparatio?
481 3461 563 3543 Ipsa,
587 3480 655 3544 quae
677 3460 826 3543 sequitur,
860 3460 946 3542 digni
978 3456 1129 3524 beneficio
1163 3457 1287 3524 hominis

220 3585 289 3631 cum
323 3567 449 3649 indiguo
483 3568 515 3631 et
549 3567 738 3631 discriminis
770 3567 895 3648 propter
922 3563 1014 3629 illum
1042 3564 1199 3629 subeundi
1226 3582 1285 3628 cum

219 3672 363 3752 clamore,
385 3691 446 3756 quo
468 3674 533 3738 solo
557 3672 606 3737 bic
629 3672 803 3751 adiuvetur,
826 3670 1015 3753 comparatio
1038 3670 1287 3736 manifestissime

220 3779 363 3858 ostendit,
396 3778 529 3843 similem
564 3777 615 3843 hic
648 3778 742 3843 luisse
775 3775 915 3842 beneficii
947 3777 979 3840 in
1001 3773 1138 3841 dirersis
1161 3776 1286 3858 personis

219 3884 334 3950 maiore
355 3884 512 3951 minoreve
529 3888 584 3949 aut
600 3884 686 3948 nullo
701 3883 838 3966 periculo
853 3880 1029 3947 conserendi
1046 3882 1284 3971 distinctionem

219 4007 287 4069 quae
322 3991 389 4073 ipso
421 3992 584 4057 uerborum
619 3990 725 4056 ordine
758 3986 964 4073 significatur,
1003 3987 1141 4053 filiorum
1178 3990 1287 4054 nominc

220 4092 309 4159 initio
331 4098 492 4162 seutentiae
520 4097 629 4180 posito.
688 4096 799 4179 ltaque
830 4095 967 4177 primum
1000 4094 1201 4160 scribendum
1233 4093 1287 4158 est:
