2662 5046
441 676 576 734 Gicemnie
594 678 743 735 entem.
1024 680 1085 744 219
1203 707 1213 728 υ
1312 726 1319 738 .

144 874 215 942 [od.
238 874 301 940 58:
348 875 405 941 An
436 885 524 941 tero
559 875 605 941 iu‘
628 876 781 943 iudicio
818 877 988 960 periculi
1017 878 1126 946 nihil

57 979 144 1045 iuit:
174 980 439 1065 priuilegium
471 982 675 1064 pertimui,
708 1001 768 1058 ne,
802 983 899 1048 mihi
934 986 1125 1066 praesenti

58 1087 86 1151 ri
117 1086 244 1153 multa
275 1088 538 1170 irrogaretur,
571 1106 680 1154 nemo
712 1076 1002 1155 intercederet?
1055 1089 1125 1156 Non

61 1191 204 1275 agehohrr
225 1192 265 1257 de
286 1192 399 1267 muita,
420 1192 474 1257 sed
497 1192 534 1257 de
556 1194 657 1274 capite
678 1195 721 1274 et,
749 1195 785 1259 ut
805 1194 912 1275 paucis
933 1195 1034 1261 verbis
1054 1197 1126 1278 poet

60 1295 161 1362 Cicero
185 1296 271 1373 dicit,
295 1296 524 1380 proscriptione.
580 1298 706 1365 Scilicet
732 1295 804 1364 oum
831 1299 877 1364 sio
898 1299 1004 1366 cicero
1027 1301 1125 1385 serip-

59 1401 162 1468 siseat:
186 1399 451 1487 priuilegium,
473 1403 669 1487 pertimui,
691 1422 745 1478 ue,
771 1405 865 1469 mihi
886 1406 1067 1487 prasenti
1092 1407 1125 1470 si

60 1505 311 1591 irrogaretur,
353 1527 461 1572 neme
501 1508 778 1585 intercederet,
821 1509 977 1575 librarius-
1003 1512 1123 1592 priri-

61 1609 213 1695 legium,
241 1613 323 1696 qnod
344 1614 533 1680 nominativo
555 1626 629 1681 caen
650 1613 786 1696 positum
808 1632 876 1679 esse
901 1632 961 1679 uon
982 1615 1123 1682 animad-

61 1717 157 1792 vertit,
181 1734 254 1782 cum
287 1718 470 1800 pertimui
490 1720 657 1796 coniunxit,
692 1719 810 1796 deinde,
843 1737 883 1784 uo
905 1718 1028 1786 deerret
1044 1722 1123 1786 sub·

61 1819 170 1886 ieoturn
204 1823 301 1898 verbi,
336 1823 418 1906 quod
451 1827 499 1890 est
538 1826 793 1909 irrogaretur,
833 1824 954 1889 addidit
991 1825 1122 1890 multa.

62 1924 203 1992 Ceterum
225 1927 345 1995 duobus
366 1929 406 1995 ad
427 1930 629 1997 refellendum
650 1929 824 2014 propositis,
851 1930 950 2012 priore
970 1930 1124 2005 absoluto,

61 2030 88 2094 in
121 2033 224 2099 altero
261 2035 454 2120 adiungendo
489 2056 562 2102 uon·
582 2037 663 2102 solet
697 2055 743 2101 au
778 2053 866 2112 vero
904 2036 1122 2121 interrogative

1 2175 2 2185 κ
61 2139 135 2216 poni,
175 2139 233 2204 sed
265 2159 336 2205 oum
368 2141 464 2207 ironia
497 2143 543 2208 sie
575 2142 651 2207 dici:
695 2142 745 2203 At
776 2158 863 2205 uero
898 2142 937 2205 in
972 2141 1122 2208 iudicio

1 2282 3 2335 ᾗ
59 2243 224 2322 periculi
261 2246 359 2311 nihil
395 2248 493 2312 erat:
534 2246 799 2330 privilegium,
840 2246 1042 2331 pertimui,
1067 2267 1120 2324 ue,

1 2336 2 2367 *
59 2348 146 2414 mihi
168 2353 351 2432 presenti
372 2353 405 2418 si
425 2353 682 2437 irrogaretur,
706 2353 765 2418 cet

1 2437 2 2453 ³
152 2455 224 2521 lbd.
245 2456 301 2523 60:
346 2458 420 2524 Sed
442 2457 531 2543 quid
564 2476 631 2541 ego
653 2458 822 2523 uestram
845 2455 1122 2522 crudelitatem

56 2574 245 2644 expromo,
272 2582 381 2647 quam
404 2565 441 2629 in
461 2565 588 2647 ipsum
609 2582 667 2629 me
684 2564 729 2628 ‘ao
757 2580 858 2628 meos
874 2560 1122 2635 adhibuistis,

56 2668 114 2747 qui
136 2669 197 2732 oet
224 2667 349 2735 Poterat
360 2670 465 2736 Cicero
484 2689 538 2753 pro
561 2667 809 2735 adhibuistis
832 2668 933 2733 dicere
955 2685 1121 2751 exprom-

48 2772 181 2848 sistis3
215 2773 270 2840 illo
303 2775 401 2841 altero
433 2778 498 2843 looo
525 2775 582 2840 hoo
603 2775 697 2840 verbo
728 2774 776 2838 uti
808 2791 866 2838 nou
899 2774 1008 2856 potuit,
1042 2772 1121 2856 quod

56 2896 212 2963 uunquam
232 2879 414 2962 simphciter
426 2899 480 2962 pro
498 2899 550 2954 eo,
573 2880 654 2965 qnod
675 2883 723 2946 est
743 2896 1002 2954 commemoro,
1023 2877 1121 2961 ponit.

55 2981 258 3049 heriberdum
270 2987 320 3049 est
336 2985 538 3068 exprobro.
562 2986 927 3071 [HocErnostioqnoque
939 2981 1121 3066 visumst]

153 3090 223 3155 lhd.
245 3089 300 3152 62:
332 3109 434 3156 eram
462 3093 577 3157 etiam
609 3095 673 3157 tuo
708 3091 852 3157 iudicio
883 3089 980 3155 civis
1015 3089 1122 3153 inoe-

55 3193 183 3271 lumis,
213 3215 294 3260 curn
316 3197 446 3262 domus
467 3198 508 3263 in
530 3195 704 3276 Palatio,
725 3197 823 3262 villa
843 3196 881 3260 in
902 3195 1121 3261 Tusculano

53 3302 181 3367 altera
212 3301 257 3365 ad
287 3302 450 3367 alterum
473 3304 670 3370 consulem
697 3301 1026 3380 transferebatur;
1059 3319 1122 3366 se·

54 3411 184 3495 netum
208 3408 385 3473 consules
409 3410 612 3485 uocabant3
634 3409 820 3475 columnae
841 3426 1057 3474 marmoree
1079 3426 1122 3471 er

54 3513 199 3579 edibus
224 3513 322 3578 meis
354 3513 601 3598 inspectante
632 3515 769 3597 populo
796 3514 963 3580 Romano
989 3513 1038 3578 ad
1057 3530 1121 3577 so·

54 3636 156 3684 crum
202 3604 375 3685 consulis
411 3602 686 3702 portabantum
727 3621 765 3685 in
801 3619 958 3685 fundum
990 3613 1120 3682 autem

55 3725 187 3791 ricini.
214 3724 393 3790 consulis
434 3742 507 3791 non
553 3772 593 3791 ..
638 3727 862 3792 ornamenta
904 3724 1022 3800 ville,
1058 3721 1123 3788 sed

54 3831 172 3899 etiarn
201 3829 359 3895 arbores
395 3830 743 3897 transferebantur.
793 3828 934 3895 Ridicule
960 3829 993 3893 iu
1020 3826 1124 3893 media

52 3917 263 4019 descriptione
294 3936 444 4001 bonorum
472 3934 626 4003 ciceronis
658 3936 699 4002 ad
729 3934 868 4000 consules
901 3934 1122 4000 translatorum

53 4042 132 4107 illud
153 4042 373 4124 interponitur:
394 4045 572 4108 senatum
595 4042 776 4108 coneules
797 4040 1003 4116 uocabant,
1036 4056 1122 4121 pror·

50 4167 118 4228 sus,
154 4148 278 4214 &amsi
309 4148 370 4213 alio
400 4148 468 4214 loco
489 4148 661 4231 poneretur,
696 4147 739 4211 rei
762 4149 793 4210 et
815 4144 976 4210 sententia
1001 4144 1123 4209 eontra-

51 4257 146 4326 rium,
158 4254 246 4337 quasi
260 4255 323 4337 ipsi
327 4253 487 4337 predones
497 4256 641 4319 senatum
652 4252 691 4317 ad
702 4271 767 4318 rem
778 4251 892 4317 hedam
901 4247 1123 4333 prohibendam

49 4361 171 4426 hortati
193 4360 265 4424 sint.
298 4361 472 4445 aptissime
482 4361 590 4426 contra
599 4361 690 4442 paulo
702 4360 774 4443 post
795 4356 991 4441 descriptioni
1011 4371 1120 4436 super-

45 4467 190 4541 additur,
212 4456 344 4550 quidilli
358 4465 633 4532 intoraafeoeriut:
657 4465 831 4531 consules
853 4461 1121 4548 epulabantur.
