2678 5016
478 584 600 640 anerius
618 584 738 644 uncus.

449 782 504 848 scd
524 800 591 847 sese
613 756 691 850 odiis
712 782 861 848 immania
882 784 950 867 cogi

152 891 188 956 in
209 891 300 956 fretu
345 887 415 966 Qun
436 888 545 964 iussos,
566 889 701 961 eductor,
724 907 857 972 quaerero
881 888 1011 958 Colchos
1128 930 1135 943 ·

156 1000 225 1062 arte
247 996 387 1080 quent,¹)

174 1101 243 1166 Ibd.
266 1100 326 1162 635
349 1118 438 1183 sqq.:

536 1187 835 1284 miscent'suprcmc
855 1206 1002 1284 paventes

209 1311 304 1375 verba
325 1310 378 1375 alii
398 1309 590 1393 iunguntque
612 1329 720 1375 monus
742 1312 835 1391 etque
858 1327 913 1373 oro
932 1309 1066 1393 fatigant

211 1417 338 1499 aspectu
358 1416 427 1480 tota
448 1415 480 1477 in
502 1414 624 1488 misero,
647 1433 717 1478 cnm
739 1415 877 1497 protinus
902 1414 993 1480 ulnus

210 1522 341 1586 solvitur
361 1523 394 1586 et
414 1523 501 1585 vasto
521 1520 631 1603 puppis
653 1538 738 1585 more
759 1521 862 1585 sorbet
882 1519 980 1586 hictu.

177 1624 230 1689 Sic
262 1625 373 1702 codem
407 1625 580 1708 corrigunt:
617 1634 738 1709 aspectu
775 1625 828 1687 tori
856 1623 889 1684 iro
919 1625 1038 1689 mismo.
1081 1621 1142 1688 Sed

79 1740 159 1793 corus
191 1734 225 1790 in
252 1740 374 1813 aspectu
401 1731 521 1805 dicitnr,
558 1731 610 1814 qui
644 1729 816 1812 spectaculo
848 1729 986 1795 animum
1016 1746 1142 1819 omnem

77 1836 223 1911 intendit,
245 1835 327 1919 quod
348 1835 387 1899 ab
408 1834 567 1902 interitum
588 1836 772 1902 timentibus
795 1835 932 1900 alienum
954 1836 1010 1911 est,
1032 1833 1141 1897 nimis-

77 1961 135 2025 quc
156 1941 285 2012 infinite,
301 1942 425 2023 ponitur
446 1964 502 2004 ora
515 1942 665 2025 folipene.
709 1940 912 2008 Scribcndum
934 1938 1074 2004 videtur:

472 2129 478 2137 ·
622 2051 715 2129 atquc
737 2065 790 2111 ora
810 2045 943 2128 fatigant

364 2154 490 2235 aspectu
512 2161 581 2214 cota
601 2152 632 2216 in
654 2153 775 2225 misero,
800 2152 858 2214 cet.

78 2258 166 2323 Votis
189 2258 239 2322 vin
261 2275 314 2321 orn
334 2257 501 2323 sufficiunt.

179 2363 248 2428 lbd.
270 2362 334 2424 670
354 2383 420 2445 sqq.
433 2386 447 2427 ς,

164 2487 220 2533 scu
242 2486 330 2532 ocsus
352 2486 412 2531 nox
433 2468 494 2533 istc
512 2468 580 2543 fuit,
603 2486 656 2531 scu
679 2467 810 2533 volvitur
832 2465 896 2531 cuis

165 2577 202 2638 ut
224 2590 369 2654 superum
391 2572 434 2636 sic
455 2575 553 2637 staret
573 2591 647 2656 opus
670 2572 796 2656 tollique
817 2571 952 2636 vicissim

164 2680 278 2762 pontus
300 2677 403 2752 habet
425 2696 480 2742 sen
501 2679 533 2742 te
555 2678 665 2743 subitae
686 2696 767 2743 nove
787 2677 896 2760 puppis
918 2679 1020 2757 imago

166 2802 383 2870 annommque
404 2781 623 2867 hominumque
644 2787 746 2847 truces
768 2799 953 2865 consurgere
973 2781 1004 2844 in
1027 2780 1088 2845 iras

165 2889 299 2972 impulit,
321 2890 380 2953 cet.

85 2995 179 3060 Recte
202 2994 374 3061 Gronovius
395 2992 550 3059 intellexit
571 2991 742 3058 necessario
763 2990 877 3075 requiri
897 3001 985 3066 ctare,
1013 2992 1048 3056 ut
1069 3008 1144 3074 pon·

82 3103 132 3166 tus
165 3100 260 3165 simili
280 3101 350 3183 lege
371 3100 454 3163 stare
476 3102 508 3163 et
536 3098 674 3165 vicissim
703 3098 771 3163 tolli
802 3097 963 3173 diceretur,
998 3097 1145 3181 quemod-

83 3207 211 3272 modum
233 3205 435 3282 coelumtuxis
462 3211 618 3288 superum)
641 3206 722 3268 certo
749 3204 836 3268 motu
857 3203 1040 3271 volveretur.
1063 3204 1146 3269 Prn-

82 3428 282 3437 ---—-

111 3561 132 3625 ¹)
155 3559 293 3628 Hauptiuu
312 3570 398 3624 nuper
414 3566 519 3607 reamur
535 3553 628 3610 ecdem
646 3553 775 3609 cretionis
793 3552 884 3608 formu
930 3552 983 3608 Sed
1000 3551 1072 3623 opud
1090 3551 1146 3607 Ho-

155 3651 258 3705 ratium
274 3646 328 3703 Od.
347 3647 371 3709 1,
388 3648 431 3708 38,
450 3651 467 3704 3
483 3651 573 3702 ustura·
589 3646 814 3716 significationem
824 3646 906 3700 nubet
919 3645 1147 3700 circumcurrendo

154 3741 300 3812 querendi,
323 3756 378 3794 non
405 3739 566 3810 simpliciter
583 3739 726 3810 querendi.
773 3740 807 3793 In
834 3737 961 3807 proximis
978 3736 1148 3791 Burmannus

158 3833 256 3889 incidit
273 3833 303 3886 in
323 3848 426 3895 verum,
456 3831 573 3887 sednon
592 3831 693 3886 tenuit:

497 3939 568 3977 nunc
585 3921 650 3976 cerii
668 3921 803 3991 plantaria
821 3921 903 3975 vellet

286 4017 397 4072 Pcrecoe
415 4016 463 4069 cut
480 4031 559 4069 curru
576 4027 602 4067 nr
620 4030 703 4069 servos
721 4013 838 4068 frennssc
856 4013 984 4068 dracones

287 4109 413 4170 creditur,
431 4108 538 4177 ignores
557 4105 661 4162 Cereris
679 4108 727 4175 qui
745 4120 848 4160 vomere
864 4110 950 4160 terres

287 4200 395 4265 imbuit,
770 4206 772 4210 ’

154 4296 207 4351 hoc
235 4295 292 4349 osc:
322 4297 371 4347 ont
399 4308 476 4346 curru
498 4289 625 4346 drenow
648 4288 774 4353 frenasse,
804 4290 837 4342 ut
858 4287 883 4343 is
905 4285 999 4342 fecisse
1022 4284 1149 4351 creditur,

153 4388 202 4458 qui
221 4388 274 4441 eoo
618 4387 619 4390 ’
