2656 5056
255 311 318 376 488
615 307 677 364 nra.
686 306 762 364 vm.
773 306 835 377 cap
845 305 893 363 1v.
959 288 1012 387 ῥ’

217 510 301 593 (Hoc
330 507 568 592 posteriusiam
601 507 701 573 sariba
734 504 845 570 codicis
867 500 1099 588 Rahdingerani
1120 505 1263 588 posuit).¹l

216 613 237 700 ξ
260 614 299 674 17
322 614 393 691 (14)·
423 614 454 677 in
483 612 636 679 codicibus
664 612 809 678 scribitur
835 609 902 690 (Pit
946 610 1048 690 Quid
1077 617 1137 676 est
1158 609 1267 689 alind,

217 719 317 802 quod
339 718 414 784 tibi
448 719 549 801 eripi
581 718 737 783 doleas?
780 716 937 782 Amicus
970 735 1060 782 esse
1084 718 1268 802 patriam?

217 822 336 887 Tanti
358 820 455 888 anim
479 822 591 887 illam
612 825 746 904 putas,
767 824 808 886 ut
832 823 988 887 tardius
1010 827 1159 888 omnes?
1187 823 1269 888 Recte

217 929 377 1004 hactenus,
400 928 453 1011 qui
480 928 624 992 amicos
646 929 801 1004 iecerunt3
833 927 887 992 sed
909 929 941 991 at
961 927 1085 993 codices
1108 934 1141 993 at
1163 932 1289 993 sentenv

217 1033 270 1098 tia
292 1033 497 1117 orationisque
528 1033 627 1099 forma
657 1035 833 1109 ostendunt,
858 1032 896 1096 de
917 1033 1026 1097 amicis
1059 1033 1173 1100 eodem
1195 1032 1271 1098 modo
1321 1055 1322 1058 ¹

218 1158 287 1204 cum
310 1137 522 1222 obiurgatione
543 1142 575 1217 at
601 1140 783 1205 refutatione
804 1141 1027 1220 interrogatum
1049 1156 1129 1213 essa,
1155 1158 1214 1222 quo
1240 1138 1272 1201 de

218 1245 337 1329 patrio,¹
358 1247 389 1308 et
416 1243 456 1307 ad
487 1243 581 1308 hanc·
598 1243 729 1308 formam
747 1244 895 1325 seriptum
916 1243 1027 1307 trisse:
1072 1243 1219 1324 Quid-e.
1241 1262 1273 1316 a.

219 1371 247 1434 q.
271 1350 344 1414 titi
365 1348 463 1430 oripi
484 1347 641 1414 doleas?
686 1344 876 1433 [Aminoei
897 1348 981 1432 quia
1002 1352 1103 1410 enim
1124 1351 1203 1412 tibi
1219 1371 1274 1433 po·

219 1453 304 1537 teet]
332 1453 482 1519 amicus
516 1458 620 1521 esse?
673 1456 864 1521 Patriam?
919 1453 1034 1518 Tanti
1079 1456 1181 1520 enim
1223 1458 1274 1519 cet

219 1561 266 1625 De
298 1576 411 1644 genere
442 1561 551 1626 erroris
594 1562 656 1626 dixi
691 1562 730 1626 ad
764 1561 816 1626 lio.
849 1559 893 1623 IV
924 1559 962 1623 de
995 1559 1097 1627 benai.
1133 1560 1173 1622 31
1208 1566 1276 1625 extr.

218 1667 362 1731 Proxima
383 1667 572 1749 paragrapho
585 1663 638 1741 (18
660 1668 714 1731 ant
733 1667 784 1743 15)
806 1668 881 1731 satis
903 1664 1102 1729 manifestum
1125 1670 1184 1742 est,
1206 1667 1277 1731 hauc

218 1771 415 1853 senteutiam,
450 1772 580 1837 eandam
603 1772 767 1844 homiuem,
794 1771 847 1853 qni
868 1773 1000 1836 mortem
1022 1771 1145 1847 timeat,
1179 1777 1277 1837 tamen

218 1877 318 1941 scita
351 1875 558 1959 voluptatibus
590 1881 656 1955 (aut
677 1879 769 1941 certae
793 1877 885 1942 alicui
908 1877 1069 1961 voluptati)
1093 1877 1216 1950 dedere,
1247 1879 1281 1940 ut

218 1982 256 2047 de
277 1982 387 2047 mortis
409 1982 543 2065 periculo
565 2001 625 2048 uon
647 1984 778 2066 cogitat,
812 2002 872 2048 uon
905 1985 988 2048 recta
1008 1984 1054 2046 ita
1076 1983 1218 2064 exprimi,
1245 1987 1281 2046 ut

219 2087 485 2153 dicaturmedia
516 2088 782 2169 oblectatione
815 2090 950 2152 mortem
971 2089 1177 2152 contemnere.
1214 2086 1279 2153 -Sed
1316 2144 1320 2172 ,

217 2193 297 2278 qnod
346 2190 539 2259 Sanctolouio
586 2212 622 2260 ex
673 2195 786 2261 codicis
833 2194 860 2258 P
903 2197 934 2256 et
984 2192 1115 2257 aliorum
1165 2195 1281 2278 aliquot

217 2300 368 2383 scriptura
389 2299 658 2378 (boletatione,
679 2302 712 2365 in
734 2319 794 2365 uuo
816 2298 1068 2374 bolcoatione)
1088 2300 1121 2364 in
1142 2304 1279 2365 montem

216 2406 309 2479 venit.
332 2405 438 2484 boleti,
461 2405 582 2470 delicati
605 2409 636 2472 et
657 2405 800 2488 ancipitis
823 2405 894 2477 cibi,
918 2404 1069 2469 aSeneca
1091 2407 1279 2470 mentionem

214 2513 328 2577 factam
351 2529 430 2586 esse,
463 2529 567 2575 vereor
588 2514 703 2585 tamen,
737 2527 772 2575 eo
790 2510 893 2595 ‘magis
915 2511 994 2592 quod
1016 2509 1054 2573 do
1076 2510 1127 2574 Ab
1150 2515 1279 2586 tacetur,

215 2636 256 2683 ne
277 2635 383 2682 casus·
399 2632 455 2680 nos
490 2615 589 2688 ludat,
620 2616 757 2699 nihilque
782 2615 899 2681 Seneca
934 2616 1090 2697 scripserit
1123 2617 1200 2680 nisi:
1234 2619 1281 2680 At

214 2719 397 2807 quomodo
419 2719 530 2786 illam
549 2725 588 2783 ia
609 2720 746 2784 edendi
765 2720 1022 2785 oblectatione
1040 2721 1279 2789 contemnis?

214 2827 333 2892 Certior
364 2842 413 2890 res
446 2825 567 2890 videtur
599 2844 666 2890 assa
697 2827 728 2890 iu
761 2824 847 2911 §20
879 2826 957 2906 (ll),
994 2825 1047 2891 ubi
1079 2825 1127 2890 sie
1160 2827 1279 2892 editur:

214 2926 331 2998 Nulla
361 2930 444 2996 vita
479 2934 628 2996 estnon
650 2932 799 3008 brevis;
841 2950 924 2996 nam
956 2932 988 2996 si
1021 2931 1065 2995 ad
1098 2936 1278 2998 naturam

212 3054 335 3101 rarum
370 3037 606 3119 respexeris,
646 3038 769 3102 etiam
803 3035 981 3102 Nestoris
1024 3040 1062 3101 at
1107 3038 1279 3105 Statilia

212 3142 338 3207 brevis
371 3144 448 3221 est,
482 3162 559 3225 quae
590 3147 646 3209 cet.
693 3141 838 3207 Condicio
873 3143 918 3219 (si
946 3191 954 3206 .
978 3191 985 3204 .
1011 3191 1019 3208 .
1047 3145 1277 3226 respexeris)

212 3247 384 3312 necessario
425 3248 533 3331 primae
571 3249 733 3314 sententia
777 3246 973 3330 adiungenda
1012 3248 1077 3315 est:
1122 3250 1279 3333 periuepte

213 3355 317 3418 autem
339 3353 406 3418 haea
427 3373 461 3419 se
482 3354 651 3438 excipiunt:
685 3354 820 3418 brevis
854 3353 926 3425 est;
951 3371 1036 3418 nam
1153 3355 1278 3422 brevis

212 3461 287 3530 ast:
316 3461 471 3540 postremo
491 3478 613 3545 prorsus
635 3479 729 3546 prave
750 3459 863 3524 dicitnr
887 3457 995 3522 nulla
1015 3461 1100 3526 vita
1122 3467 1181 3528 est
1213 3481 1276 3526 nou

231 3828 255 3896 ¹)
284 3832 299 3893 ὅ
318 3830 336 3884 5
354 3842 406 3881 uon
425 3825 529 3890 dubito,
553 3827 619 3897 quin
637 3830 707 3882 recto
725 3826 984 3896 Schweighauserus
1003 3826 1166 3884 indicaverit
1184 3843 1274 3883 nomen

281 3921 423 3990 proprium
441 3919 560 3974 hominis
581 3919 646 3985 aius,
664 3936 742 3990 quam
762 3919 862 3974 &neca
879 3919 964 3974 tantis
991 3919 1118 3976 laudibus
1141 3921 1233 3976 efferat
1250 3920 1275 3972 et

280 4012 414 4066 memoria
445 4011 544 4071 tradat.
578 4013 698 4082 positam
734 4012 824 4068 fnisse
863 4012 915 4068 aad
933 4012 1075 4068 Attalus
1093 4014 1176 4068 nimis
1194 4012 1274 4068 disee·

280 4102 322 4156 dit
340 4100 375 4158 ab
392 4103 534 4160 amicus.
570 4103 676 4159 Nomen
691 4105 783 4175 potins
800 4104 869 4160 latet
885 4106 915 4159 in
934 4105 1079 4160 Stoicus.
