<?xml version="1.0" encoding="UTF-8"?>
<!DOCTYPE html PUBLIC "-//W3C//DTD XHTML 1.0 Transitional//EN"
    "http://www.w3.org/TR/xhtml1/DTD/xhtml1-transitional.dtd">
<html xmlns="http://www.w3.org/1999/xhtml" xml:lang="en" lang="en">
 <head>
  <title>
</title>
<meta http-equiv="Content-Type" content="text/html;charset=utf-8" />
  <meta name='ocr-system' content='tesseract 3.04.00' />
  <meta name='ocr-capabilities' content='ocr_page ocr_carea ocr_par ocr_line ocrx_word'/>
</head>
<body>
  <div class='ocr_page' id='page_1' title='image "./ioniemadvigiiad00madvgoog_0222.png"; bbox 0 0 2662 5046; ppageno 0'>
   <div class='ocr_carea' id='block_1_1' title="bbox 433 653 1078 749">
    <p class='ocr_par' dir='ltr' id='par_1_1' title="bbox 433 653 1078 749">
     <span class='ocr_line' id='line_1_1' title="bbox 433 653 1078 749; baseline -0.011 -8"><span class='ocrx_word' id='word_1_1' title='bbox 433 679 568 740; x_wconf 71' lang='lat' dir='ltr'><strong>Ciceronis</strong></span> <span class='ocrx_word' id='word_1_2' title='bbox 586 653 733 739; x_wconf 69' lang='lat' dir='ltr'><strong>Ontlcnea</strong></span> <span class='ocrx_word' id='word_1_3' title='bbox 1018 687 1078 749; x_wconf 76' lang='lat'><strong>211</strong></span> 
     </span>
    </p>
   </div>
   <div class='ocr_carea' id='block_1_2' title="bbox 1 877 1168 4016">
    <p class='ocr_par' dir='ltr' id='par_1_2' title="bbox 1 877 1168 4016">
     <span class='ocr_line' id='line_1_2' title="bbox 145 877 1121 965; baseline 0.012 -23"><span class='ocrx_word' id='word_1_4' title='bbox 145 877 248 949; x_wconf 80' lang='lat' dir='ltr'><strong>Venio</strong></span> <span class='ocrx_word' id='word_1_5' title='bbox 273 877 317 944; x_wconf 83' lang='lat' dir='ltr'><strong>ad</strong></span> <span class='ocrx_word' id='word_1_6' title='bbox 339 878 486 960; x_wconf 88' lang='lat' dir='ltr'><strong>quattuor</strong></span> <span class='ocrx_word' id='word_1_7' title='bbox 506 878 668 955; x_wconf 82' lang='lat' dir='ltr'><strong>orationes,</strong></span> <span class='ocrx_word' id='word_1_8' title='bbox 690 898 767 964; x_wconf 81' lang='lat' dir='ltr'><strong>quas</strong></span> <span class='ocrx_word' id='word_1_9' title='bbox 786 882 908 965; x_wconf 89' lang='lat' dir='ltr'><strong>primns</strong></span> <span class='ocrx_word' id='word_1_10' title='bbox 919 884 1121 954; x_wconf 76' lang='lat' dir='ltr'><strong>Mmklandus</strong></span> 
     </span>
     <span class='ocr_line' id='line_1_3' title="bbox 57 980 1120 1078; baseline 0.014 -33"><span class='ocrx_word' id='word_1_11' title='bbox 57 980 233 1048; x_wconf 73' lang='lat' dir='ltr'><strong>adicerone</strong></span> <span class='ocrx_word' id='word_1_12' title='bbox 256 983 452 1051; x_wconf 80' lang='lat' dir='ltr'><strong>abiudicavit</strong></span> <span class='ocrx_word' id='word_1_13' title='bbox 460 1027 472 1078; x_wconf 14' lang='grc' dir='ltr'><strong>,Ι</strong></span> <span class='ocrx_word' id='word_1_14' title='bbox 500 983 586 1051; x_wconf 85' lang='lat' dir='ltr'><strong>cuins</strong></span> <span class='ocrx_word' id='word_1_15' title='bbox 618 985 772 1065; x_wconf 75' lang='lat' dir='ltr'><strong>sententia</strong></span> <span class='ocrx_word' id='word_1_16' title='bbox 792 1006 813 1052; x_wconf 89' lang='lat' dir='ltr'><strong>a</strong></span> <span class='ocrx_word' id='word_1_17' title='bbox 833 988 958 1056; x_wconf 84' lang='lat' dir='ltr'><strong>Wolfio.</strong></span> <span class='ocrx_word' id='word_1_18' title='bbox 972 997 1120 1059; x_wconf 84' lang='lat' dir='ltr'><strong>renovata</strong></span> 
     </span>
     <span class='ocr_line' id='line_1_4' title="bbox 58 1087 1119 1172; baseline 0.012 -20"><span class='ocrx_word' id='word_1_19' title='bbox 58 1103 118 1152; x_wconf 86' lang='lat' dir='ltr'><strong>orm</strong></span> <span class='ocrx_word' id='word_1_20' title='bbox 143 1087 339 1172; x_wconf 74' lang='lat' dir='ltr'><strong>aliquamdiu</strong></span> <span class='ocrx_word' id='word_1_21' title='bbox 369 1089 408 1155; x_wconf 83' lang='lat' dir='ltr'><strong>ob</strong></span> <span class='ocrx_word' id='word_1_22' title='bbox 436 1087 731 1157; x_wconf 83' lang='lat' dir='ltr'><strong>virianctoritatem</strong></span> <span class='ocrx_word' id='word_1_23' title='bbox 753 1094 786 1158; x_wconf 86' lang='lat' dir='ltr'><strong>at</strong></span> <span class='ocrx_word' id='word_1_24' title='bbox 806 1096 1009 1163; x_wconf 71' lang='lat' dir='ltr'><strong>accusationis</strong></span> <span class='ocrx_word' id='word_1_25' title='bbox 1045 1117 1119 1165; x_wconf 93' lang='lat' dir='ltr'><strong>con·</strong></span> 
     </span>
     <span class='ocr_line' id='line_1_5' title="bbox 57 1191 1118 1279; baseline 0.011 -23"><span class='ocrx_word' id='word_1_26' title='bbox 57 1191 210 1260; x_wconf 74' lang='lat' dir='ltr'><strong>ident&#39;mm</strong></span> <span class='ocrx_word' id='word_1_27' title='bbox 232 1195 403 1279; x_wconf 73' lang='lat' dir='ltr'>viguisset,</span> <span class='ocrx_word' id='word_1_28' title='bbox 439 1212 523 1259; x_wconf 92' lang='lat' dir='ltr'><strong>nnnc</strong></span> <span class='ocrx_word' id='word_1_29' title='bbox 558 1194 624 1260; x_wconf 89' lang='lat' dir='ltr'><strong>iure</strong></span> <span class='ocrx_word' id='word_1_30' title='bbox 652 1198 811 1263; x_wconf 92' lang='lat' dir='ltr'><strong>communi</strong></span> <span class='ocrx_word' id='word_1_31' title='bbox 840 1217 987 1266; x_wconf 85' lang='lat' dir='ltr'><strong>consensu</strong></span> <span class='ocrx_word' id='word_1_32' title='bbox 1010 1203 1118 1269; x_wconf 88' lang='lat' dir='ltr'><strong>relicta</strong></span> 
     </span>
     <span class='ocr_line' id='line_1_6' title="bbox 57 1299 1118 1390; baseline 0.01 -27"><span class='ocrx_word' id='word_1_33' title='bbox 57 1316 86 1363; x_wconf 86' lang='lat' dir='ltr'><strong>ac</strong></span> <span class='ocrx_word' id='word_1_34' title='bbox 112 1299 249 1366; x_wconf 71' lang='lat' dir='ltr'><strong>dmarta</strong></span> <span class='ocrx_word' id='word_1_35' title='bbox 275 1303 333 1368; x_wconf 80' lang='lat' dir='ltr'><strong>est</strong></span> <span class='ocrx_word' id='word_1_36' title='bbox 391 1301 456 1385; x_wconf 76' lang='lat' dir='ltr'><strong>Ego</strong></span> <span class='ocrx_word' id='word_1_37' title='bbox 487 1299 561 1384; x_wconf 87' lang='lat' dir='ltr'><strong>quid</strong></span> <span class='ocrx_word' id='word_1_38' title='bbox 591 1299 631 1366; x_wconf 86' lang='lat' dir='ltr'><strong>de</strong></span> <span class='ocrx_word' id='word_1_39' title='bbox 658 1303 723 1368; x_wconf 90' lang='lat' dir='ltr'><strong>toto</strong></span> <span class='ocrx_word' id='word_1_40' title='bbox 750 1303 912 1370; x_wconf 79' lang='lat' dir='ltr'><strong>Wolfiann</strong></span> <span class='ocrx_word' id='word_1_41' title='bbox 943 1309 1118 1390; x_wconf 84' lang='lat' dir='ltr'><strong>quaesticnis</strong></span> 
     </span>
     <span class='ocr_line' id='line_1_7' title="bbox 57 1404 1117 1495; baseline 0.007 -24"><span class='ocrx_word' id='word_1_42' title='bbox 57 1422 160 1486; x_wconf 73' lang='lat' dir='ltr'><strong>gauere</strong></span> <span class='ocrx_word' id='word_1_43' title='bbox 198 1406 367 1482; x_wconf 87' lang='lat' dir='ltr'><strong>sentirem,</strong></span> <span class='ocrx_word' id='word_1_44' title='bbox 395 1405 458 1473; x_wconf 84' lang='lat' dir='ltr'><strong>dixi</strong></span> <span class='ocrx_word' id='word_1_45' title='bbox 497 1423 525 1471; x_wconf 87' lang='lat' dir='ltr'><strong>a</strong></span> <span class='ocrx_word' id='word_1_46' title='bbox 561 1404 640 1468; x_wconf 80' lang='lat'>1841</span> <span class='ocrx_word' id='word_1_47' title='bbox 675 1410 790 1490; x_wconf 91' lang='lat' dir='ltr'><strong>(opusc.</strong></span> <span class='ocrx_word' id='word_1_48' title='bbox 816 1410 905 1475; x_wconf 86' lang='lat' dir='ltr'><strong>acad.</strong></span> <span class='ocrx_word' id='word_1_49' title='bbox 936 1412 969 1477; x_wconf 86' lang='grc' dir='ltr'><strong>ΙΙ</strong></span> <span class='ocrx_word' id='word_1_50' title='bbox 994 1432 1024 1495; x_wconf 89' lang='lat' dir='ltr'><strong>p.</strong></span> <span class='ocrx_word' id='word_1_51' title='bbox 1055 1413 1117 1477; x_wconf 87' lang='lat'><strong>339</strong></span> 
     </span>
     <span class='ocr_line' id='line_1_8' title="bbox 57 1510 1114 1597; baseline 0.009 -22"><span class='ocrx_word' id='word_1_52' title='bbox 57 1517 197 1589; x_wconf 82' lang='lat' dir='ltr'><strong>marma),</strong></span> <span class='ocrx_word' id='word_1_53' title='bbox 222 1531 280 1578; x_wconf 87' lang='lat' dir='ltr'><strong>nec</strong></span> <span class='ocrx_word' id='word_1_54' title='bbox 302 1512 340 1578; x_wconf 90' lang='lat' dir='ltr'><strong>de</strong></span> <span class='ocrx_word' id='word_1_55' title='bbox 362 1531 397 1579; x_wconf 91' lang='lat' dir='ltr'><strong>eo</strong></span> <span class='ocrx_word' id='word_1_56' title='bbox 418 1510 531 1579; x_wconf 90' lang='lat' dir='ltr'><strong>indicio</strong></span> <span class='ocrx_word' id='word_1_57' title='bbox 553 1511 716 1594; x_wconf 84' lang='lat' dir='ltr'><strong>quicquam</strong></span> <span class='ocrx_word' id='word_1_58' title='bbox 737 1514 921 1580; x_wconf 89' lang='lat' dir='ltr'><strong>mutandum</strong></span> <span class='ocrx_word' id='word_1_59' title='bbox 942 1516 1043 1583; x_wconf 73' lang='lat' dir='ltr'><strong>nsum</strong></span> <span class='ocrx_word' id='word_1_60' title='bbox 1056 1521 1114 1597; x_wconf 82' lang='lat' dir='ltr'><strong>est,</strong></span> 
     </span>
     <span class='ocr_line' id='line_1_9' title="bbox 57 1617 1115 1704; baseline 0 -17"><span class='ocrx_word' id='word_1_61' title='bbox 57 1632 120 1687; x_wconf 73' lang='lat' dir='ltr'><strong>auu</strong></span> <span class='ocrx_word' id='word_1_62' title='bbox 140 1620 337 1699; x_wconf 66' lang='lat' dir='ltr'><strong>postumum</strong></span> <span class='ocrx_word' id='word_1_63' title='bbox 353 1637 387 1684; x_wconf 85' lang='lat' dir='ltr'><strong>a.</strong></span> <span class='ocrx_word' id='word_1_64' title='bbox 405 1617 486 1682; x_wconf 73' lang='lat'>1857</span> <span class='ocrx_word' id='word_1_65' title='bbox 511 1618 639 1683; x_wconf 85' lang='lat' dir='ltr'><strong>exeunte</strong></span> <span class='ocrx_word' id='word_1_66' title='bbox 660 1618 813 1685; x_wconf 84' lang='lat' dir='ltr'><strong>orationes</strong></span> <span class='ocrx_word' id='word_1_67' title='bbox 835 1620 942 1704; x_wconf 80' lang='lat' dir='ltr'><strong>relegi,</strong></span> <span class='ocrx_word' id='word_1_68' title='bbox 963 1620 1115 1704; x_wconf 89' lang='lat' dir='ltr'><strong>nisiqnod</strong></span> 
     </span>
     <span class='ocr_line' id='line_1_10' title="bbox 1 1722 1117 1809; baseline 0.009 -25"><span class='ocrx_word' id='word_1_69' title='bbox 1 1760 2 1766; x_wconf 22' lang='grc' dir='ltr'><strong><em>κ</em></strong></span> <span class='ocrx_word' id='word_1_70' title='bbox 58 1722 152 1804; x_wconf 81' lang='lat' dir='ltr'><strong>magis</strong></span> <span class='ocrx_word' id='word_1_71' title='bbox 172 1723 272 1788; x_wconf 89' lang='lat' dir='ltr'><strong>etiam</strong></span> <span class='ocrx_word' id='word_1_72' title='bbox 292 1723 423 1789; x_wconf 76' lang='lat' dir='ltr'><strong>miratus</strong></span> <span class='ocrx_word' id='word_1_73' title='bbox 444 1743 525 1801; x_wconf 87' lang='lat' dir='ltr'><strong>sum,</strong></span> <span class='ocrx_word' id='word_1_74' title='bbox 548 1741 641 1807; x_wconf 90' lang='lat' dir='ltr'><strong>quem</strong></span> <span class='ocrx_word' id='word_1_75' title='bbox 663 1723 740 1788; x_wconf 90' lang='lat' dir='ltr'><strong>nihil</strong></span> <span class='ocrx_word' id='word_1_76' title='bbox 760 1743 891 1809; x_wconf 86' lang='lat' dir='ltr'><strong>nsquam</strong></span> <span class='ocrx_word' id='word_1_77' title='bbox 912 1725 1117 1794; x_wconf 78' lang='lat' dir='ltr'><strong>decretionis</strong></span> 
     </span>
     <span class='ocr_line' id='line_1_11' title="bbox 58 1824 1116 1916; baseline 0.009 -26"><span class='ocrx_word' id='word_1_78' title='bbox 58 1824 150 1892; x_wconf 84' lang='lat' dir='ltr'><strong>torma</strong></span> <span class='ocrx_word' id='word_1_79' title='bbox 170 1829 547 1896; x_wconf 86' lang='lat' dir='ltr'><strong>subtiliterobsernatum</strong></span> <span class='ocrx_word' id='word_1_80' title='bbox 569 1828 989 1908; x_wconf 79' lang='lat' dir='ltr'><strong>etauimadversnmesset,</strong></span> <span class='ocrx_word' id='word_1_81' title='bbox 1023 1851 1116 1916; x_wconf 89' lang='lat' dir='ltr'><strong>qnam</strong></span> 
     </span>
     <span class='ocr_line' id='line_1_12' title="bbox 59 1918 1115 2017; baseline 0.009 -21"><span class='ocrx_word' id='word_1_82' title='bbox 59 1929 159 1999; x_wconf 70' lang='lat' dir='ltr'><strong>culter</strong></span> <span class='ocrx_word' id='word_1_83' title='bbox 192 1935 240 1998; x_wconf 86' lang='lat' dir='ltr'><strong>ct·</strong></span> <span class='ocrx_word' id='word_1_84' title='bbox 264 1934 387 2001; x_wconf 90' lang='lat' dir='ltr'><strong>incante</strong></span> <span class='ocrx_word' id='word_1_85' title='bbox 416 1934 454 1999; x_wconf 88' lang='lat' dir='ltr'><strong>de</strong></span> <span class='ocrx_word' id='word_1_86' title='bbox 484 1935 575 2002; x_wconf 88' lang='lat' dir='ltr'><strong>rebus</strong></span> <span class='ocrx_word' id='word_1_87' title='bbox 595 1933 808 2017; x_wconf 76' lang='lat' dir='ltr'><strong>institutisque</strong></span> <span class='ocrx_word' id='word_1_88' title='bbox 830 1918 978 2004; x_wconf 83' lang='lat' dir='ltr'><strong>Romanis</strong></span> <span class='ocrx_word' id='word_1_89' title='bbox 998 1937 1115 2004; x_wconf 87' lang='lat' dir='ltr'><strong>indica·</strong></span> 
     </span>
     <span class='ocr_line' id='line_1_13' title="bbox 59 2038 1114 2121; baseline 0.004 -18"><span class='ocrx_word' id='word_1_90' title='bbox 59 2038 126 2103; x_wconf 77' lang='lat' dir='ltr'><strong>um.</strong></span> <span class='ocrx_word' id='word_1_91' title='bbox 172 2038 253 2105; x_wconf 85' lang='lat' dir='ltr'><strong>Sunt</strong></span> <span class='ocrx_word' id='word_1_92' title='bbox 274 2040 325 2106; x_wconf 81' lang='lat' dir='ltr'><strong>hae</strong></span> <span class='ocrx_word' id='word_1_93' title='bbox 343 2042 495 2108; x_wconf 90' lang='lat' dir='ltr'><strong>orationes</strong></span> <span class='ocrx_word' id='word_1_94' title='bbox 517 2041 655 2121; x_wconf 84' lang='lat' dir='ltr'><strong>tumidae,</strong></span> <span class='ocrx_word' id='word_1_95' title='bbox 684 2039 792 2105; x_wconf 89' lang='lat' dir='ltr'><strong>crebra</strong></span> <span class='ocrx_word' id='word_1_96' title='bbox 812 2040 979 2106; x_wconf 89' lang='lat' dir='ltr'><strong>earundem</strong></span> <span class='ocrx_word' id='word_1_97' title='bbox 1012 2061 1114 2120; x_wconf 88' lang='lat' dir='ltr'><strong>rerum</strong></span> 
     </span>
     <span class='ocr_line' id='line_1_14' title="bbox 59 2143 1116 2242; baseline 0.005 -33"><span class='ocrx_word' id='word_1_98' title='bbox 59 2146 83 2208; x_wconf 85' lang='lat' dir='ltr'><strong>ct</strong></span> <span class='ocrx_word' id='word_1_99' title='bbox 101 2145 132 2210; x_wconf 93' lang='lat' dir='ltr'><strong>in</strong></span> <span class='ocrx_word' id='word_1_100' title='bbox 154 2164 189 2211; x_wconf 84' lang='lat' dir='ltr'><strong>se</strong></span> <span class='ocrx_word' id='word_1_101' title='bbox 211 2143 366 2221; x_wconf 89' lang='lat' dir='ltr'><strong>laudando</strong></span> <span class='ocrx_word' id='word_1_102' title='bbox 398 2149 431 2213; x_wconf 91' lang='lat' dir='ltr'><strong>et</strong></span> <span class='ocrx_word' id='word_1_103' title='bbox 457 2146 490 2212; x_wconf 92' lang='lat' dir='ltr'><strong>in</strong></span> <span class='ocrx_word' id='word_1_104' title='bbox 512 2147 581 2213; x_wconf 85' lang='lat' dir='ltr'><strong>aliis</strong></span> <span class='ocrx_word' id='word_1_105' title='bbox 604 2145 795 2242; x_wconf 86' lang='lat' dir='ltr'><strong>insectandis</strong></span> <span class='ocrx_word' id='word_1_106' title='bbox 815 2145 997 2229; x_wconf 87' lang='lat' dir='ltr'><strong>repetitione</strong></span> <span class='ocrx_word' id='word_1_107' title='bbox 1018 2148 1116 2214; x_wconf 88' lang='lat' dir='ltr'><strong>mole·</strong></span> 
     </span>
     <span class='ocr_line' id='line_1_15' title="bbox 60 2250 1116 2343; baseline 0.008 -30"><span class='ocrx_word' id='word_1_108' title='bbox 60 2252 118 2329; x_wconf 82' lang='lat' dir='ltr'><strong>stae,</strong></span> <span class='ocrx_word' id='word_1_109' title='bbox 139 2250 313 2336; x_wconf 81' lang='lat' dir='ltr'><strong>iurgiorum</strong></span> <span class='ocrx_word' id='word_1_110' title='bbox 334 2255 366 2318; x_wconf 89' lang='lat' dir='ltr'><strong>et</strong></span> <span class='ocrx_word' id='word_1_111' title='bbox 387 2253 592 2319; x_wconf 72' lang='lat' dir='ltr'><strong>conviciorum</strong></span> <span class='ocrx_word' id='word_1_112' title='bbox 614 2251 807 2343; x_wconf 81' lang='lat' dir='ltr'><strong>luditatead</strong></span> <span class='ocrx_word' id='word_1_113' title='bbox 829 2252 970 2318; x_wconf 83' lang='lat' dir='ltr'><strong>nostram</strong></span> <span class='ocrx_word' id='word_1_114' title='bbox 990 2271 1116 2321; x_wconf 87' lang='lat' dir='ltr'><strong>sensnm</strong></span> 
     </span>
     <span class='ocr_line' id='line_1_16' title="bbox 58 2356 1116 2437; baseline 0.006 -17"><span class='ocrx_word' id='word_1_115' title='bbox 58 2356 136 2422; x_wconf 82' lang='lat' dir='ltr'><strong>nude</strong></span> <span class='ocrx_word' id='word_1_116' title='bbox 156 2357 321 2437; x_wconf 75' lang='lat' dir='ltr'><strong>insuaves,</strong></span> <span class='ocrx_word' id='word_1_117' title='bbox 343 2359 379 2423; x_wconf 90' lang='lat' dir='ltr'><strong>ut</strong></span> <span class='ocrx_word' id='word_1_118' title='bbox 398 2358 554 2428; x_wconf 89' lang='lat' dir='ltr'><strong>interdum</strong></span> <span class='ocrx_word' id='word_1_119' title='bbox 585 2358 752 2436; x_wconf 79' lang='lat' dir='ltr'><strong>miremur,</strong></span> <span class='ocrx_word' id='word_1_120' title='bbox 781 2356 861 2422; x_wconf 79' lang='lat' dir='ltr'><strong>talia</strong></span> <span class='ocrx_word' id='word_1_121' title='bbox 888 2357 920 2424; x_wconf 89' lang='lat' dir='ltr'><strong>in</strong></span> <span class='ocrx_word' id='word_1_122' title='bbox 946 2362 1056 2425; x_wconf 88' lang='lat' dir='ltr'><strong>senatu</strong></span> <span class='ocrx_word' id='word_1_123' title='bbox 1084 2362 1116 2426; x_wconf 88' lang='lat' dir='ltr'><strong>et</strong></span> 
     </span>
     <span class='ocr_line' id='line_1_17' title="bbox 58 2460 1114 2547; baseline 0.005 -21.734"><span class='ocrx_word' id='word_1_124' title='bbox 58 2460 128 2542; x_wconf 79' lang='lat' dir='ltr'><strong>apud</strong></span> <span class='ocrx_word' id='word_1_125' title='bbox 149 2462 316 2545; x_wconf 86' lang='lat' dir='ltr'><strong>pontifices</strong></span> <span class='ocrx_word' id='word_1_126' title='bbox 339 2462 399 2528; x_wconf 86' lang='lat' dir='ltr'><strong>dici</strong></span> <span class='ocrx_word' id='word_1_127' title='bbox 418 2464 565 2547; x_wconf 78' lang='lat' dir='ltr'><strong>petiisse,</strong></span> <span class='ocrx_word' id='word_1_128' title='bbox 599 2462 655 2530; x_wconf 93' lang='lat' dir='ltr'><strong>sed</strong></span> <span class='ocrx_word' id='word_1_129' title='bbox 676 2463 831 2530; x_wconf 80' lang='lat' dir='ltr'><strong>Ciceronis</strong></span> <span class='ocrx_word' id='word_1_130' title='bbox 852 2463 935 2541; x_wconf 77' lang='lat' dir='ltr'><strong>eunt,</strong></span> <span class='ocrx_word' id='word_1_131' title='bbox 969 2463 1007 2529; x_wconf 93' lang='lat' dir='ltr'><strong>de</strong></span> <span class='ocrx_word' id='word_1_132' title='bbox 1031 2466 1114 2531; x_wconf 88' lang='lat' dir='ltr'><strong>statu</strong></span> 
     </span>
     <span class='ocr_line' id='line_1_18' title="bbox 58 2564 1115 2653; baseline 0.003 -20.867"><span class='ocrx_word' id='word_1_133' title='bbox 58 2564 167 2646; x_wconf 71' lang='lat' dir='ltr'><strong>lacoon</strong></span> <span class='ocrx_word' id='word_1_134' title='bbox 190 2568 357 2652; x_wconf 83' lang='lat' dir='ltr'><strong>pristinum</strong></span> <span class='ocrx_word' id='word_1_135' title='bbox 381 2568 541 2653; x_wconf 84' lang='lat' dir='ltr'><strong>dignitatis</strong></span> <span class='ocrx_word' id='word_1_136' title='bbox 563 2570 596 2636; x_wconf 90' lang='lat' dir='ltr'><strong>et</strong></span> <span class='ocrx_word' id='word_1_137' title='bbox 621 2568 813 2637; x_wconf 76' lang='lat' dir='ltr'><strong>austeritatis</strong></span> <span class='ocrx_word' id='word_1_138' title='bbox 834 2567 995 2652; x_wconf 77' lang='lat' dir='ltr'><strong>fastigium</strong></span> <span class='ocrx_word' id='word_1_139' title='bbox 1016 2587 1115 2653; x_wconf 88' lang='lat' dir='ltr'><strong>neque</strong></span> 
     </span>
     <span class='ocr_line' id='line_1_19' title="bbox 57 2670 1112 2759; baseline 0 -19"><span class='ocrx_word' id='word_1_140' title='bbox 57 2670 144 2740; x_wconf 81' lang='lat' dir='ltr'><strong>unis</strong></span> <span class='ocrx_word' id='word_1_141' title='bbox 171 2674 291 2741; x_wconf 81' lang='lat' dir='ltr'><strong>viribus</strong></span> <span class='ocrx_word' id='word_1_142' title='bbox 320 2692 416 2758; x_wconf 84' lang='lat' dir='ltr'><strong>neque</strong></span> <span class='ocrx_word' id='word_1_143' title='bbox 446 2675 599 2740; x_wconf 80' lang='lat' dir='ltr'><strong>constanti</strong></span> <span class='ocrx_word' id='word_1_144' title='bbox 630 2675 662 2740; x_wconf 88' lang='lat' dir='ltr'><strong>et</strong></span> <span class='ocrx_word' id='word_1_145' title='bbox 692 2673 780 2758; x_wconf 72' lang='lat' dir='ltr'><strong>grani</strong></span> <span class='ocrx_word' id='word_1_146' title='bbox 803 2673 907 2740; x_wconf 87' lang='lat' dir='ltr'><strong>animo</strong></span> <span class='ocrx_word' id='word_1_147' title='bbox 934 2675 1112 2759; x_wconf 85' lang='lat' dir='ltr'><strong>repetentis,</strong></span> 
     </span>
     <span class='ocr_line' id='line_1_20' title="bbox 10 2778 1113 2864; baseline 0.004 -24"><span class='ocrx_word' id='word_1_148' title='bbox 10 2791 13 2864; x_wconf 51' lang='grc' dir='ltr'>ᾗ</span> <span class='ocrx_word' id='word_1_149' title='bbox 56 2778 178 2845; x_wconf 77' lang='lat' dir='ltr'><strong>naiores</strong></span> <span class='ocrx_word' id='word_1_150' title='bbox 202 2779 328 2863; x_wconf 89' lang='lat' dir='ltr'><strong>quidem</strong></span> <span class='ocrx_word' id='word_1_151' title='bbox 352 2779 419 2847; x_wconf 84' lang='lat' dir='ltr'><strong>duae</strong></span> <span class='ocrx_word' id='word_1_152' title='bbox 442 2780 633 2857; x_wconf 87' lang='lat' dir='ltr'><strong>certissime;</strong></span> <span class='ocrx_word' id='word_1_153' title='bbox 669 2797 742 2844; x_wconf 89' lang='lat' dir='ltr'><strong>nam</strong></span> <span class='ocrx_word' id='word_1_154' title='bbox 763 2778 797 2842; x_wconf 88' lang='lat' dir='ltr'><strong>in</strong></span> <span class='ocrx_word' id='word_1_155' title='bbox 824 2779 997 2863; x_wconf 82' lang='lat' dir='ltr'><strong>gratiarum</strong></span> <span class='ocrx_word' id='word_1_156' title='bbox 1018 2779 1113 2845; x_wconf 89' lang='lat' dir='ltr'><strong>actio·</strong></span> 
     </span>
     <span class='ocr_line' id='line_1_21' title="bbox 56 2883 1111 2969; baseline -0.002 -21"><span class='ocrx_word' id='word_1_157' title='bbox 56 2884 134 2951; x_wconf 85' lang='lat' dir='ltr'><strong>nibus</strong></span> <span class='ocrx_word' id='word_1_158' title='bbox 157 2885 259 2969; x_wconf 89' lang='lat' dir='ltr'><strong>possit</strong></span> <span class='ocrx_word' id='word_1_159' title='bbox 280 2886 392 2951; x_wconf 90' lang='lat' dir='ltr'><strong>saltem</strong></span> <span class='ocrx_word' id='word_1_160' title='bbox 414 2885 548 2969; x_wconf 86' lang='lat' dir='ltr'><strong>intelligi</strong></span> <span class='ocrx_word' id='word_1_161' title='bbox 581 2887 704 2967; x_wconf 87' lang='lat' dir='ltr'><strong>arrepta</strong></span> <span class='ocrx_word' id='word_1_162' title='bbox 725 2884 764 2949; x_wconf 88' lang='lat' dir='ltr'><strong>ab</strong></span> <span class='ocrx_word' id='word_1_163' title='bbox 785 2883 992 2949; x_wconf 88' lang='lat' dir='ltr'><strong>declamatore</strong></span> <span class='ocrx_word' id='word_1_164' title='bbox 1014 2884 1111 2947; x_wconf 88' lang='lat' dir='ltr'><strong>mate·</strong></span> 
     </span>
     <span class='ocr_line' id='line_1_22' title="bbox 56 2978 1111 3069; baseline -0.002 -13"><span class='ocrx_word' id='word_1_165' title='bbox 56 2989 91 3056; x_wconf 78' lang='lat' dir='ltr'><strong>ria</strong></span> <span class='ocrx_word' id='word_1_166' title='bbox 111 2995 145 3057; x_wconf 88' lang='lat' dir='ltr'><strong>et</strong></span> <span class='ocrx_word' id='word_1_167' title='bbox 166 2991 313 3057; x_wconf 88' lang='lat' dir='ltr'><strong>subinani</strong></span> <span class='ocrx_word' id='word_1_168' title='bbox 334 2992 496 3057; x_wconf 84' lang='lat' dir='ltr'><strong>verborum</strong></span> <span class='ocrx_word' id='word_1_169' title='bbox 518 3009 592 3057; x_wconf 93' lang='lat' dir='ltr'><strong>sono</strong></span> <span class='ocrx_word' id='word_1_170' title='bbox 615 2991 775 3069; x_wconf 83' lang='lat' dir='ltr'><strong>exornata;</strong></span> <span class='ocrx_word' id='word_1_171' title='bbox 808 2988 865 3055; x_wconf 91' lang='lat' dir='ltr'><strong>sed</strong></span> <span class='ocrx_word' id='word_1_172' title='bbox 885 2987 921 3052; x_wconf 90' lang='lat' dir='ltr'><strong>ut</strong></span> <span class='ocrx_word' id='word_1_173' title='bbox 941 2978 974 3052; x_wconf 89' lang='lat' dir='ltr'><strong>id</strong></span> <span class='ocrx_word' id='word_1_174' title='bbox 995 2987 1111 3054; x_wconf 84' lang='lat' dir='ltr'><strong>factum</strong></span> 
     </span>
     <span class='ocr_line' id='line_1_23' title="bbox 56 3093 1168 3177; baseline -0.006 -14"><span class='ocrx_word' id='word_1_175' title='bbox 56 3096 221 3175; x_wconf 63' lang='lat' dir='ltr'><strong>amamus,</strong></span> <span class='ocrx_word' id='word_1_176' title='bbox 245 3100 350 3163; x_wconf 78' lang='lat' dir='ltr'><strong>oontm</strong></span> <span class='ocrx_word' id='word_1_177' title='bbox 376 3097 524 3164; x_wconf 82' lang='lat' dir='ltr'><strong>traditam</strong></span> <span class='ocrx_word' id='word_1_178' title='bbox 553 3095 737 3162; x_wconf 88' lang='lat' dir='ltr'><strong>memoriam</strong></span> <span class='ocrx_word' id='word_1_179' title='bbox 767 3093 844 3160; x_wconf 91' lang='lat' dir='ltr'><strong>nihil</strong></span> <span class='ocrx_word' id='word_1_180' title='bbox 877 3093 968 3177; x_wconf 78' lang='lat' dir='ltr'><strong>cogit</strong></span> <span class='ocrx_word' id='word_1_181' title='bbox 1025 3093 1112 3158; x_wconf 84' lang='lat' dir='ltr'><strong>Adeo</strong></span> <span class='ocrx_word' id='word_1_182' title='bbox 1165 3146 1168 3154; x_wconf 90' lang='lat'><em>.</em></span> 
     </span>
     <span class='ocr_line' id='line_1_24' title="bbox 56 3199 1113 3287; baseline -0.004 -19"><span class='ocrx_word' id='word_1_183' title='bbox 56 3204 150 3268; x_wconf 78' lang='lat' dir='ltr'><strong>autam</strong></span> <span class='ocrx_word' id='word_1_184' title='bbox 172 3201 324 3269; x_wconf 87' lang='lat' dir='ltr'><strong>mendose</strong></span> <span class='ocrx_word' id='word_1_185' title='bbox 347 3202 478 3287; x_wconf 78' lang='lat' dir='ltr'><strong>scripta,</strong></span> <span class='ocrx_word' id='word_1_186' title='bbox 510 3201 690 3284; x_wconf 83' lang='lat' dir='ltr'><strong>ecquidem</strong></span> <span class='ocrx_word' id='word_1_187' title='bbox 721 3199 947 3283; x_wconf 84' lang='lat' dir='ltr'><strong>depravationis</strong></span> <span class='ocrx_word' id='word_1_188' title='bbox 968 3216 1004 3263; x_wconf 89' lang='lat' dir='ltr'><strong>ac</strong></span> <span class='ocrx_word' id='word_1_189' title='bbox 1025 3218 1113 3264; x_wconf 90' lang='lat' dir='ltr'><strong>men-</strong></span> 
     </span>
     <span class='ocr_line' id='line_1_25' title="bbox 13 3303 1112 3393; baseline -0.003 -21"><span class='ocrx_word' id='word_1_190' title='bbox 13 3350 14 3355; x_wconf 37' lang='lat'>1</span> <span class='ocrx_word' id='word_1_191' title='bbox 55 3305 154 3374; x_wconf 87' lang='lat' dir='ltr'><strong>iorum</strong></span> <span class='ocrx_word' id='word_1_192' title='bbox 190 3325 325 3393; x_wconf 77' lang='lat' dir='ltr'><strong>genere,</strong></span> <span class='ocrx_word' id='word_1_193' title='bbox 366 3308 446 3392; x_wconf 87' lang='lat' dir='ltr'><strong>qnod</strong></span> <span class='ocrx_word' id='word_1_194' title='bbox 477 3306 555 3372; x_wconf 92' lang='lat' dir='ltr'><strong>nihil</strong></span> <span class='ocrx_word' id='word_1_195' title='bbox 587 3306 701 3373; x_wconf 85' lang='lat' dir='ltr'><strong>habeat</strong></span> <span class='ocrx_word' id='word_1_196' title='bbox 733 3324 804 3371; x_wconf 90' lang='lat' dir='ltr'><strong>cum</strong></span> <span class='ocrx_word' id='word_1_197' title='bbox 843 3303 950 3370; x_wconf 86' lang='lat' dir='ltr'><strong>alienae</strong></span> <span class='ocrx_word' id='word_1_198' title='bbox 985 3304 1112 3390; x_wconf 85' lang='lat' dir='ltr'><strong>originis</strong></span> 
     </span>
     <span class='ocr_line' id='line_1_26' title="bbox 10 3409 1113 3500; baseline -0.008 -18"><span class='ocrx_word' id='word_1_199' title='bbox 10 3409 11 3413; x_wconf 64' lang='grc'>’</span> <span class='ocrx_word' id='word_1_200' title='bbox 56 3413 223 3500; x_wconf 76' lang='lat' dir='ltr'><strong>suspicione</strong></span> <span class='ocrx_word' id='word_1_201' title='bbox 246 3415 451 3489; x_wconf 85' lang='lat' dir='ltr'><strong>coniunctum,</strong></span> <span class='ocrx_word' id='word_1_202' title='bbox 474 3412 529 3479; x_wconf 90' lang='lat' dir='ltr'><strong>sed</strong></span> <span class='ocrx_word' id='word_1_203' title='bbox 549 3413 713 3478; x_wconf 87' lang='lat' dir='ltr'><strong>manifesto</strong></span> <span class='ocrx_word' id='word_1_204' title='bbox 734 3410 868 3477; x_wconf 87' lang='lat' dir='ltr'><strong>librariis</strong></span> <span class='ocrx_word' id='word_1_205' title='bbox 890 3411 1050 3489; x_wconf 80' lang='lat' dir='ltr'><strong>debeatur,</strong></span> <span class='ocrx_word' id='word_1_206' title='bbox 1074 3409 1113 3474; x_wconf 92' lang='lat' dir='ltr'><strong>ad</strong></span> 
     </span>
     <span class='ocr_line' id='line_1_27' title="bbox 56 3514 1112 3602; baseline -0.004 -20"><span class='ocrx_word' id='word_1_207' title='bbox 56 3535 98 3585; x_wconf 87' lang='lat' dir='ltr'><strong>noe</strong></span> <span class='ocrx_word' id='word_1_208' title='bbox 118 3520 169 3585; x_wconf 83' lang='lat' dir='ltr'><strong>hae</strong></span> <span class='ocrx_word' id='word_1_209' title='bbox 192 3519 348 3586; x_wconf 88' lang='lat' dir='ltr'><strong>orationes</strong></span> <span class='ocrx_word' id='word_1_210' title='bbox 368 3514 590 3602; x_wconf 84' lang='lat' dir='ltr'><strong>pervenerunt,</strong></span> <span class='ocrx_word' id='word_1_211' title='bbox 620 3520 670 3594; x_wconf 88' lang='lat' dir='ltr'><strong>nt,</strong></span> <span class='ocrx_word' id='word_1_212' title='bbox 703 3518 798 3584; x_wconf 89' lang='lat' dir='ltr'><strong>etiam</strong></span> <span class='ocrx_word' id='word_1_213' title='bbox 825 3516 962 3583; x_wconf 90' lang='lat' dir='ltr'><strong>adhibito</strong></span> <span class='ocrx_word' id='word_1_214' title='bbox 992 3532 1112 3580; x_wconf 89' lang='lat' dir='ltr'><strong>summo</strong></span> 
     </span>
     <span class='ocr_line' id='line_1_28' title="bbox 56 3619 1112 3705; baseline -0.009 -13"><span class='ocrx_word' id='word_1_215' title='bbox 56 3642 114 3692; x_wconf 85' lang='lat' dir='ltr'><strong>cum</strong></span> <span class='ocrx_word' id='word_1_216' title='bbox 134 3626 243 3691; x_wconf 85' lang='lat' dir='ltr'><strong>fructu</strong></span> <span class='ocrx_word' id='word_1_217' title='bbox 276 3625 380 3692; x_wconf 85' lang='lat' dir='ltr'><strong>codice</strong></span> <span class='ocrx_word' id='word_1_218' title='bbox 402 3626 472 3691; x_wconf 88' lang='lat' dir='ltr'><strong>Par.</strong></span> <span class='ocrx_word' id='word_1_219' title='bbox 495 3625 578 3689; x_wconf 85' lang='grc'><strong>7794</strong></span> <span class='ocrx_word' id='word_1_220' title='bbox 609 3626 642 3690; x_wconf 88' lang='lat' dir='ltr'><strong>et</strong></span> <span class='ocrx_word' id='word_1_221' title='bbox 671 3625 711 3688; x_wconf 91' lang='lat' dir='ltr'><strong>ad</strong></span> <span class='ocrx_word' id='word_1_222' title='bbox 743 3624 809 3689; x_wconf 90' lang='lat' dir='ltr'><strong>eius</strong></span> <span class='ocrx_word' id='word_1_223' title='bbox 837 3621 970 3705; x_wconf 84' lang='lat' dir='ltr'><strong>vestigia</strong></span> <span class='ocrx_word' id='word_1_224' title='bbox 990 3619 1112 3685; x_wconf 86' lang='lat' dir='ltr'><strong>coniec-</strong></span> 
     </span>
     <span class='ocr_line' id='line_1_29' title="bbox 56 3716 1112 3818; baseline -0.007 -20"><span class='ocrx_word' id='word_1_225' title='bbox 56 3731 268 3811; x_wconf 78' lang='lat' dir='ltr'><strong>luadirecta,</strong></span> <span class='ocrx_word' id='word_1_226' title='bbox 301 3716 364 3799; x_wconf 91' lang='lat' dir='ltr'><strong>non</strong></span> <span class='ocrx_word' id='word_1_227' title='bbox 395 3749 493 3818; x_wconf 85' lang='lat' dir='ltr'><strong>pauca</strong></span> <span class='ocrx_word' id='word_1_228' title='bbox 524 3731 579 3795; x_wconf 92' lang='lat' dir='ltr'><strong>aut</strong></span> <span class='ocrx_word' id='word_1_229' title='bbox 603 3730 722 3795; x_wconf 85' lang='lat' dir='ltr'><strong>incerta</strong></span> <span class='ocrx_word' id='word_1_230' title='bbox 753 3731 807 3795; x_wconf 88' lang='lat' dir='ltr'><strong>ant</strong></span> <span class='ocrx_word' id='word_1_231' title='bbox 835 3728 868 3793; x_wconf 92' lang='lat' dir='ltr'><strong>in</strong></span> <span class='ocrx_word' id='word_1_232' title='bbox 895 3728 978 3792; x_wconf 89' lang='lat' dir='ltr'><strong>certo</strong></span> <span class='ocrx_word' id='word_1_233' title='bbox 1000 3725 1112 3791; x_wconf 88' lang='lat' dir='ltr'><strong>mendo</strong></span> 
     </span>
     <span class='ocr_line' id='line_1_30' title="bbox 57 3831 1113 3925; baseline -0.009 -19"><span class='ocrx_word' id='word_1_234' title='bbox 57 3836 250 3925; x_wconf 82' lang='lat' dir='ltr'><strong>relinquenda</strong></span> <span class='ocrx_word' id='word_1_235' title='bbox 270 3837 345 3904; x_wconf 81' lang='lat' dir='ltr'><strong>sint</strong></span> <span class='ocrx_word' id='word_1_236' title='bbox 386 3837 493 3920; x_wconf 76' lang='lat' dir='ltr'><strong>anue</strong></span> <span class='ocrx_word' id='word_1_237' title='bbox 525 3835 726 3902; x_wconf 86' lang='lat' dir='ltr'><strong>mendenen</strong></span> <span class='ocrx_word' id='word_1_238' title='bbox 752 3851 821 3898; x_wconf 87' lang='lat' dir='ltr'><strong>raro</strong></span> <span class='ocrx_word' id='word_1_239' title='bbox 846 3832 912 3897; x_wconf 89' lang='lat' dir='ltr'><strong>iam</strong></span> <span class='ocrx_word' id='word_1_240' title='bbox 933 3832 1006 3897; x_wconf 90' lang='lat' dir='ltr'><strong>ante</strong></span> <span class='ocrx_word' id='word_1_241' title='bbox 1028 3831 1113 3897; x_wconf 91' lang='lat' dir='ltr'><strong>codi-</strong></span> 
     </span>
     <span class='ocr_line' id='line_1_31' title="bbox 59 3937 1113 4016; baseline -0.009 -4"><span class='ocrx_word' id='word_1_242' title='bbox 59 3947 92 4012; x_wconf 77' lang='lat' dir='ltr'><strong>ds</strong></span> <span class='ocrx_word' id='word_1_243' title='bbox 112 3947 186 4011; x_wconf 83' lang='lat' dir='ltr'><strong>Par.</strong></span> <span class='ocrx_word' id='word_1_244' title='bbox 217 3943 345 4009; x_wconf 63' lang='lat' dir='ltr'><strong>alamno</strong></span> <span class='ocrx_word' id='word_1_245' title='bbox 366 3942 494 4009; x_wconf 86' lang='lat' dir='ltr'><strong>licenter</strong></span> <span class='ocrx_word' id='word_1_246' title='bbox 515 3942 663 4008; x_wconf 86' lang='lat' dir='ltr'><strong>mutando</strong></span> <span class='ocrx_word' id='word_1_247' title='bbox 676 3938 830 4006; x_wconf 84' lang='lat' dir='ltr'><strong>occultata</strong></span> <span class='ocrx_word' id='word_1_248' title='bbox 844 3938 926 4016; x_wconf 84' lang='lat' dir='ltr'><strong>sunt,</strong></span> <span class='ocrx_word' id='word_1_249' title='bbox 941 3939 983 4003; x_wconf 87' lang='lat' dir='ltr'><strong>ut</strong></span> <span class='ocrx_word' id='word_1_250' title='bbox 1002 3937 1113 4003; x_wconf 91' lang='lat' dir='ltr'><strong>leniter</strong></span> 
     </span>
    </p>
   </div>
   <div class='ocr_carea' id='block_1_3' title="bbox 20 4038 1189 4450">
    <p class='ocr_par' dir='ltr' id='par_1_3' title="bbox 20 4038 1189 4344">
     <span class='ocr_line' id='line_1_32' title="bbox 20 4038 1189 4133; baseline -0.009 -16"><span class='ocrx_word' id='word_1_251' title='bbox 20 4080 21 4094; x_wconf 48' lang='lat'>¹</span> <span class='ocrx_word' id='word_1_252' title='bbox 61 4052 147 4118; x_wconf 72' lang='lat' dir='ltr'><strong>niori</strong></span> <span class='ocrx_word' id='word_1_253' title='bbox 169 4050 335 4133; x_wconf 83' lang='lat' dir='ltr'><strong>nequeant</strong></span> <span class='ocrx_word' id='word_1_254' title='bbox 377 4049 520 4115; x_wconf 84' lang='lat' dir='ltr'><strong>Macrum</strong></span> <span class='ocrx_word' id='word_1_255' title='bbox 542 4045 792 4113; x_wconf 87' lang='lat' dir='ltr'><strong>emendationum</strong></span> <span class='ocrx_word' id='word_1_256' title='bbox 812 4062 959 4128; x_wconf 80' lang='lat' dir='ltr'><strong>magnam</strong></span> <span class='ocrx_word' id='word_1_257' title='bbox 979 4044 1112 4127; x_wconf 77' lang='lat' dir='ltr'><strong>partem,</strong></span> <span class='ocrx_word' id='word_1_258' title='bbox 1183 4038 1189 4043; x_wconf 74' lang='grc'>’</span> 
     </span>
     <span class='ocr_line' id='line_1_33' title="bbox 62 4148 1112 4234; baseline -0.009 -12"><span class='ocrx_word' id='word_1_259' title='bbox 62 4156 183 4222; x_wconf 82' lang='lat' dir='ltr'><strong>mxime</strong></span> <span class='ocrx_word' id='word_1_260' title='bbox 204 4156 236 4220; x_wconf 92' lang='lat' dir='ltr'><strong>in</strong></span> <span class='ocrx_word' id='word_1_261' title='bbox 257 4155 394 4221; x_wconf 85' lang='lat' dir='ltr'><strong>oratione</strong></span> <span class='ocrx_word' id='word_1_262' title='bbox 415 4155 454 4220; x_wconf 90' lang='lat' dir='ltr'><strong>de</strong></span> <span class='ocrx_word' id='word_1_263' title='bbox 475 4154 575 4234; x_wconf 91' lang='lat' dir='ltr'><strong>domo,</strong></span> <span class='ocrx_word' id='word_1_264' title='bbox 607 4153 671 4217; x_wconf 89' lang='lat' dir='ltr'><strong>iam</strong></span> <span class='ocrx_word' id='word_1_265' title='bbox 699 4150 781 4232; x_wconf 87' lang='lat' dir='ltr'><strong>apud</strong></span> <span class='ocrx_word' id='word_1_266' title='bbox 801 4148 974 4234; x_wconf 81' lang='lat' dir='ltr'><strong>Kaysarnm</strong></span> <span class='ocrx_word' id='word_1_267' title='bbox 997 4149 1112 4213; x_wconf 90' lang='lat' dir='ltr'><strong>editam</strong></span> 
     </span>
     <span class='ocr_line' id='line_1_34' title="bbox 66 4253 1111 4344; baseline -0.01 -17"><span class='ocrx_word' id='word_1_268' title='bbox 66 4275 129 4339; x_wconf 79' lang='lat' dir='ltr'><strong>csse,</strong></span> <span class='ocrx_word' id='word_1_269' title='bbox 155 4278 249 4343; x_wconf 83' lang='lat' dir='ltr'><strong>snpra</strong></span> <span class='ocrx_word' id='word_1_270' title='bbox 277 4259 353 4337; x_wconf 87' lang='lat' dir='ltr'><strong>dixi,</strong></span> <span class='ocrx_word' id='word_1_271' title='bbox 387 4278 462 4344; x_wconf 88' lang='lat' dir='ltr'><strong>quas</strong></span> <span class='ocrx_word' id='word_1_272' title='bbox 483 4259 535 4324; x_wconf 88' lang='lat' dir='ltr'><strong>hic</strong></span> <span class='ocrx_word' id='word_1_273' title='bbox 563 4256 744 4324; x_wconf 82' lang='lat' dir='ltr'><strong>brevissime</strong></span> <span class='ocrx_word' id='word_1_274' title='bbox 772 4253 883 4319; x_wconf 87' lang='lat' dir='ltr'><strong>ceteris</strong></span> <span class='ocrx_word' id='word_1_275' title='bbox 909 4254 1111 4336; x_wconf 88' lang='lat' dir='ltr'><strong>interponam.</strong></span> 
     </span>
    </p>

    <p class='ocr_par' dir='ltr' id='par_1_4' title="bbox 152 4359 1112 4450">
     <span class='ocr_line' id='line_1_35' title="bbox 152 4359 1112 4450; baseline -0.013 -15"><span class='ocrx_word' id='word_1_276' title='bbox 152 4365 252 4449; x_wconf 74' lang='lat' dir='ltr'><strong>orat,</strong></span> <span class='ocrx_word' id='word_1_277' title='bbox 285 4383 358 4435; x_wconf 89' lang='lat' dir='ltr'><strong>cunr</strong></span> <span class='ocrx_word' id='word_1_278' title='bbox 379 4363 508 4433; x_wconf 79' lang='lat' dir='ltr'><strong>senalni</strong></span> <span class='ocrx_word' id='word_1_279' title='bbox 529 4363 656 4450; x_wconf 76' lang='lat' dir='ltr'><strong>gratias</strong></span> <span class='ocrx_word' id='word_1_280' title='bbox 676 4360 762 4446; x_wconf 80' lang='lat' dir='ltr'><strong>egit,</strong></span> <span class='ocrx_word' id='word_1_281' title='bbox 786 4360 835 4427; x_wconf 76' lang='lat'><strong>12.</strong></span> <span class='ocrx_word' id='word_1_282' title='bbox 879 4359 978 4426; x_wconf 81' lang='lat' dir='ltr'><strong>codex</strong></span> <span class='ocrx_word' id='word_1_283' title='bbox 1001 4360 1071 4424; x_wconf 87' lang='lat' dir='ltr'><strong>Par.</strong></span> <span class='ocrx_word' id='word_1_284' title='bbox 1094 4376 1112 4423; x_wconf 91' lang='lat' dir='ltr'><strong>a</strong></span> 
     </span>
    </p>
   </div>
   <div class='ocr_carea' id='block_1_4' title="bbox 862 4489 912 4541">
    <p class='ocr_par' dir='ltr' id='par_1_5' title="bbox 862 4489 912 4541">
     <span class='ocr_line' id='line_1_36' title="bbox 862 4489 912 4541; baseline -0.04 0"><span class='ocrx_word' id='word_1_285' title='bbox 862 4489 912 4541; x_wconf 61' lang='grc' dir='ltr'><strong>14Ι</strong></span> 
     </span>
    </p>
   </div>
   <div class='ocr_carea' id='block_1_5' title="bbox 0 0 1336 5046">
    <p class='ocr_par' dir='ltr' id='par_1_6' title="bbox 0 0 1336 5046">
     <span class='ocr_line' id='line_1_37' title="bbox 0 0 1336 5046; baseline 0 0"><span class='ocrx_word' id='word_1_286' title='bbox 0 0 1336 5046; x_wconf 95' lang='lat' dir='ltr'><strong> </strong></span> 
     </span>
    </p>
   </div>
  </div>
 </body>
</html>
