2580 5054
448 669 606 725 Athenaeue.
981 673 1020 735 69

34 879 50 926 o
73 853 243 946 θαύματα
265 861 352 928 uliud
375 864 573 946 querendum
596 868 644 930 eet
666 867 790 949 propius
813 886 884 932 oum
908 867 1061 951 frugiferis

34 967 189 1034 niunelum
211 964 265 1047 (τά
290 964 419 1054 ἰάματα
429 973 467 1045 P).
478 968 510 1046 *)

92 1157 127 1222 Ρ.
141 1160 202 1223 510
215 1160 249 1224 b:
272 1153 345 1226 ἀλλ’
368 1161 440 1228 ἐπεί
457 1155 551 1227 πάνυ
566 1161 717 1245 λιπαρῶς
731 1154 823 1246 ἦμῦς
837 1156 996 1236 άποικεῖς
1008 1165 1061 1229 καί

34 1289 53 1328 ν
87 1267 164 1347 περί
202 1268 269 1332 τῶν
302 1267 357 1333 ἐπί
387 1268 499 1355 τρυφῇ
530 1259 722 1353 διαβοήτων
743 1274 937 1353 γενομένων
960 1261 1062 1356 λόγον

34 1373 45 1437 i
81 1371 141 1457 τῆς
172 1368 302 1439 σοῦσον
335 1367 565 1459 ἡδυπαθείας.
625 1376 705 1440 Ante
742 1375 826 1458 prius
863 1378 920 1441 καί
951 1377 1063 1466 euellit

34 1473 213 1554 ισδώσω,
241 1479 337 1552 oeulo,
360 1482 396 1544 ui
415 1480 546 1558 videtur,
570 1478 690 1545 librarii
711 1480 870 1547 aberrante
890 1483 922 1547 in
944 1482 1062 1548 duabus

34 1583 117 1648 nibus
138 1586 177 1651 ub
199 1586 314 1652 litteris
336 1578 387 1652 άπ
408 1585 692 1677 ἰοοίρίοοῐίουε.**ἷ)

94 1774 128 1841 Ρ.
140 1775 201 1839 519
214 1794 230 1840 e
242 1776 308 1852 (ubi
320 1777 422 1859 egitur
434 1776 470 1839 de
483 1775 595 1853 oensis,
608 1794 675 1858 qnae
688 1775 897 1859 Sybaritarum
910 1777 1060 1843 luxuriam

34 1880 165 1958 neriullt
186 1884 288 1948 Δοκεῖ
309 1883 343 1948 δὲ
370 1875 459 1967 μετά
490 1883 552 1966 τῆς
580 1876 801 1961 εὐδαιμονίας
830 1874 943 1947 αῦιῶν
972 1883 1059 1949 εἶναι

34 2012 71 2051 σε
98 1988 159 2070 τῆς
187 1983 307 2075 χῶρος,
340 1981 503 2075 άλιμένου
537 1990 598 2073 τῆς
629 1983 808 2074 θαλάσσης
843 1985 1063 2078 παρηκούσης

36 2094 46 2158 l
84 2095 151 2158 σῶν
184 2097 324 2182 καρπῶν
357 2090 475 2181 σχεδόν
507 2089 671 2160 ἁπάντων
702 2090 771 2162 ῦπδ
809 2098 876 2162 τῶν
912 2100 1062 2166 πολιτῶν

35 2204 346 2288 ταναλισκομὲνῶν,
369 2198 386 2267 ὅ
410 2228 446 2266 τε
469 2202 533 2287 τῆς
555 2195 685 2278 πόλεως
706 2198 826 2279 τόπος,
850 2205 904 2270 καί
925 2199 944 2270 δ
968 2201 1059 2291 παρά

34 2309 55 2374 ῦ
87 2310 175 2375 θεοῦ
210 2303 360 2395 χρησμός
394 2310 652 2392 συμπαροξῦναι
687 2305 821 2384 πάντας
857 2314 1060 2397 ἐκτρυφῆσαι

46 2440 77 2480 τ.
101 2416 129 2479 λ.
181 2415 272 2480 Nihil
305 2434 381 2498 opus
415 2422 463 2480 esi
496 2434 649 2497 exponere,
679 2437 772 2500 quern
795 2436 855 2483 non
878 2417 943 2484 haen
964 2419 1061 2484 oratio

34 2523 154 2599 baereat,
184 2542 256 2586 narn
286 2540 385 2605 neque
417 2517 506 2604 μετά
540 2523 601 2606 τῆς
631 2515 855 2606 εῦδαιμσνίας
878 2524 964 2591 εἶναι
988 2527 1062 2608 quid

34 2673 43 2701 ,
71 2625 265 2711 intelligitur,
299 2646 396 2713 neque
418 2629 456 2691 od
478 2628 656 2711 genetivum
677 2629 738 2713 τῆς
759 2625 866 2716 χώρας
887 2633 1063 2698 ullomodo

34 2732 104 2798 resei
125 2753 161 2798 ex
183 2733 379 2800 inferioribus
402 2736 504 2819 polest
525 2731 640 2807 τόπος,
671 2754 709 2799 ne
731 2736 791 2801 alia
813 2755 1058 2805 commemorem.

34 2838 209 2904 sinendum:
254 2843 355 2907 Δοκεῖ
391 2842 424 2907 δὲ
470 2842 699 2925 μεταίτιον
742 2843 803 2925 της
838 2836 1062 2927 εὐδαιμονίας

34 2944 106 3012 σῶν
121 2945 206 3012 εἶναι
230 2941 276 3014 τό
299 2974 335 3013 σε
358 2948 419 3032 τῆς
433 2943 540 3034 χῶρας
562 2941 784 3033 οίλίμενσν,
807 2950 868 3033 τῆς
883 2947 1061 3037 θαλάσσης

34 3049 210 3139 ιρηκοῦσης
234 3056 377 3121 καὶτῶν
400 3058 538 3142 καρπῶν
561 3051 681 3142 σχιδδν
702 3048 866 3151 άπάνιων
893 3051 962 3122 ῦπιί
992 3058 1062 3123 τῶν

34 3163 143 3227 κλινῶν
166 3167 518 3249 καταναλισκομένων,
541 3160 560 3228 ὅ
582 3189 619 3229 σε
643 3163 703 3244 της
725 3156 855 3236 πόλεως
870 3155 989 3240 τόπος,
1006 3167 1059 3231 καί

34 3265 125 3352 παρά
149 3273 210 3338 τοῦ
233 3274 321 3339 θεοῦ
343 3266 493 3360 χρησμός
517 3271 777 3355 συμπαροξῦναι
793 3262 927 3343 πάντας
943 3277 1061 3354 ἐκτρυ-

34 3377 95 3442 ῑσαι
119 3402 148 3443 κ.
172 3405 201 3444 ι.
224 3381 254 3445 λ.
310 3379 508 3463 Relinquitur
530 3376 634 3460 alique
667 3376 821 3443 dubitatio
843 3376 875 3442 in
898 3377 1058 3460 participio

34 3482 220 3569 ιρηκοῦσης.

44 3751 70 3816 *l
90 3751 191 3806 Ibitis
207 3770 272 3809 scra
300 3751 397 3825 ὅμοιον
417 3751 485 3811 ὄντα
503 3758 545 3827 τῷ
572 3752 810 3833 προειρημένη
838 3755 899 3824 (pro
917 3757 972 3808 τῶν
990 3773 1057 3821 προ·

92 3846 259 3915 ιιρημὲνων).
288 3847 317 3901 P.
327 3846 381 3902 493
400 3847 417 3903 d
436 3864 502 3909 neu:
525 3849 588 3902 Νῦν
606 3845 638 3902 τὸ
660 3844 710 3914 μὲν
729 3843 927 3913 ἐπιτιμώμενόν
947 3844 1004 3900 ἐστι
1022 3849 1060 3918 τῷ

90 3941 191 4011 ποιητῇ
219 3933 262 3994 lite
288 3938 355 4002 τοὺς
381 3936 431 4008 μὲν
460 3940 575 4004 λοιποὺς
604 3936 676 3995 εἷπε
704 3939 795 4008 (uulgo
814 3938 881 4008 ἔστι)
909 3937 1060 4009 μογέοντας

90 4028 194 4099 άείριιν
211 4030 243 4087 τὸ
261 4032 358 4097 δίκας,
377 4031 427 4088 τὸν
438 4030 468 4088 δὲ
481 4032 611 4101 Νέστορα
619 4033 707 4104 μόνον
717 4030 842 4103 ἀμογητί.
870 4032 900 4086 Ρ.
911 4032 964 4087 506
976 4030 990 4085 l'
1000 4047 1060 4088 nen:

89 4126 174 4180 τοῦτο
199 4124 224 4180 δ’
244 4126 320 4194 εἴπερ
337 4122 424 4190 οὕτως
443 4124 590 4200 ἀληθείᾳ
609 4127 669 4197 (pro
688 4125 835 4196 ἀληθείας)
854 4123 916 4193 ἔχει,
936 4121 1006 4187 θεὸς
1023 4119 1060 4177 ἂν

90 4217 184 4287 εἰδείη.
220 4220 250 4273 P.
261 4219 312 4275 507
323 4219 414 4275 deon:
435 4218 510 4273 δδκῶ
527 4210 579 4274 οὖν
598 4236 635 4288 σε,
655 4209 813 4287 miliduno,
832 4217 921 4274 πολλὰ
931 4215 1002 4272 κατὰ
1012 4221 1061 4288 τῆς

90 4308 157 4381 ἐμῆς
191 4311 386 4377 ψεύσεσθαι
418 4311 479 4381 (pro
511 4311 678 4380 ψεύδεσθαι.
707 4311 771 4367 (lod.
798 4312 861 4367 Per.
888 4309 1061 4380 ψεύσασθαι)

90 4408 220 4474 κεφαλῆς.

34 4498 71 4565 “*)
90 4497 119 4551 Ρ.
138 4497 191 4552 614
209 4514 224 4554 e
243 4513 297 4554 sur.
317 4494 485 4552 άιιέλανεν
503 4513 554 4568 pro
573 4495 735 4553 άπολαῦιιν.
