2648 5084
256 328 316 394 598
631 322 859 395 nrt.1x.oep.1.

214 529 349 598 bellandi
379 527 484 594 inisse.
534 524 636 590 Unum
673 524 849 589 eliamnuno
885 525 996 600 restat,
1033 526 1053 606 ξ
1083 529 1124 592 41
1154 527 1266 613 quodiu

215 637 369 703 codicibus
391 635 439 700 est
457 632 631 716 oditurque:
656 631 889 715 praeeavisse
910 630 1066 701 iustum
1091 639 1155 702 est
1175 652 1267 720 qnam

215 741 518 827 exspectavisse,
539 742 648 804 natum
674 755 741 802 esse
764 755 799 802 ex
820 739 1016 807 iustruere.
1061 741 1127 820 (De
1149 763 1175 809 e.
1198 739 1268 813 ill

214 844 408 917 dictumest
436 848 450 911 Ι
483 867 512 930 p.
537 843 586 909 te.
631 844 694 929 [lta
717 842 841 930 Aldus]
885 841 945 930 §7
975 851 1011 912 iu
1035 849 1141 915 uerbis
1171 845 1268 914 Claudi

214 953 407 1040 Quadrigarii
444 952 682 1038 persuadent
724 971 777 1035 pro
821 952 1086 1035 persuadenti
1132 952 1299 1039 eoouparit

213 1063 306 1130 Peter
328 1060 360 1126 in
381 1058 520 1144 reliqniis
540 1058 613 1124 hist
636 1058 704 1124 Lat.
747 1056 885 1124 Nemone
908 1060 1038 1152 antea?)

221 1148 225 1159 ’
307 1162 379 1233 lod
419 1165 467 1243 13,
498 1164 536 1230 2:
581 1166 643 1250 qni
680 1168 827 1232 minore
860 1184 1005 1231 summa
1042 1168 1154 1240 aeris,
1190 1164 1270 1252 qnod

162 1318 164 1321 -
213 1292 327 1356 supra
369 1273 462 1352 dixi,
505 1275 773 1340 censebantur.
831 1272 949 1337 Praeter
988 1291 1111 1356 quam
1159 1291 1271 1357 supra.

213 1375 291 1465 qdod
313 1373 496 1462 simpliciter
518 1399 535 1445 e
556 1381 764 1463 superioribus
794 1378 980 1445 editionibus
1003 1378 1217 1444 renouandum
1230 1379 1271 1444 et

213 1491 286 1570 puto
308 1486 402 1551 etiarn
425 1485 572 1569 seriptum
595 1507 614 1551 a
636 1485 736 1553 Gellio
755 1506 838 1554 esse
866 1486 1058 1547 minorem
1087 1506 1272 1548 summan.

213 1593 264 1658 Sia
286 1594 368 1658 enim
393 1610 516 1675 semper
539 1592 656 1659 locutos
679 1597 797 1659 veteres
821 1585 947 1676 (censeri
967 1614 1140 1668 suminam,
1179 1590 1273 1655 censeri

214 1709 255 1762 tet
276 1698 385 1778 mdiu,
419 1722 566 1783 moyseum
588 1701 660 1784 apri
678 1701 803 1763 modum
826 1702 897 1774 oet.)
921 1698 1013 1763 fidem
1036 1699 1161 1765 faciunt
1183 1700 1271 1766 Cicero

213 1806 245 1870 in
279 1805 412 1869 oratione
445 1822 498 1888 pro
530 1803 638 1870 llaooo
665 1807 827 1889 (quattor),
861 1805 1025 1884 Horatius,
1063 1805 1189 1873 Gellius
1217 1809 1269 1888 ipse

214 1910 320 1994 peusis
352 1910 490 1976 versibus
522 1912 608 1987 unte3
643 1910 687 1990 tat
720 1912 825 1978 eontra
856 1930 1012 1994 nunquam
1047 1925 1144 1998 capnt
1174 1913 1272 1978 emori

215 2029 268 2100 pro
290 2014 343 2093 eo,'
357 2014 435 2102 quod
459 2022 508 2083 est
533 2015 650 2102 capio).

315 2122 380 2188 lb‘d.
407 2123 455 2196 14,
478 2124 522 2185 ἵν
547 2125 803 2208 magnifieum
837 2125 874 2189 in
897 2122 1010 2189 Ulixe
1033 2127 1073 2188 et
1096 2126 1273 2194 ubertum.

189 2297 192 2303 ,
215 2229 361 2296 subtile
382 2230 419 2294 in
441 2229 619 2295 Menelao
646 2232 684 2294 et
705 2230 931 2306 eohibitum,
963 2231 1133 2295 mixtum
1159 2232 1274 2297 mode·

215 2326 421 2420 ratumque
444 2336 483 2400 in
506 2334 683 2402 Nestore.
742 2336 918 2401 inauditnm
952 2337 984 2400 et
1005 2336 1158 2404 inauditae
1182 2341 1274 2405 forne

215 2443 402 2510 udieotirum
424 2441 605 2506 ubertum
628 2445 712 2521 (nam
734 2442 902 2507 ubertim
929 2444 1032 2507 notam
1057 2443 1156 2510 babet
1179 2448 1273 2512 adver·

215 2547 335 2617 biorum
364 2539 612 2614 terminationem
638 2546 722 2624 tim)
744 2545 862 2614 tollitur
883 2548 989 2614 divisis
1011 2547 1146 2616 litteris:
1188 2571 1275 2634 mag·

217 2656 378 2722 niiieu‘m
400 2651 573 2719 inUlixe
600 2653 764 2729 etuias,
798 2664 872 2717 tom
905 2653 1054 2721 subtile
1090 2658 1151 2721 eet.
1195 2656 1272 2741 [liet.

218 2762 348 2846 exempl.
372 2757 545 2844 Stephani]

317 2866 383 2932 tio.
416 2864 583 2947 Vll(olim
617 2863 692 2948 Vl),
727 2867 759 2939 1,
792 2866 826 2931 8:
863 2886 1054 2953 nunquam
1087 2870 1192 2934 enim
1214 2870 1274 2933 hoo

217 2972 447 3041 convenisse
480 2973 625 3036 natnrae
656 2966 807 3038 auctori
841 2974 1079 3057 parentique
1115 2978 1275 3041 omnium

216 3094 343 3146 rarum
365 3080 559 3174 bonarum.
596 3076 709 3165 ¹Serib.
733 3100 851 3166 neque
874 3080 972 3145 enim
994 3080 1073 3145 boe.
1121 3082 1273 3166 Temporis

216 3177 401 3270 signideetio
424 3205 519 3270 prena
541 3190 596 3251 eet.
678 3184 679 3191 ’

315 3291 382 3356 Ibd.
408 3292 456 3369 14,
477 3293 514 3358 d:
561 3291 689 3383 Tum„
709 3292 891 3376 quiequid
914 3293 969 3359 ita
991 3292 1193 3362 delictum
1216 3295 1273 3359 est

216 3408 288 3463 non
310 3415 404 3463 sane
427 3391 585 3484 dignum
609 3415 693 3463 esse
714 3400 932 3482 imponendi
960 3408 1078 3484 poenae
1102 3401 1272 3468 studium

216 3505 342 3570 uisum
375 3508 434 3570 est
459 3504 639 3582 (maioribus
662 3507 796 3582 nostris).
849 3505 962 3591 Neque
978 3493 1273 3593 imponendi'poeuu

216 3607 341 3676 Gellius
356 3609 433 3676 dixit
468 3613 651 3696 (superiores
676 3612 926 3703 imponendae
955 3633 991 3680 ex
1020 3614 1276 3697 interpolatione),

216 3733 313 3797 neque
344 3715 472 3799 dippum
502 3715 731 3803 audientique
766 3721 836 3801 rel)
858 3715 955 3782 visum
978 3741 1038 3783 esse
1058 3741 1163 3803 poerroe
1185 3720 1278 3803 irrepo-

214 3821 329 3886 sendoe.
373 3820 584 3889 'scribendum
608 3825 672 3889 esti
708 3841 780 3891 nou
808 3842 900 3890 sune
933 3822 1093 3909 dignum
1117 3825 1167 3906 (id
1191 3825 1281 3891 delio-

214 3918 298 4008 tum)
331 3947 417 3993 esse
454 3927 682 4012 imponendi
721 3941 852 4015 prenae
888 3931 1015 3995 studio
1051 3934 1179 3998 visum
1218 3934 1284 3999 eat.

217 4028 310 4116 Origo
339 4032 444 4098 mendi
476 4037 618 4118 apparet3
652 4053 724 4101 nam
757 4035 866 4102 elisum
895 4032 1085 4103 estuante
1114 4038 1285 4106 alterumn

218 4141 413 4219 <peretot
434 4138 621 4205 advirum
643 4141 910 4209 accommodatum
933 4148 982 4211 est
1000 4144 1187 4210 studium.
