2654 5010
249 275 309 339 180
610 268 669 324 Lib.
688 268 724 324 11.
744 268 810 337 Gsp.
828 268 878 322 111.

205 472 239 538 id
261 469 450 555 signiticaret
472 489 543 548 uon,
565 466 648 552 quod
671 465 722 532 bio
742 466 925 549 requiritur,
949 465 1224 532 deliberatum
1240 483 1268 528 so

206 579 377 655 eertum,
421 573 476 641 sed
510 592 577 639 rem
614 591 682 638 esse
717 571 757 637 ed
802 571 1052 638 deliberandum
1097 570 1268 655 propositas.

207 683 341 749 Videtur
361 681 464 748 Cioero
486 680 660 762 scripsisse:
688 678 731 744 ld
761 680 865 745 enim
897 680 956 757 et,
995 679 1034 745 si
1065 682 1155 745 erst
1173 676 1270 745 delibo

193 792 292 857 natm
313 788 460 866 rationis,
493 790 625 854 tomen
657 787 769 852 obire
802 803 877 850 non
901 785 1027 869 potui
1053 833 1061 848 .
1086 833 1094 848 .
1120 832 1127 848 .
1151 831 1158 847 .
1180 833 1187 846 .
1208 788 1269 862 ,ot

207 898 343 979 plene,
373 892 470 977 quid
492 894 645 958 neotum
668 939 675 956 .
699 938 706 955 .
730 939 737 955 .
763 892 890 970 esset,
916 890 1090 958 diutius
1113 892 1271 976 eogitsoe

208 1001 342 1067 melui.
397 1000 517 1084 Neque,
550 999 576 1064 si
599 999 802 1065 deliberatum
824 995 867 1063 se'
882 997 1057 1065 deoretum
1080 999 1191 1063 fuisset
1209 1014 1270 1061 mere

208 1108 349 1185 transire,
371 1124 405 1171 ss
428 1104 512 1171 obire
534 1105 566 1170 id
589 1105 726 1189 potuisse
747 1103 852 1169 Cicero
879 1104 927 1169 ait
948 1124 1013 1171 nee
1036 1107 1166 1171 omniuo
1187 1103 1217 1168 id
1235 1103 1271 1166 de

207 1213 372 1277 liberatum
389 1211 483 1278 etiem
500 1215 568 1277 tum
584 1212 687 1289 fuisse,
710 1209 764 1274 sed
785 1209 817 1275 iu
839 1210 1022 1293 questione
1046 1232 1085 1278 ao
1103 1211 1271 1277 dubitatione

206 1316 354 1400 positum.
405 1318 503 1383 Paulo
518 1323 590 1384 ants
605 1321 639 1399 (β
656 1317 696 1394 l),
719 1316 773 1381 ubi
796 1314 915 1381 editur:
939 1320 984 1382 ut
1009 1337 1193 1384 sumeres
1212 1315 1271 1382 eli·

207 1423 303 1505 quid
334 1424 545 1506 temporis,
578 1441 651 1506 quo
684 1423 777 1506 quis
805 1422 883 1487 tibi
906 1421 970 1500 (Μ1
1006 1425 1117 1507 quod
1145 1423 1271 1490 tibist

207 1528 314 1613 quis)
336 1530 555 1614 perexiguo
577 1548 674 1613 opus
696 1531 773 1606 est,
808 1527 1014 1610 explicari
1052 1531 1155 1596 mibi
1184 1532 1271 1594 tuuno

208 1638 423 1702 eonsilium
446 1637 564 1720 plene
585 1635 693 1714 volo,
714 1653 839 1718 prorsus
860 1633 969 1717 inepta
991 1637 1047 1701 est
1070 1656 1175 1702 euusae
1194 1635 1270 1717 signi·

207 1742 311 1807 fiestio
349 1743 484 1827 (quis);
521 1742 715 1809 scribendum
747 1741 886 1807 videtur:
926 1760 1003 1824 quo
1044 1742 1129 1810 tibi
1167 1741 1270 1828 quiden

207 1848 426 1933 perexiguo
449 1867 545 1932 opus
567 1854 643 1927 est:
666 1847 863 1931 explicari
886 1847 1065 1930 <errim>
1089 1849 1190 1914 mihi
1210 1850 1255 1913 oet.

307 1989 387 2056 Ibid.
412 1991 451 2053 12
468 1991 556 2069 A,4:
581 1988 842 2070 Quamobrem
863 1989 1074 2070 plseitum
1097 1993 1163 2056 est
1182 1987 1268 2054 mibi.

207 2096 312 2161 altis
333 2096 450 2162 video
466 2097 499 2162 C.
516 2095 709 2163 Marcello
732 2095 940 2160 etoeteris
956 2096 1098 2162 nostri
1114 2093 1268 2166 ordinis,

208 2203 275 2284 qui
307 2202 373 2268 hio
406 2205 516 2282 sunt,
552 2204 596 2268 ut
628 2200 893 2267 Brundisium
926 2201 1121 2267 duoerem
1144 2205 1202 2268 oet
1237 2199 1269 2263 dr

207 2308 358 2390 corruptis
380 2308 495 2375 litteris
517 2309 636 2375 eruitur
657 2311 740 2374 cents
761 2306 994 2373 emendatione:
1020 2306 1267 2387 Quamobrem

206 2412 405 2495 plebitum
427 2418 490 2481 est
512 2414 624 2495 mihi,
641 2413 836 2481 adhibitos).
852 2413 1056 2479 Marcello
1074 2416 1134 2479 oet.
1169 2415 1267 2498 (glor

206 2519 405 2587 M'effieitur:
428 2522 580 2589 fuctum
602 2523 683 2600 est,
705 2519 970 2586 utDomitius
990 2521 1267 2604 implicaretur

206 2629 242 2692 et
263 2645 392 2712 neque
415 2676 423 2692 .
447 2675 455 2691 .
479 2675 486 2691 .
510 2675 518 2691 .
542 2646 670 2713 neque
693 2675 701 2691 .
724 2674 731 2690 .
755 2673 762 2689 .
787 2626 848 2705 .)*)

258 2895 286 2965 *)
304 2897 357 2968 Ep.
386 2896 429 2965 14,
456 2898 482 2965 3,
511 2898 558 2953 ubi
585 2898 615 2953 in
642 2899 671 2952 Μ
699 2899 740 2953 sie
766 2896 906 2952 scribitur:
940 2895 981 2951 de
1008 2897 1162 2953 Domitio
1188 2896 1266 2951 renis

305 2991 470 3059 eudimus,
494 2991 587 3048 modo
607 3008 681 3048 esse
700 2992 733 3046 in
752 2989 885 3045 Tiburti
909 2995 966 3044 aut
985 2990 1112 3061 Lepidi
1131 3006 1192 3060 quo
1210 3005 1265 3045 ouu

304 3085 451 3155 Lepidus
483 3085 674 3140 secessisse
706 3084 745 3140 ed
775 3082 900 3151 urbem,
928 3083 1018 3151 quod
1049 3085 1132 3142 item
1162 3085 1265 3141 telsunn

303 3177 400 3232 rideo
435 3192 521 3249 esse;
558 3179 607 3234 sit
641 3177 727 3233 euim
753 3176 901 3246 Lepidus
929 3182 991 3247 eet,
1020 3179 1184 3235 Ciceronem
1208 3178 1264 3232 duos

304 3286 428 3326 rumores
455 3271 542 3327 fuisos
571 3271 611 3326 sie
639 3272 712 3326 iuter
738 3285 768 3326 se
796 3285 962 3340 comparere,
992 3276 1024 3326 ut
1051 3272 1171 3328 alterum
1193 3267 1263 3327 bsud

304 3363 432 3434 lepide,
452 3365 568 3420 alterum
586 3364 736 3436 lepidius
753 3362 847 3418 fiotum
866 3363 949 3431 dicat,
968 3369 1034 3433 post
1052 3366 1168 3422 Bosium
1187 3365 1264 3434 plures

303 3455 435 3512 viderent.
484 3458 520 3512 Et
547 3459 635 3528 ipsum
661 3459 735 3513 buno
763 3457 791 3512 in
819 3456 957 3512 adverbiis
979 3457 1074 3512 lusum
1097 3466 1126 3516 et
1142 3454 1263 3514 scribendi

303 3565 411 3606 errores
429 3550 559 3620 (Lepidi
578 3592 584 3606 .
604 3592 611 3606 .
630 3550 790 3621 Lepidus)
818 3555 895 3605 ortos
923 3565 985 3606 esse
1014 3567 1049 3607 ex
1078 3568 1122 3621 eo,
1149 3548 1264 3622 quodid

275 3709 278 3717 .
302 3641 411 3697 Tiburti
428 3644 547 3713 Lepidi
567 3645 646 3712 (eius,
675 3645 722 3713 qui
748 3659 812 3699 mox
840 3642 951 3698 seriore
972 3643 1007 3700 de
1029 3644 1155 3701 Domitio
1178 3657 1264 3712 cogno

302 3735 396 3791 scendi
415 3742 511 3792 uuotor
529 3739 696 3806 nominetur,
713 3737 832 3792 hominis
853 3736 945 3792 Attico
959 3738 1029 3794 setis
1041 3740 1113 3809 noti)
1128 3736 1263 3794 Domitium

301 3844 362 3885 esse
381 3846 399 3885 s
417 3829 580 3898 quibusdam
599 3832 707 3887 nerreri
727 3832 823 3886 Cicero
848 3830 1012 3899 scripsisset,
1035 3832 1085 3888 alii
1107 3833 1182 3888 velut
1197 3830 1261 3885 Gne·

300 3922 361 3977 vius
380 3927 408 3977 et
425 3928 522 3979 nostro
539 3931 623 3980 aetate
643 3922 872 3993 Stuerenburgius
888 3924 1089 3982 intellexerunt
1102 3927 1262 3996 scripturam·

300 4029 354 4081 que
372 4031 465 4070 verum
484 4024 533 4072 sut
554 4034 627 4074 rerae
651 4017 804 4089 proximem
827 4015 987 4074 effecerunt:
1018 4020 1114 4076 modo
1141 4032 1211 4074 esse
1234 4015 1263 4068 in

299 4104 433 4162 Tiburti
443 4108 737 4180 <Lepidi>,hsud
755 4109 879 4181 lepide,
897 4112 1006 4181 modo,
1026 4129 1098 4169 cum
1115 4109 1265 4182 lepidius,
