2656 5056
460 110 491 167 L.
511 74 615 165 Seneca
633 110 770 179 Epistola.
1041 70 1101 173 505
1153 132 1165 150 ’λ
1257 104 1284 131 “’

75 328 198 375 onera
232 308 443 383 faciebant,
486 307 772 383 etlaboribus,
816 326 910 389 quos
948 275 1144 375 militares

73 432 229 499 quoque
258 413 435 502 pertulit
478 413 538 478 Hic
558 413 729 477 necessario
754 410 923 489 insistitur,
953 433 1008 479 nec
1040 416 1145 497 potest

73 538 160 585 nora
181 519 334 583 sententia
365 519 492 583 relativa
522 518 666 602 adiungi,
700 516 812 582 nedum
843 517 875 580 in
898 518 956 585 hac
978 519 1144 603 partitione

74 625 271 709 paupertatis
301 624 478 689 domesticis
505 624 646 688 oneribre
669 626 897 706 aggravatam
918 624 1057 689 laborum
1084 626 1143 689 mi-

72 731 148 799 litia
184 721 350 796 auctorum
394 729 486 795 rediri
518 729 550 792 in
584 729 681 793 altero
718 729 855 794 membro
891 730 930 795 ad
963 730 1140 797 domestica.

72 837 203 902 Novum
236 836 368 899 sumitur
396 835 535 899 initium:
579 833 726 914 Quibus
757 834 830 899 ille
863 835 961 900 domi
989 837 1143 901 exerei-

72 946 145 1007 tus
180 943 244 1006 est
279 942 350 1023 (boc
381 941 418 1004 in
454 938 539 1005 codd.
577 939 711 1017 excidit),
746 940 830 1005 sire
861 959 1020 1005 uxorem
1058 941 1141 1005 eius

76 1047 173 1125 (latet
199 1044 255 1109 sub
289 1046 378 1110 eius
406 1044 548 1108 verbum:
581 1045 665 1108 sive
702 1063 861 1109 uxorem
897 1045 1143 1107 meminimus

73 1155 132 1217 aut
154 1159 297 1234 spectes
319 1153 374 1215 aut
395 1149 518 1228 simile),
542 1150 719 1214 moribus
741 1149 884 1228 feram,
906 1151 1047 1234 lingua
1075 1168 1141 1233 pe·

72 1255 293 1333 tutantem,
322 1256 404 1321 sire
426 1255 569 1319 liberos
598 1253 797 1320 indociles
819 1256 857 1317 et
877 1255 993 1319 matri
1029 1274 1141 1339 quam

53 1361 186 1446 patri
223 1361 462 1426 similiores?
520 1361 601 1425 Huic
634 1360 672 1425 de
701 1360 879 1425 domesticis
910 1362 1141 1445 interrogationi

73 1471 110 1534 et
148 1467 363 1531 exclamationi
394 1466 580 1548 respondent
610 1466 674 1530 heco
707 1466 745 1530 de
781 1465 846 1530 vita
882 1468 967 1531 entra
998 1466 1140 1531 domum:

74 1573 197 1635 Foris
231 1593 321 1634 cero
357 1573 424 1639 aar
464 1572 501 1635 in
544 1570 655 1636 bello
695 1572 775 1637 fuit
818 1574 886 1637 ant
928 1571 966 1636 in
1003 1575 1142 1658 tyran·

72 1678 170 1743 nido
210 1683 275 1759 aut
310 1679 366 1741 cet.
411 1675 536 1742 Codices
568 1677 696 1742 habent:
732 1676 951 1743 similiores
982 1679 1015 1744 si
1051 1699 1142 1745 uere

72 1786 153 1849 aut.
198 1781 320 1846 Excidit
340 1782 433 1846 toris
456 1783 541 1860 (ior)
566 1786 635 1865 post
656 1801 766 1860 ores,
788 1783 894 1849 relicto
915 1785 949 1850 si
971 1787 1045 1865 (ist

163 1888 234 1980 llp.
272 1886 341 1963 105,
374 1886 394 1949 3
426 1887 469 1952 sic
501 1888 647 1953 scribitur
680 1889 712 1953 in
746 1890 790 1953 B:
846 1888 956 1973 Spem
992 1892 1143 1974 impro-

72 1997 210 2061 borum
234 1993 402 2071 vitabis,
436 1994 469 2057 si
502 1994 600 2057 nihil
632 1994 834 2071 habueris,
868 1997 966 2080 quod
989 1997 1142 2079 cupidi·

72 2102 200 2167 tatem
234 2100 401 2171 alienam
443 2099 482 2161 et
517 2099 733 2182 improbam
778 2101 930 2175 irritet,
968 2104 1002 2167 si
1035 2101 1141 2166 nihil

72 2204 480 2290 insignepossederis.
521 2205 876 2289 Concupiscuntur
898 2208 996 2271 enim
1022 2208 1141 2272 etiam

70 2331 168 2397 pars
213 2311 252 2375 in
316 2311 513 2376 notarium
568 2314 659 2375 suut
704 2311 766 2379 sic
811 2327 898 2376 raro
947 2314 1140 2379 invidiam

72 2417 268 2501 effugies,
304 2417 338 2481 si
359 2419 398 2481 te
419 2435 488 2480 non
517 2416 904 2499 ingesserisoculis
940 2421 997 2483 cet.
1041 2421 1140 2502 Atque

70 2527 131 2592 sic
164 2542 252 2587 raro
285 2523 378 2587 etiam
409 2523 440 2586 in
474 2521 586 2587 ceteris
607 2521 762 2586 codicibus
795 2524 857 2597 eat;
890 2541 943 2604 pro
966 2523 1028 2588 illis
1050 2544 1139 2606 pars

69 2633 111 2695 in
134 2629 335 2694 notarium
354 2629 416 2693 fere
430 2627 627 2692 substituitur
641 2628 672 2691 in
685 2626 838 2692 codicibus
849 2628 1053 2710 interpolatis,
1063 2648 1138 2712 quos

70 2736 222 2802 editiones
243 2735 418 2817 sequuntur,
448 2734 482 2797 si
503 2751 635 2816 parum
662 2735 769 2808 nota;
784 2735 851 2797 tum
873 2735 942 2816 post
956 2736 1141 2817 coucupi-

71 2843 236 2909 scnntnr
247 2841 344 2904 enim
358 2835 845 2923 interponiturinsignia‚nnlla
856 2840 1018 2904 sententia.
1032 2841 1139 2905 Haasii

66 2949 219 3012 'conatum
235 2944 353 3009 omitto.
401 2944 575 3010 Constituto
586 2946 730 3026 primum,
743 2964 852 3010 noram
866 2947 1051 3011 sententiam
1064 2946 1139 3010 inci·

68 3072 142 3137 pere
163 3051 202 3115 ab
223 3051 289 3115 his:
333 3048 532 3113 Invidiam
554 3050 727 3134 eflugies
749 3054 818 3127 oet,
854 3070 924 3134 ¹quse
949 3051 1134 3132 respoudeat

69 3154 279 3239 superioribus
310 3153 388 3218 illie:
430 3153 542 3235 Spem
581 3155 855 3237 improborum
890 3157 1061 3229 vitabis,
1104 3175 1139 3220 ex

69 3263 134 3328 illis
157 3260 296 3344 vestigiis
319 3259 453 3324 edicitur
474 3259 564 3323 facile
585 3263 618 3323 et
639 3261 812 3343 perspicue:
842 3261 1138 3343 Concupiscun-

69 3374 133 3433 tur
177 3365 281 3456 enim
304 3365 445 3438 *etiam
493 3385 633 3448 paruo,
667 3366 698 3430 si
731 3365 926 3429 notabilia
958 3370 1068 3439 sunt,
1106 3366 1141 3427 ai

69 3491 174 3532 rara.
219 3452 505 3535 ln'vidiamcet.

173 3575 496 3657 Ep.106‚·let=2:
546 3576 649 3654 Quid
682 3577 886 3661 ergofuit,
921 3595 1041 3659 qnare
1064 3593 1138 3639 non

69 3677 258 3764 protinus
296 3681 566 3748 rescriberem
612 3682 665 3758 ei,
711 3682 756 3747 de
792 3700 865 3766 qno
908 3681 1139 3765 quaerebast

68 3787 272 3851 Veniebat
307 3788 345 3851 in
376 3788 609 3852 contextum
636 3787 772 3868 operis
800 3788 895 3862 meir
924 3789 1005 3853 seis
1036 3787 1138 3851 enim

67 3897 127 3956 cet.
184 3891 253 3957 Non
286 3891 463 3956 rescribitur
498 3892 642 3975 quaesito,
684 3892 738 3956 sed
776 3892 813 3956 de
848 3893 984 3977 quesito.
1040 3891 1137 3956 Scrib.
