2662 5046
256 110 318 175 266
401 194 406 203 .
614 105 676 165 Lib.
694 109 905 180 v11.c⁸p.111.

215 313 282 383 tur,
313 308 534 386 admonebunt,
565 308 650 374 brevi
681 326 804 390 aequum
834 307 936 372 locum
974 304 1082 373 mmm
1116 308 1174 387 iri,
1211 327 1284 374 eum

214 413 361 479 Afranius
403 432 440 480 ex
480 432 525 493 eo,
566 430 658 496 quem
700 432 782 480 nunc
824 413 954 486 teneret,
996 410 1153 479 discedere
1190 432 1285 498 coge·

214 521 309 584 retur.

315 657 383 723 lbd.
417 657 474 722 74:
531 657 685 723 Deinde
718 658 974 741 imperatoris
1007 655 1132 721 fidem
1172 674 1284 740 quae-

215 765 323 836 runt,
345 765 510 828 rectene
533 782 574 828 se
595 763 662 828 ilii
691 764 773 828 sint
794 762 1046 828 commissuri.
1104 761 1173 826 Nou
1198 780 1284 845 quae·

216 871 289 934 runt
309 869 526 953 requimntqne
551 868 654 944 fidem,
688 868 892 952 qussidesit,
924 869 978 933 sed
1000 866 1100 951 quadis
1120 868 1170 940 sit.
1195 887 1281 951 quae·

216 975 297 1037 runt
353 973 547 1040 dominanda
576 973 696 1057 syllaba
724 974 791 1037 est:
835 973 994 1039 Deinde
1027 974 1069 1035 de
1099 974 1282 1056 impers-

215 1079 314 1145 toris
340 1079 429 1164 fide
461 1080 647 1162 quaerunt.
690 1079 909 1144 Intellexemnt
928 1080 988 1145 hoo
1007 1080 1070 1145 iam
1096 1079 1282 1147 ciacconius

216 1182 406 1267 stScnligsr,
428 1202 485 1248 nec
504 1184 610 1249 tumen
632 1183 697 1248 haec
717 1184 841 1248 nominc
862 1184 1003 1263 editores,
1026 1187 1061 1248 ut
1071 1185 1280 1264 attenderent,

216 1289 385 1352 moverunt

316 1427 383 1491 Ibd.
421 1427 476 1493 79:
519 1427 613 1494 Num
644 1429 795 1493 tentum
835 1429 879 1494 ab
916 1429 1089 1512 equitum
1121 1447 1280 1494 suorum

216 1531 376 1598 auxiliis
420 1534 601 1609 aberunt,
644 1552 800 1617 quorum
844 1554 1041 1600 numerum
1083 1528 1313 1600 habebant·

216 1655 407 1719 magnum,
439 1642 480 1703 nt
622 1635 728 1704 'ultro
761 1659 827 1706 cos
854 1641 1065 1706 tuerentur.
1118 1639 1204 1706 Usus
1236 1641 1280 1706 io·

217 1740 337 1823 qucudi*
351 1743 542 1807 certissimus
565 1745 703 1826 postulat
724 1743 871 1809 cosilio
893 1748 939 1825 (ut
954 1744 1067 1830 aliquid
1086 1747 1125 1812 ab
1146 1747 1186 1811 iis
1209 1765 1281 1810 aux·

216 1846 261 1910 ilii
288 1847 464 1927 habereut);
497 1847 528 1912 id
560 1850 693 1915 oscitans
726 1850 871 1916 librarius
905 1851 1038 1917 mutavit
1068 1853 1107 1918 ob
1151 1870 1280 1936 sequeus

217 1972 383 2036 quorum.

313 2091 383 2160 Ibd.
406 2094 461 2158 81:
485 2095 567 2159 tots
588 2097 704 2159 noete
726 2096 966 2163 munitiones
988 2097 1201 2179 proferunt
1223 2115 1281 2162 cs·

88 2228 89 2232 ¹
160 2250 167 2266 .
215 2200 376 2295 otiaque
410 2201 555 2265 cestris
587 2201 835 2269 convertunt.
888 2202 999 2270 Castra
1019 2201 1129 2266 castris
1151 2218 1279 2266 conver-

214 2304 278 2371 tere
300 2306 373 2388 quid
395 2307 452 2387 sit,
489 2325 588 2391 nsque
618 2308 757 2392 exemplo
778 2309 841 2375 ullo
864 2309 1009 2377 docemur
1030 2324 1187 2390 nequem
1210 2308 1279 2390 ipss

215 2411 300 2476 verbi
326 2412 436 2479 natura
459 2415 491 2479 et
510 2431 568 2478 usu
589 2412 762 2497 intelligere
796 2433 937 2499 possum;
969 2415 1101 2478 eastra
1133 2413 1283 2477 castris

216 2515 391 2598 conferre
422 2519 460 2584 dc
482 2537 527 2595 co,
560 2519 639 2602 quod
661 2519 692 2583 h.
714 2517 735 2584 l.
758 2521 863 2601 aperte
884 2519 1084 2603 significatur,
1117 2519 1150 2585 et
1172 2518 1279 2584 Cicero

215 2622 247 2685 st
259 2621 364 2690 livius
376 2623 484 2705 etipse
496 2622 599 2689 Ossnr
610 2624 652 2701 (b.
662 2625 720 2689 civ.
733 2624 789 2698 ΙΙΙ,
803 2624 855 2702 79)
867 2628 899 2692 et
910 2625 1030 2690 Hirtius
1042 2623 1083 2694 (b.
1097 2622 1134 2690 G.
1147 2624 1236 2699 vlu,
1250 2623 1284 2707 9)

214 2724 363 2807 dixemut
384 2728 477 2812 idque
490 2730 615 2794 verbum
628 2730 679 2794 hic
701 2748 821 2813 qusque
842 2729 992 2796 sOaesnre
1013 2725 1147 2811 positum
1169 2729 1284 2808 iudice,

214 2832 274 2897 etsi
285 2834 420 2914 proxime
432 2833 798 2917 praeceditproferuut.
817 2835 885 2919 [Sic
897 2833 1104 2918 ciacconius]
1121 2833 1284 2918 Sequitur:

214 2936 290 3005 Sed
310 2942 493 3022 quantum
515 2958 626 3022 opere
661 2942 936 3021 processerant
966 2943 1004 3004 et
1033 2942 1165 3006 castra
1185 2961 1283 3024 pro-

213 3043 399 3120 tulerant,
421 3047 533 3110 tanto
555 3046 718 3110 aberent
739 3047 785 3111 ab
806 3065 906 3131 aquo
925 3046 1105 3130 longius,
1127 3050 1166 3111 st
1187 3066 1284 3130 prae-

213 3149 313 3214 senti
345 3151 441 3215 malo
474 3149 564 3215 aliis
603 3152 714 3217 malis
749 3152 916 3217 remedia
937 3152 1137 3217 dabantur.
1194 3151 1283 3216 Adeo

212 3251 288 3318 durs
310 3255 481 3321 subiectum
496 3256 642 3321 mutatur
675 3275 805 3340 eumque
827 3257 866 3322 ds
887 3258 954 3340 ipso
980 3257 1144 3322 homiuum
1167 3261 1283 3324 conatu

213 3357 365 3422 iudicetur
377 3357 496 3438 (κακόν
519 3373 635 3433 κακοῖς
657 3363 782 3445 ἰῶντο),
795 3365 915 3446 passive
926 3363 1046 3440 dicitur,
1059 3361 1197 3446 adeoque
1208 3383 1283 3447 prs-

213 3481 286 3527 rum
310 3465 357 3528 est
387 3466 556 3532 remedia
591 3467 679 3532 darc
702 3468 800 3533 malo
821 3469 946 3545 melis,
984 3470 1020 3534 ut
1052 3469 1102 3534 vix
1128 3467 1280 3545 dubitem,

214 3567 286 3650 quin
322 3569 425 3637 Caessr
460 3572 771 3636 remediabantuc
815 3575 988 3660 scripserit,
1036 3591 1095 3659 quo
1128 3574 1222 3640 verbo
1256 3575 1288 3640 si

212 3694 282 3740 eum
320 3675 367 3741 uti
398 3678 535 3759 potuisse
571 3698 632 3744 non
668 3678 834 3759 crederem,
866 3679 1024 3767 qnoniam·
1045 3680 1128 3763 apud
1164 3680 1286 3746 infimae

210 3779 338 3847 demum
359 3783 461 3849 aetctis
483 3784 647 3868 scriptores
674 3784 832 3868 reperitur,
866 3783 996 3867 abipso
1027 3785 1295 3864 madebuntnu
