2656 5056
245 271 304 333 m
602 263 883 334 mem

201 465 351 541 teutia3
385 466 431 531 de
462 463 555 530 illis
584 465 717 529 autem
747 482 825 529 non
846 463 1049 529 arbitror
1072 467 1111 530 te
1131 480 1256 543 exspec-

201 570 616 655 tare,quidseotiam.
650 567 960 647 Pronomenillis,
978 589 1046 654 qno
1061 569 1257 641 reseraturum

203 679 298 744 habet
330 684 571 754 (communes
603 674 781 741 miserie
812 675 957 760 intelligi
995 676 1052 742 hic
1084 676 1166 740 nullo
1196 673 1259 737 uolo
1299 697 1300 700 ¹

203 787 354 866 possunt).
397 781 461 848 Sor.
485 781 530 846 de
552 779 637 847 aliis.
682 783 716 846 ln
738 782 830 847 nnius
844 781 987 848 Caesaris
1004 778 1258 848 voluntatemne
1301 845 1302 848 ,

204 890 303 972 posita
324 907 391 954 esse
406 886 512 952 Cicero
534 886 621 965 dicit,
643 886 682 952 de
704 887 818 953 ceteris
839 888 959 954 inutile
985 907 1062 954 esse
1084 889 1189 953 dicere
1215 884 1259 965 [dc

203 997 267 1061 iam
289 994 459 1059 Ernestius.
504 991 530 1059 0
554 992 707 1059 editomm
728 993 962 1078 negligentiam
973 998 1001 1075 l]

307 1100 384 1165 lbid.
409 1099 430 1183 ξ
451 1098 486 1163 3:
509 1097 719 1182 Equidem,
749 1116 817 1163 nos
847 1101 957 1182 qnod
984 1102 1123 1167 Romae
1143 1116 1261 1167 sumus.

204 1204 475 1272 miserrimum
497 1223 587 1269 esse
608 1205 715 1270 duco.
758 1203 860 1269 Codex
877 1204 970 1271 Med.
996 1207 1075 1289 qni
1096 1211 1129 1271 et
1149 1206 1262 1270 miser·

206 1313 313 1377 rimo.
347 1310 429 1376 Sere
451 1328 540 1388 uos,
563 1310 630 1392 qui
652 1310 778 1376 Romae
800 1329 949 1388 sumus,
973 1313 1181 1379 miserrimos
1200 1326 1262 1373 esso

205 1419 314 1482 duco.
358 1414 454 1482 Suam
476 1415 635 1481 miseriam
654 1417 825 1482 meream
839 1416 971 1482 miseria
986 1419 1171 1502 graviorem
1184 1415 1265 1480 uero

204 1523 303 1606 putat.
1103 1578 1107 1586 .

307 1626 495 1706 lbid.10,5:
517 1646 605 1693 nam
626 1630 665 1693 et
686 1628 790 1712 ipse,
805 1628 873 1712 qui
894 1628 1131 1710 plurimum
1151 1630 1266 1712 potest

206 1733 392 1817 quotidie
416 1732 513 1798 milri
536 1734 671 1799 delabi
693 1733 739 1798 ad
762 1736 1006 1817 aequitatem
1031 1738 1076 1801 et
1095 1737 1145 1802 ad
1167 1751 1267 1802 roruu

204 1842 388 1904 naturam
408 1838 586 1916 ridetur,
619 1841 658 1904 et
685 1841 774 1921 ipsa
802 1858 924 1905 causa
955 1860 1001 1906 ea
1034 1846 1119 1916 est,
1150 1840 1267 1907 alian

204 1945 324 2011 simul
346 1963 430 2010 eum
453 1963 492 2009 re
513 1943 1031 2027 publica....uecessario
1053 1947 1268 2014 revirescat

205 2056 325 2136 atque
339 2053 548 2116 recreetur
562 2052 620 2116 cet.
639 2050 720 2130 Quid
732 2053 789 2118 hoc
798 2054 847 2118 est
857 2054 1002 2131 monstri,
1011 2053 1173 2121 Caesarem
1184 2051 1266 2118 delati

204 2158 243 2222 ad
265 2176 367 2223 rerum
387 2158 540 2235 naturam,
563 2157 652 2240 quasi
674 2157 819 2223 hactenus
841 2160 928 2224 extra
951 2178 1025 2224 eam
1049 2162 1183 2244 eiusque
1196 2159 1266 2241 lege

203 2263 323 2346 positus
344 2262 459 2329 fuerit?
500 2263 702 2329 Scribeudum
724 2266 789 2328 est:
812 2263 947 2330 delabi
971 2266 1020 2330 ad
1045 2267 1267 2351 aequitatem

204 2368 243 2433 et
274 2367 321 2433 ad
354 2386 466 2436 verum
498 2371 619 2438 natura
649 2368 823 2435 videtur.
876 2370 953 2436 Haeo
983 2372 1161 2455 inclinatio,
1189 2387 1266 2455 quau

203 2473 301 2558 ipsius
322 2473 452 2541 Caesaris
469 2479 577 2541 natura
593 2477 697 2553 efficit,
716 2476 910 2561 coniungitur
924 2495 998 2543 eum
1015 2497 1123 2544 cause
1137 2473 1266 2544 Tnebirui

202 2581 396 2648 necessitate.

302 2686 380 2753 Ibid.
406 2687 476 2765 Vll,
501 2690 528 2765 l,
553 2691 587 2753 l:
611 2690 746 2773 Neque
768 2694 900 2753 tamen
930 2689 1096 2767 dubito,
1121 2690 1212 2774 quin
1230 2692 1264 2751 to

80 2803 83 2807 ’
202 2795 240 2860 in
263 2793 336 2858 illo
358 2790 548 2859 cubiculo
570 2795 655 2874 tuo,
678 2814 720 2860 er
741 2814 814 2879 quo
836 2793 1260 2876 tibiStabianumper·

200 2899 350 2966 forasti
383 2899 422 2963 et
452 2900 695 2980 patefecisti
727 2900 941 2976 Misenum,
979 2919 1051 2982 per
1091 2920 1159 2967 eos
1189 2900 1259 2964 dies

199 3006 404 3072 matutina
434 3011 616 3089 tempora
645 3005 918 3072 lectiunculis
947 3006 1261 3089 consumpseris,

198 3130 282 3178 cum
305 3111 373 3176 illi
395 3113 569 3192 interea,
594 3114 658 3196 qui
681 3115 718 3177 te
740 3111 838 3177 istic
859 3111 1145 3195 reliquerunt,
1164 3128 1257 3194 spec·

197 3220 334 3282 tarent
366 3218 584 3284 communie
615 3220 754 3283 mimos
783 3217 1029 3283 semisomni.
1082 3219 1146 3297 Qui
1168 3235 1259 3283 com·

197 3342 333 3389 munes
364 3323 453 3389 mimi
481 3323 553 3399 sint,
586 3342 712 3406 prorsus
733 3323 842 3398 nescio,
863 3340 900 3388 ac
920 3341 960 3387 ue
982 3324 1011 3388 si
1033 3325 1181 3409 vulgares
1200 3321 1255 3405 qui·

196 3430 267 3496 dem
297 3433 330 3495 et
358 3429 487 3494 obsoleti
515 3429 700 3508 dicerentur,
731 3430 806 3514 qnid
835 3447 870 3494 ea
898 3428 1087 3512 significatio
1121 3431 1161 3494 ed
1186 3429 1254 3492 huuc

195 3536 299 3602 locum
334 3535 509 3619 pertineret,
543 3536 761 3622 intelligerem.
816 3535 887 3601 Sine
918 3535 1010 3601 dubio
1041 3535 1151 3601 Cicero
1172 3532 1256 3622 scrip

194 3643 292 3706 serat:
315 3641 552 3725 spectarent
570 3641 743 3709 comminus
762 3641 911 3724 mimos.
945 3642 1165 3724 Spectaculum
1180 3656 1256 3705 com·-

194 3745 296 3837 minus
324 3745 420 3811 oculis
447 3746 622 3812 subiectum
650 3748 759 3813 ludens
787 3746 891 3812 Cicero
920 3749 1080 3830 comparat
1102 3767 1174 3813 cnm
1192 3763 1253 3830 pro·

192 3852 299 3933 spectu
315 3846 495 3938 'longinquo
525 3872 712 3919 auroenorum
740 3853 888 3930 locomm,
922 3871 1015 3937 quem
1051 3853 1112 3919 sibi
1148 3848 1254 3917 Marius

192 3973 208 4019 e
230 3956 371 4022 cubiculo
392 3957 562 4040 parauerat
1121 3974 1126 3976 ’

293 4072 370 4137 lbid.
395 4046 1254 4164 13,1:3Adeonemeiniustumesseeristi·
