2656 5056
386 208 389 214 .
424 174 513 228 ⁹⁴2¹
534 175 571 218 ,ι’
749 172 815 226 μ,

16 242 22 253 “
82 263 109 315 .·
239 257 347 335 ose
382 250 388 259 ·
424 309 428 315 ⁴
595 244 873 329 nntvnnupur.
907 312 937 355 ὦ

1202 349 1224 388 ’plu

299 431 364 522 noi.
407 454 450 517 ou
495 452 546 528 <oe
596 402 777 534 procursu·
823 448 1023 533 nasum
1075 404 1262 549 capitoni

59 524 85 596 ’ἢ
200 581 360 632 examen
410 559 539 646 epium
590 556 749 622 insedit.
803 555 1024 622 niformes
1078 556 1262 623 hominnm

200 673 350 755 pertus,
390 669 428 731 et
468 664 549 729 suis
589 660 711 727 toturn
746 661 937 727 ediditum
972 663 1054 739 (edd.
1090 647 1262 738 editum),

201 776 262 840 oui
285 772 516 856 accipitrum
538 787 687 852 ungnes
709 768 897 833 inessent.
942 767 1054 852 Neque
1076 770 1263 835 ecmsetious

200 901 269 947 cum
291 878 441 945 infinitivo
475 876 548 940 ferri
572 877 672 958 potest
694 876 726 938 et
747 874 896 939 violenter
917 876 959 939 fit·
984 876 1097 940 fetus
1129 873 1262 938 editus.

201 985 401 1054 Scribendnm
435 982 624 1045 monstrante
652 982 764 1046 indicio
786 981 917 1045 codicis:
955 982 993 1045 et
1027 980 1119 1045 suis
1149 979 1264 1043 setun

201 1093 343 1158 editum
365 1087 760 1164 concecedentes),
783 1087 861 1160 cui,
882 1087 941 1154 eet.
984 1085 1049 1151 Cir.
1074 1087 1100 1161 Ι,
1140 1085 1200 1148 28:
1232 1086 1265 1147 et

200 1202 403 1282 postquem
426 1197 517 1259 ortae
539 1195 655 1258 nubes
677 1191 1262 1274 offecereoisuioreditnmque

201 1301 395 1369 conditum
425 1300 556 1380 (lunum)
587 1300 779 1374 tenebr›is;
812 1299 866 1378 IV,
900 1299 957 1362 55:
1002 1299 1264 1380 Pergamenos

326 1405 425 1471 satis
467 1405 629 1488 adeptos
672 1405 879 1469 creditum.
945 1406 999 1469 An
1040 1403 1190 1469 editum
1228 1402 1263 1466 ad

202 1512 396 1578 creditum
433 1511 538 1576 oculus
573 1511 726 1577 coenavit
766 1516 797 1576 et
832 1529 869 1576 en
904 1510 1020 1575 duobus
1058 1529 1160 1575 unum
1194 1529 1263 1574 con·

201 1619 307 1684 fletum
332 1619 388 1683 est.
478 1674 479 1679 ,
578 1663 579 1669 1
1204 1674 1206 1677 ,

302 1723 367 1788 lbd.
397 1722 453 1788 *652
472 1724 610 1804 recepto,
623 1714 723 1804 'zquod
745 1722 902 1787 Ferrarius
935 1725 966 1786 et
997 1722 1053 1786 clii
1074 1723 1263 1795 invenerunt,

203 1829 340 1892 metum
374 1848 428 1911 pro
471 1828 672 1900 meritum,
708 1828 790 1893 locus
825 1828 869 1894 sic
904 1829 1173 1911 interpungendus
1205 1832 1262 1893 est:

203 1935 428 2001 Convictenn
450 1934 702 2002 Messalinum
735 1939 773 1999 et
793 1934 950 2009 Siliurn3
978 1952 1099 2015 peres
1121 1935 1262 1999 iterun

203 2041 414 2108 accusandi
435 2059 572 2108 causas
605 2057 708 2118 esse,
736 2038 770 2104 si
790 2037 895 2104 Nero
916 2040 1184 2121 imperitaret
1204 2041 1264 2118 (hoc

204 2150 261 2221 est,
284 2148 310 2212 si
333 2147 362 2212 ei
382 2147 533 2213 successio
556 2145 680 2211 deretur
711 2164 781 2210 cum
804 2165 924 2211 summo
945 2145 1094 2229 periculo,
1118 2166 1158 2210 ne
1180 2146 1261 2211 cleu·

205 2250 255 2316 dio
277 2270 359 2317 mors
391 2253 609 2331 festinaretur);
642 2251 870 2316 Britannico
905 2270 1141 2317 successore
1182 2252 1262 2317 nul·

206 2359 282 2425 lum
316 2357 483 2441 principi
506 2358 677 2431 'metum3
722 2358 760 2420 et
797 2373 969 2422 noveroae
1002 2356 1170 2424 insidiis
1203 2360 1261 2423 do·

206 2481 303 2530 mum
358 2482 504 2529 omnem
550 2463 738 2530 convelli.
802 2463 854 2528 Sic
893 2463 975 2527 nihil
1027 2464 1112 2537 „lere
1163 2466 1262 2548 despo-

207 2570 284 2634 rati‘
309 2573 364 2634 est.
869 2595 871 2622 ι

306 2675 373 2740 Lib.
397 2674 489 2751 ΧΙΙΙ,
522 2674 561 2739 26
595 2676 658 2755 (ubi
676 2676 840 2757 exponitur
861 2676 1043 2742 deliberatio
1064 2676 1104 2741 de
1127 2675 1260 2760 poenein

149 2788 154 2799 “
205 2782 330 2847 libertos
352 2777 440 2847 mule
453 2782 577 2850 meritos
600 2782 788 2854 statuendeo:
822 2783 1054 2864 quibusdam
1086 2784 1262 2848 coalitam

204 2889 400 2954 libertate
432 2887 751 2953 inreverentiamx
776 2888 1077 2973 coprorupisse
1099 2890 1263 2968 fremen-

78 3024 85 3041 ·
205 2994 325 3070 tibus,
346 2996 396 3069 ut,
418 2994 865 3085 vineisiollrnestiusetelii;
882 2993 1147 3069 cod.=om.·ut)an
1164 3011 1263 3079 aeqruo

206 3100 498 3181 ouonputrouis
524 3099 608 3170 iure
639 3104 824 3184 agerent,
855 3099 1104 3165 sententium
1142 3119 1262 3166 corun

206 3204 483 3271 consultarent
525 3205 592 3280 (hoo
623 3209 703 3283 sest,
757 3207 885 3290 superbe
933 3205 1068 3289 petronis
1113 3208 1263 3288 optionem

204 3310 358 3388 fecerent,
392 3312 496 3375 utrum
527 3312 558 3376 oi
589 3329 693 3376 secum
725 3311 852 3378 libertos
883 3331 975 3396 ogere
1003 3331 1042 3376 en
1072 3331 1169 3397 nque
1203 3315 1262 3378 iuro

205 3413 346 3496 mellent)
382 3435 426 3481 ec
447 3417 673 3482 verberibus
702 3436 832 3482 monus
856 3418 962 3483 ultro
983 3418 1262 3497 intenderent,

205 3520 359 3605 impuno
379 3523 437 3600 (sic
463 3540 567 3606 mergo
590 3521 705 3607 Gryph.
727 3542 781 3606 pro
802 3524 1010 3609 impulere)
1034 3527 1096 3590 vel
1118 3547 1260 3610 poeusnr

205 3644 322 3691 suem·
363 3626 654 3693 dissuadentes.
723 3628 828 3709 Quid
874 3631 976 3695 enim
1020 3632 1127 3698 aliud
1169 3635 1258 3699 laeso

205 3734 371 3815 patrono
400 3744 630 3798 conoessum
662 3737 719 3800 oet.
766 3735 829 3798 Pro
852 3730 1151 3816 dissuadentes,
1184 3738 1260 3824 'quod

204 3855 303 3920 nequo
320 3837 358 3901 sd
380 3841 512 3903 ceterum
535 3839 711 3905 libertorum
730 3824 914 3934 ‘protervam'
929 3844 1146 3909 contumeliam
1160 3850 1259 3930 aptum

205 3944 369 4027 estusque
391 3941 429 4019 ad
451 3943 498 4024 id,
532 3944 611 4030 quod
644 3941 822 4027 subiicitur,
855 3950 963 4031 opinor
983 3951 1131 4034 seriptum
1154 3952 1258 4017 fuisso:

204 4064 488 4128 poensmsusm
525 4052 609 4134 ipsi
645 4035 864 4119 suadentes.
928 4056 1056 4121 Poeuenn
1093 4056 1199 4124 ¹lovem
1231 4058 1258 4119 ot
