2626 5070
12 1176 14 1215 l

419 686 442 741 L
469 686 559 743 Senes.
578 686 612 741 sd
630 686 767 766 Murciam.
1025 687 1087 751 363
1161 648 1167 665 e

12 865 15 885 ³
104 877 248 951 sublatus
283 884 388 949 inter
426 883 563 948 felices
607 887 730 952 currit
772 887 937 965 animum
981 888 1126 971 exeipit

101 980 182 1053 illum
202 994 315 1056 cotue
338 1008 462 1066 secer,
495 989 696 1072 Scipiones
718 991 976 1075 Catonesque,
998 993 1128 1058 inter·

5 1135 6 1138 ,
101 1105 151 1168 que
168 1097 447 1178 contemptores
468 1095 558 1160 vitae
590 1097 627 1162 et
652 1096 786 1161 mortis
808 1096 1003 1163 beneficio
1024 1097 1124 1163 libe·

12 1226 14 1252 1
97 1209 140 1261 ros
157 1200 218 1277 (hoo
240 1205 289 1266 est
308 1202 390 1267 inter
411 1203 547 1278 ceteros,
579 1202 631 1285 qui
665 1221 698 1267 se
720 1200 874 1267 moriendo
894 1203 926 1267 in
946 1202 1122 1268 libertatem

11 1347 15 1400 ξ
95 1298 309 1384 inoleverunt)
337 1326 477 1389 putens
509 1308 614 1384 tuus,
646 1307 808 1380 Marcium
840 1305 908 1369 ille
941 1308 984 1386 (A
1008 1310 1023 1369 1
1047 1307 1126 1382 illi,

91 1406 191 1479 liet
211 1413 283 1478 inde
305 1413 399 1478 ceteri
430 1412 528 1488 illic)
560 1416 739 1496 nepotem
766 1431 872 1477 suum
998 1412 1125 1495 sppli-

10 1511 11 1514 ’
90 1519 136 1580 oct
153 1518 247 1596 sibi,
271 1522 330 1585 oet.
386 1518 542 1595 (Extremo
568 1518 668 1601 oepitc
692 1536 728 1583 cx
749 1517 814 1582 his:
836 1516 1019 1582 tramites
1041 1536 1124 1583 om·

85 1617 165 1687 nium
186 1624 307 1708 plane
330 1626 369 1689 et
400 1642 442 1689 er
464 1623 576 1690 facili
606 1623 767 1688 mobiles
790 1623 829 1687 et
857 1621 1030 1704 expediti
1053 1627 1122 1702 cet,

80 1728 165 1793 nocio
187 1749 226 1794 an
256 1728 430 1796 faciendum
452 1730 510 1795 sit:
544 1729 723 1794 tramites
745 1731 869 1790 omnio
894 1737 928 1790 ct
949 1727 1064 1809 plenu
1085 1732 1125 1794 et
1221 1717 1222 1722 ἵ

79 1844 112 1894 ex
129 1834 242 1900 facili
264 1835 426 1901 mobiles
448 1838 484 1900 et
514 1833 688 1916 expediti
721 1836 787 1911 cet,
819 1835 862 1897 nt.
881 1833 913 1898 et
933 1833 1002 1899 loon
1023 1834 1123 1900 motui

74 1938 165 2016 perna
187 1942 221 2004 et
240 1940 336 2005 animi
357 1941 417 2022 ipsi
436 1940 535 2005 motui
556 1941 619 2023 opti
641 1939 873 2023 significentur.)

160 2045 310 2110 liniendo
331 2045 379 2111 est
399 2045 488 2110 huius
509 2045 607 2112 libelli
628 2044 824 2130 perlustratio
846 2044 877 2106 in
889 2043 1112 2125 suspicionibus

70 2149 163 2217 minus
190 2152 291 2218 certis.
347 2149 428 2215 Num
458 2170 483 2216 o.
506 2151 557 2231 26,
590 2150 610 2213 3
637 2151 764 2215 abiectis
799 2147 948 2222 ludibriis,
978 2167 1045 2231 quse
1073 2168 1114 2235 ex

67 2257 199 2341 margine
233 2258 344 2322 codicis
375 2259 404 2321 A
435 2257 468 2321 iu
504 2250 620 2322 ceteros
655 2256 773 2322 codices
794 2255 991 2328 transierunt,
1013 2273 1134 2337 verum¹

66 2379 96 2425 ex
115 2362 164 2429 his
187 2362 274 2440 solis,
297 2382 363 2446 quae
385 2362 444 2428 ille'
458 2364 490 2428 in
512 2362 618 2428 ordine
632 2362 801 2444 perscripta
822 2361 926 2437 habet,
948 2361 1115 2427 eruendum

66 2470 122 2532 cst:
146 2471 185 2532 et
207 2467 290 2533 cibo
311 2468 531 2552 prohibitus
552 2469 705 2534 ostendi
727 2477 837 2551 qnam
858 2467 971 2531 uibar
993 2467 1119 2532 unimo

63 2573 283 2656 scripsisse.
328 2574 435 2639 Potest
456 2574 597 2639 subesse:
621 2572 789 2663 ostendi,
811 2571 926 2656 quali
944 2571 1117 2647 videbar,

62 2679 185 2744 animo
208 2682 310 2757 (met)
341 2678 565 2762 scripsisse,
592 2679 650 2745 bon
671 2683 728 2760 est,
760 2697 832 2743 nere
863 2676 971 2754 libero,
992 2677 1116 2759 qualem

61 2782 197 2849 homines
219 2785 349 2868 legendo
370 2785 576 2865 crediderant„
619 2785 807 2863 (Videbar
836 2783 951 2848 Hnosio
976 2783 1115 2858 debetur,

60 2888 147 2975 longe
169 2891 264 2956 aliem
286 2891 472 2956 sententium
493 2891 642 2974 sequenti.
699 2891 819 2955 Vivnx
845 2888 922 2953 nibil
956 2887 1120 2973 significet,

62 2996 138 3078 quod
169 2996 204 3060 in
235 2996 317 3061 huno
349 2996 452 3061 locum
480 2999 550 3078 apte
572 2997 770 3070 includatur.)
823 2995 904 3060 Tum
926 2997 946 3076 ξ
968 2994 987 3057 5
1009 2994 1118 3061 edmo-

61 3101 128 3169 dnm
152 3103 285 3179 nubitu-
301 3100 532 3167 Gremutiumne
553 3102 696 3179 Cordum,
727 3103 781 3185 qui
805 3119 855 3166 res
879 3101 1034 3166 Romanos
1064 3117 1116 3163 ex·

60 3209 163 3275 tremae
186 3206 359 3291 reipublice
381 3207 413 3271 et
432 3199 567 3286 incuntis
589 3209 778 3292 principatus
800 3207 975 3288 scripserat,
995 3205 1113 3270 Seneca

61 3313 211 3381 dicentem
244 3312 361 3389 fecerit,
394 3331 427 3378 se
449 3312 538 3378 unius
565 3313 662 3378 seculi
688 3314 771 3379 lente
802 3314 834 3378 iu
856 3317 944 3398 parte
976 3316 1117 3405 ultime

60 3421 162 3486 mundi
200 3421 233 3485 et
266 3419 346 3483 inter
365 3418 579 3501 paucissimos
616 3421 705 3503 gesta
731 3421 946 3503 composuisse.
992 3421 1114 3495 Vereor,

62 3543 93 3592 no
127 3526 284 3587 minimo
315 3523 470 3606 posuerit,
515 3524 597 3608 quod
631 3543 700 3590 cum
733 3526 987 3608 paucissimorum
1020 3544 1107 3591 men·
1178 3523 1185 3577 f
1252 3513 1257 3523 ’

63 3630 140 3696 tione
161 3631 347 3711 convenit.¹)
578 3636 580 3642 '

65 3860 254 3874 s·=-—---.

89 4036 109 4103 ¹)
125 4040 197 4095 Illud
212 4046 314 4098 certum
332 4048 381 4108 est,
400 4045 429 4098 in
448 4045 497 4099 heo
515 4045 722 4111 coacervatione:
742 4048 796 4100 tot
814 4046 937 4109 secula,
956 4048 1014 4127 tot
1033 4051 1117 4099 reto·

127 4133 194 4186 tum
224 4137 437 4200 contextum,
475 4134 611 4199 seriem,
645 4135 811 4204 quioquid
846 4152 1010 4192 annornm
1046 4139 1115 4200 eet,

128 4221 253 4280 sennenn
284 4227 314 4280 iu
343 4226 432 4281 medio
462 4227 579 4281 membro
605 4231 658 4280 riou
686 4227 738 4281 duo
768 4227 888 4295 posuisse
916 4230 1025 4284 nomine
1052 4228 1110 4283 sine

127 4316 322 4384 coniunctione,
349 4318 396 4373 sed
417 4321 465 4373 eut
489 4304 682 4374 contextum
705 4319 828 4373 seriem
853 4323 901 4374 out
919 4321 1004 4376 solum
1025 4337 1110 4376 con·

130 4407 267 4467 textum.
