2656 5056
243 304 304 368 m
607 297 872 368 mmmm

202 501 333 566 odium
362 496 534 563 omnium
561 495 780 571 hominum3
809 498 921 561 muita
951 496 1021 564 alia
1046 494 1266 578 exemplaluie
1309 507 1310 591 J

202 607 330 673 habeut.
373 602 440 684 [Sic
467 602 528 666 iarn
561 600 732 680 Manutius,
765 602 818 684 qui
854 603 985 669 codicis
1012 602 1202 686 palimpsesti
1220 618 1266 663 auc·

203 714 363 778 toritatem
383 706 611 793 ignorabat.]*)

308 838 386 905 lbid.
406 839 461 903 to:
483 837 618 901 Primo
641 853 769 901 nonne
791 837 1103 918 compensabit
1124 855 1200 903 cnm
1217 853 1265 899 uuo

207 943 411 1011 versiculo
443 945 506 1008 tot
541 959 624 1007 maa
655 940 863 1008 volumina
896 941 1079 1008 laudum
1119 941 1265 1008 suaruui

209 1048 498 1115 Manifestissimum
527 1050 576 1112 est
608 1066 667 1113 non
701 1049 806 1131 quari,
836 1047 915 1130 quid
950 1047 1107 1114 facturus
1138 1048 1266 1129 Pompeius
1304 1076 1312 1131 p

210 1155 261 1229 sit,
288 1155 340 1220 sed
372 1154 410 1218 do
436 1152 594 1236 praeterito
622 1155 769 1235 tompore,
797 1152 883 1218 itane
906 1151 1084 1220 Ciceronis
1107 1173 1194 1220 versu
1211 1171 1267 1217 oon·

209 1260 327 1324 motum
350 1260 445 1325 luisse
467 1258 649 1342 Pompeium
671 1258 826 1342 probabile
846 1259 898 1335 sit,
925 1260 1200 1342 quemadmodum
1219 1257 1267 1322 Pin

209 1384 278 1430 eum
310 1367 500 1431 commotum
529 1384 595 1430 esso
625 1363 716 1432 dicat.
750 1364 880 1448 ideoque
908 1364 1106 1432 Ciceronem
1130 1365 1216 1432 everti
1233 1383 1270 1428 ro

208 1469 311 1536 inissa.
332 1494 335 1501 ·
355 1470 557 1537 scribendum
579 1472 692 1555 igitur:
714 1489 840 1536 nonne
865 1471 1127 1554 compensabat

310 1598 389 1666 Ibid.
413 1601 566 1665 94:11011
597 1598 765 1666 ambitio
795 1599 840 1664 ad
871 1601 1083 1686 gratiam,
1115 1621 1188 1667 nou
1212 1599 1269 1664 iui-

212 1708 348 1789 quitas
376 1705 423 1771 ad
442 1690 750 1771 simulationem
774 1704 1043 1771 coniicietur.
1099 1709 1154 1774 Sic
1178 1705 1270 1772 codice

210 1815 263 1875 ant
285 1811 569 1877 coniioientnr.
603 1811 661 1875 Pro
678 1809 942 1882 couiicietur,
963 1812 1052 1895 quod
1069 1816 1106 1879 et
1125 1811 1272 1896 procedere

210 1916 487 1982 coniioioutur
515 1921 546 1982 et
575 1914 726 1982 sententia
754 1933 882 1998 prauum
914 1935 988 1983 esse
1020 1920 1189 1991 convincit
1213 1917 1272 1981 reo
1317 2000 1318 2003 Ἴ

210 2022 349 2088 Faernus
364 2022 456 2090 scribi
473 2022 570 2089 voluit
586 2022 836 2096 conuitetur;
851 2024 957 2105 agitur
974 2025 1066 2090 enim
1084 2025 1125 2090 de
1140 2025 1273 2090 hominm

163 2134 165 2138 ’
211 2127 315 2194 studio
337 2129 369 2194 in
392 2129 529 2195 ordinem
552 2127 687 2194 iudicum
715 2125 921 2209 perveniendi.
970 2128 1273 2196 Simulatioucn

211 2232 283 2299 binc
306 2234 442 2301 alienam
465 2253 531 2300 essa
547 2236 586 2300 ab
601 2235 671 2300 aliis
686 2232 876 2299 intellectum
892 2238 950 2308 est,
968 2235 1028 2301 sed
1044 2234 1275 2320 improbabiliter

214 2340 246 2403 et
259 2339 299 2404 ad
315 2342 500 2407 senteutiam
516 2345 547 2407 et
563 2341 601 2406 ad
616 2341 787 2406 litterarum
803 2339 934 2425 vestigia
952 2341 1136 2410 Lambinus
1154 2340 1274 2408 simul·

211 2446 336 2511 tatem
364 2446 535 2513 substituit.
579 2446 779 2512 Scribaudum
809 2448 890 2510 erat:
925 2463 1002 2510 uon
1038 2450 1217 2516 ambitio
1244 2444 1285 2510 adv

211 2549 1275 2636 gratinm‚noniniquitasademulationemconniiecur.

212 2656 320 2740 Neque
342 2657 502 2724 ambitiosi
524 2657 669 2737 homines,
693 2662 727 2723 ut
749 2656 851 2742 gratia
878 2657 1019 2736 valeant,
1053 2681 1164 2747 neque
1191 2659 1276 2743 iniqui.

211 2770 246 2828 ut
267 2763 397 2829 aemulos
419 2765 561 2845 premant
582 2767 613 2830 et
634 2763 805 2840 excludant,
829 2781 894 2827 sese
917 2768 1182 2834 commovebunt.

313 2950 609 3020 mariamnes:
639 2952 685 3019 de
713 2952 800 3036 ipso
831 2952 1008 3034 denique
1040 2957 1207 3022 ambitu
1231 2973 1276 3020 re·

210 3057 430 3123 iectiouem
464 3059 560 3124 sieri
593 3058 775 3125 voluerit
805 3054 982 3123 iudicum
1022 3062 1275 3129 alternorum

211 3161 408 3227 Alteruorum
441 3162 580 3231 iudicum
610 3164 829 3250 (singulorum)
862 3161 990 3230 reiectio
1024 3186 1136 3252 neque
1169 3187 1278 3255 usqum

211 3265 411 3350 significatur,
433 3289 540 3354 neque,
556 3271 655 3354 qualis
671 3271 722 3348 sit,
746 3271 821 3354 fingi
846 3267 1024 3353 intelligire
1048 3294 1148 3357 posse
1169 3277 1277 3343 videam.

211 3371 283 3437 Siue
305 3372 400 3440 dubio
423 3374 614 3458 significatur
636 3392 682 3454 ea,
707 3393 776 3458 qua
797 3376 828 3441 in
852 3375 990 3441 oratione
1014 3379 1048 3445 iu
1066 3380 1231 3449 Vatinium
1249 3377 1278 3441 2²

210 3479 460 3545 alternorum
489 3474 959 3547 consiliorum'reiectio
989 3483 1131 3563 dicitur,
1163 3489 1280 3556 scribon

264 3746 290 3811 ⁸¹)
309 3746 324 3814 ἓ
344 3745 379 3803 70
396 3747 520 3804 codicum
539 3748 684 3820 scripture
703 3754 771 3803 ortae
792 3764 825 3803 ex
844 3749 896 3803 bac
913 3748 1062 3808 videntur:
1082 3773 1153 3826 qno
1170 3759 1226 3813 toa
1237 3757 1279 3810 tau

296 3835 423 3909 ,sapiens
441 3843 474 3894 et
491 3846 587 3895 tanta
606 3839 736 3895 civitas.
773 3839 895 3896 'dracus
912 3848 998 3910 etque
1024 3845 1142 3906 moena
1161 3868 1221 3907 cun
1236 3858 1279 3902 roo

310 3929 415 4001 populo
433 3931 557 3989 Romano
576 3938 759 4003 eomparatur,
783 3949 839 3989 nou
862 3949 924 3990 euru
942 3938 1042 3994 nescio
1062 3943 1171 4011 quibua
1190 3944 1279 4013 sapien·

312 4020 393 4077 tibur.
433 4024 542 4081 Deinde
563 4025 580 4096 fi
605 4026 639 4081 72
660 4025 848 4084 scribendum:
870 4028 928 4085 aad
946 4045 1019 4086 eum
1039 4045 1145 4093 casus
1166 4079 1172 4092 .
1192 4081 1198 4092 .
1216 4077 1223 4091 .
1239 4076 1245 4086 -
1260 4034 1281 4085 τί

311 4112 371 4181 (pro
391 4115 458 4184 sed)
476 4117 561 4175 idem
580 4134 678 4175 casus
692 4127 746 4176 oet.
764 4119 782 4190 ’ζ
