2662 5062
371 683 376 690 “
439 691 788 761 asumma·
1021 705 1085 772 419

160 897 230 965 lbd.
255 899 313 978 Ἡ,
336 900 371 965 3:
405 900 605 967 fenerator
729 901 932 971 debitores
962 923 1030 971 non
1064 925 1130 990 ap·

54 1005 204 1090 pellat,
235 1024 329 1089 quos
351 1006 427 1072 seit
448 1004 662 1084 decoxisse,
684 1007 725 1072 ot
754 1007 792 1072 in
825 1026 986 1092 quorum
1007 1010 1130 1096 pudo·

55 1131 136 1179 rem
170 1110 270 1178 nihil
305 1112 506 1196 superest,
540 1111 615 1176 nisi
643 1111 740 1195 quod
766 1115 909 1196 pereat.
954 1115 1020 1182 Sor.
1053 1117 1130 1182 nisi
1162 1180 1164 1183 .

58 1238 136 1302 qao
166 1219 315 1299 -pereat
355 1216 428 1295 (nisi
462 1234 523 1300 quo
560 1215 698 1283 adlinito
735 1235 859 1299 prorsus
891 1223 998 1302 pereat
1030 1221 1127 1305 pudor

57 1322 232 1404 debitoris).
280 1321 377 1388 Paulo
397 1323 471 1387 ante
500 1320 537 1408 (ξ
558 1323 591 1405 2)
613 1322 810 1389 scribendum
832 1326 895 1390 est:
941 1325 1034 1391 Nam
1069 1325 1131 1391 ul·

58 1429 158 1496 tima
181 1445 331 1512 quoque
352 1427 567 1493 necessitas
592 1449 667 1492 non
688 1437 808 1511 noyer,
837 1430 879 1495 nt
899 1428 944 1495 ad
966 1447 1049 1496 enm
1072 1449 1132 1496 ve-

58 1535 180 1601 niam(
205 1533 350 1600 Codices:
371 1532 588 1599 necessitas
609 1533 647 1598 in
668 1533 735 1598 hoc
756 1535 859 1616 agate
880 1533 1029 1600 Hessius:
1053 1553 1131 1602 nec.

59 1660 131 1707 non
153 1640 191 1705 in
213 1638 284 1704 hoc
304 1638 402 1723 aget.
446 1637 533 1704 Nihil
554 1640 603 1706 est
623 1640 652 1704 l.
672 1638 695 1704 l.
717 1636 750 1700 in
770 1636 947 1722 too‘uoere.

166 1744 236 1810 Ibd.
257 1743 307 1821 25,
339 1744 378 1808 4:
421 1744 572 1809 Moneri
603 1744 710 1811 uelle
743 1762 786 1810 uo
816 1761 933 1826 posse
966 1745 1132 1811 secunde

59 1854 193 1920 uirtus
227 1853 290 1917 est
314 1868 411 1934 qnos
427 1850 655 1939 ,obsequens
676 1848 801 1915 faciet
825 1851 866 1914 ot
893 1867 1034 1933 parere
1060 1851 1132 1917 huc

60 1959 159 2025 illue
181 1955 309 2022 irenis
329 1954 475 2021 leniter
501 1955 619 2021 motis
651 1954 877 2021 ilectendus
911 1959 972 2021 ost
996 1958 1132 2039 paucis

60 2065 217 2132 enimus
249 2062 309 2129 sui
344 2063 474 2127 rector
506 2061 690 2146 optimum
733 2061 895 2144 proximi
928 2064 1036 2139 sunt,
1069 2062 1133 2145 qui

61 2169 252 2238 admoniti
277 2169 318 2233 in
347 2167 445 2232 uiam
472 2164 646 2231 redeunt
707 2165 760 2231 Sic
790 2165 883 2243 lina,
918 2165 955 2241 R
986 2165 1134 2234 Gronorii

62 2276 165 2353 codd„
188 2274 296 2351 ceteri,
318 2290 447 2357 quorum
469 2271 568 2337 ullum
590 2272 640 2337 est
660 2272 805 2355 pretium.
863 2273 1020 2358 luteruoni
1050 2291 1134 2340 com·

62 2381 253 2465 parationem
285 2379 325 2445 ab
354 2379 421 2444 arte
447 2394 594 2460 equorum
615 2377 847 2445 tractandorum
867 2382 1023 2463 sumptam
1047 2381 1132 2446 Haa-

62 2487 125 2552 sins
148 2485 239 2560 vidit,
260 2484 315 2550 sod
339 2502 409 2549 cum
434 2500 552 2566 equos
573 2481 634 2565 (sio
655 2483 738 2549 enim
761 2487 848 2551 recte
868 2485 1018 2569 scripsit),
1040 2503 1133 2568 quem

64 2592 288 2658 nominativum
310 2608 378 2655 esse
407 2589 512 2654 cetera
538 2587 715 2663 ostendunt,
748 2608 804 2672 pro
825 2591 1000 2657 accusativo
1020 2589 1133 2673 plurali

63 2697 252 2780 accepisset,
273 2697 377 2761 cetera
385 2693 541 2778 pervertit
566 2693 765 2760 Soribcndum
776 2696 839 2760 cst:
925 2696 995 2761 est.
1011 2694 1134 2777 liquos

65 2808 186 2888 (equus)
209 2801 426 2885 obsequens
450 2799 583 2883 focile
613 2800 652 2864 et
666 2820 814 2884 parone
834 2800 905 2865 huo
925 2799 1023 2865 illuc
1044 2799 1090 2864 fr.
1112 2800 1133 2866 l.

65 2927 105 2974 m.
138 2907 361 2975 flectendus
397 2907 465 2972 est.
520 2906 663 2973 Paucis
704 2905 857 2971 animus
900 2905 968 2970 sui
1008 2906 1135 2972 rector

66 3015 254 3098 optimum
288 3012 453 3098 proximi
484 3014 576 3078 sunt
606 3013 665 3078 cet
718 3011 795 3076 Haeo
825 3029 897 3077 cum
930 3010 1134 3093 scripsissem,

66 3120 184 3204 aliquot
225 3118 383 3185 mensibus
425 3120 505 3201 post,
548 3135 619 3183 oum
651 3117 753 3201 ipsam
790 3115 934 3183 Gronovii
966 3115 1135 3181 editionem

68 3226 285 3309 iuspen'ssem
338 3222 514 3289 Rubenium
561 3222 645 3302 uidi,
691 3222 832 3307 preclari
885 3222 1041 3289 acuminis
1077 3222 1135 3288 ,ho-

68 3332 195 3407 minem,
213 3328 299 3395 idem
319 3328 462 3395 omnibus
481 3328 593 3397 litteris
615 3328 790 3395 coniecisse.
842 3328 934 3411 Apud
957 3327 1135 3393 liukartum

71 3436 132 3503 n‘us
153 3433 337 3502 coniectura
358 3435 445 3500 nulla
464 3436 582 3502 mentio
604 3438 662 3501 ost.
725 3477 729 3485 -

165 3540 236 3606 Lib.
258 3539 312 3614 VI,
335 3538 366 3619 3,
389 3539 425 3605 2:
448 3539 587 3624 ignari,
616 3542 796 3625 quantum
817 3538 986 3605 telorum
1008 3540 1046 3604 in
1068 3538 1136 3605 ad·

71 3665 202 3714 uersos
243 3644 404 3711 fortuna
441 3646 645 3731 comparet.
687 3646 772 3711 Imo:
816 3643 854 3708 in
893 3665 1061 3722 aversos,
1101 3648 1137 3709 ut

71 3750 163 3818 habnt
183 3751 213 3816 R
234 3751 282 3832 (et
303 3751 369 3816 sine
398 3750 490 3817 dnbio
518 3749 623 3830 Nan),
654 3750 714 3816 lroc
741 3751 799 3829 est,
824 3750 899 3816 dum
928 3751 960 3816 in
990 3749 1136 3815 aliis-oc·

72 3857 173 3942 cupali
194 3856 234 3921 de
255 3855 387 3922 fortuna
408 3855 440 3922 ui
460 3875 518 3923 non
539 3855 692 3941 cogitatis.

4 3990 5 3994 ¹
167 3959 237 4028 Ibd
259 3959 291 4038 8,
321 3961 358 4026 l:
393 3964 431 4029 ct
449 3963 491 4028 in
512 3980 627 4027 unum
653 3961 795 4028 testem
823 3957 869 4024 ds
891 3978 948 4026 me
969 3978 1047 4026 rem
1069 3961 1138 4026 de-

68 4069 207 4135 mittit.
262 4065 332 4132 Non
353 4067 454 4152 magis
485 4067 523 4131 do
541 4086 591 4130 mo
613 4085 706 4150 quam
727 4064 766 4128 de
786 4083 834 4138 se,·
863 4066 1029 4152 ntuumquo
1051 4083 1137 4150 eque

66 4193 160 4259 prave
182 4172 318 4239 additur.
377 4172 453 4238 Nau.
482 4173 620 4238 testem
649 4170 802 4236 demere
837 4168 1023 4237 demittit.
1047 4171 1136 4245 Fuit:

65 4280 103 4346 in
125 4297 242 4345 unum
263 4277 408 4345 testem
428 4276 639 4354 soccoronio
659 4277 723 4340 iam
746 4275 811 4352 elii)
840 4294 922 4337 rem
942 4275 1140 4342 demittit.

63 4387 108 4453 lit
129 4390 280 4452 temore
301 4382 492 4466 (sinerem)
513 4381 659 4448 edebatur
680 4381 753 4445 ante
773 4378 958 4446 liclertum.

889 4510 939 4565 27⁸
