<?xml version="1.0" encoding="UTF-8"?>
<!DOCTYPE html PUBLIC "-//W3C//DTD XHTML 1.0 Transitional//EN"
    "http://www.w3.org/TR/xhtml1/DTD/xhtml1-transitional.dtd">
<html xmlns="http://www.w3.org/1999/xhtml" xml:lang="en" lang="en">
 <head>
  <title>
</title>
<meta http-equiv="Content-Type" content="text/html;charset=utf-8" />
  <meta name='ocr-system' content='tesseract 3.04.00' />
  <meta name='ocr-capabilities' content='ocr_page ocr_carea ocr_par ocr_line ocrx_word'/>
</head>
<body>
  <div class='ocr_page' id='page_1' title='image "./ioniemadvigiiad00madvgoog_0059.png"; bbox 0 0 2678 5018; ppageno 0'>
   <div class='ocr_carea' id='block_1_1' title="bbox 252 281 871 351">
    <p class='ocr_par' dir='ltr' id='par_1_1' title="bbox 252 281 871 351">
     <span class='ocr_line' id='line_1_1' title="bbox 252 281 871 351; baseline 0.005 -16"><span class='ocrx_word' id='word_1_1' title='bbox 252 284 294 346; x_wconf 84' lang='lat'>44</span> <span class='ocrx_word' id='word_1_2' title='bbox 607 282 668 338; x_wconf 86' lang='lat' dir='ltr'><strong>Lib.</strong></span> <span class='ocrx_word' id='word_1_3' title='bbox 688 283 735 338; x_wconf 89' lang='lat' dir='ltr'>Vl.</span> <span class='ocrx_word' id='word_1_4' title='bbox 752 281 820 351; x_wconf 81' lang='lat' dir='ltr'>Cap.</span> <span class='ocrx_word' id='word_1_5' title='bbox 833 284 871 338; x_wconf 87' lang='lat' dir='ltr'>Il.</span> 
     </span>
    </p>
   </div>
   <div class='ocr_carea' id='block_1_2' title="bbox 208 483 1288 2054">
    <p class='ocr_par' dir='ltr' id='par_1_2' title="bbox 209 483 1274 1206">
     <span class='ocr_line' id='line_1_2' title="bbox 309 483 1273 567; baseline 0.006 -19"><span class='ocrx_word' id='word_1_6' title='bbox 309 483 437 549; x_wconf 84' lang='lat' dir='ltr'>Prorsus</span> <span class='ocrx_word' id='word_1_7' title='bbox 458 483 639 547; x_wconf 86' lang='lat' dir='ltr'>inusitatum</span> <span class='ocrx_word' id='word_1_8' title='bbox 672 483 818 567; x_wconf 66' lang='lat' dir='ltr'>tantopere</span> <span class='ocrx_word' id='word_1_9' title='bbox 838 484 875 545; x_wconf 85' lang='lat' dir='ltr'>de</span> <span class='ocrx_word' id='word_1_10' title='bbox 896 504 1029 567; x_wconf 69' lang='lat' dir='ltr'>corpore,</span> <span class='ocrx_word' id='word_1_11' title='bbox 1061 486 1215 556; x_wconf 86' lang='lat' dir='ltr'>usitatum</span> <span class='ocrx_word' id='word_1_12' title='bbox 1239 491 1273 554; x_wconf 90' lang='lat' dir='ltr'>et</span> 
     </span>
     <span class='ocr_line' id='line_1_3' title="bbox 209 589 1269 675; baseline 0.008 -23"><span class='ocrx_word' id='word_1_13' title='bbox 209 592 350 675; x_wconf 81' lang='lat' dir='ltr'>frequens</span> <span class='ocrx_word' id='word_1_14' title='bbox 381 590 526 672; x_wconf 63' lang='lat' dir='ltr'>sumopere</span> <span class='ocrx_word' id='word_1_15' title='bbox 564 610 688 671; x_wconf 78' lang='lat' dir='ltr'>corpue;</span> <span class='ocrx_word' id='word_1_16' title='bbox 734 589 826 672; x_wconf 83' lang='lat' dir='ltr'>atque</span> <span class='ocrx_word' id='word_1_17' title='bbox 861 589 938 654; x_wconf 91' lang='lat' dir='ltr'>illud</span> <span class='ocrx_word' id='word_1_18' title='bbox 976 591 1094 657; x_wconf 88' lang='lat' dir='ltr'>etiamsi</span> <span class='ocrx_word' id='word_1_19' title='bbox 1137 594 1269 670; x_wconf 73' lang='lat' dir='ltr'>dicatur,</span> 
     </span>
     <span class='ocr_line' id='line_1_4' title="bbox 210 694 1269 783; baseline 0.001 -19"><span class='ocrx_word' id='word_1_20' title='bbox 210 699 305 764; x_wconf 88' lang='lat' dir='ltr'>aliam</span> <span class='ocrx_word' id='word_1_21' title='bbox 325 696 465 760; x_wconf 83' lang='lat' dir='ltr'>videatur</span> <span class='ocrx_word' id='word_1_22' title='bbox 486 694 597 759; x_wconf 90' lang='lat' dir='ltr'>habere</span> <span class='ocrx_word' id='word_1_23' title='bbox 609 694 1160 781; x_wconf 82' lang='lat' dir='ltr'>significationem,utsitstringendo</span> <span class='ocrx_word' id='word_1_24' title='bbox 1172 701 1269 783; x_wconf 88' lang='lat' dir='ltr'>parti·</span> 
     </span>
     <span class='ocr_line' id='line_1_5' title="bbox 211 790 1271 888; baseline -0.009 -19"><span class='ocrx_word' id='word_1_25' title='bbox 211 806 312 881; x_wconf 88' lang='lat' dir='ltr'>culam</span> <span class='ocrx_word' id='word_1_26' title='bbox 335 790 646 883; x_wconf 83' lang='lat' dir='ltr'>decerpereauferre.</span> <span class='ocrx_word' id='word_1_27' title='bbox 690 800 911 876; x_wconf 71' lang='lat' dir='ltr'>(Adscribitum</span> <span class='ocrx_word' id='word_1_28' title='bbox 935 808 1102 888; x_wconf 67' lang='grc' dir='ltr'>ἐπέγραψε</span> <span class='ocrx_word' id='word_1_29' title='bbox 1124 809 1186 872; x_wconf 75' lang='grc' dir='ltr'>τοῦ</span> <span class='ocrx_word' id='word_1_30' title='bbox 1212 801 1271 872; x_wconf 71' lang='lat' dir='ltr'>col.</span> 
     </span>
     <span class='ocr_line' id='line_1_6' title="bbox 211 905 1270 994; baseline 0.003 -17"><span class='ocrx_word' id='word_1_31' title='bbox 211 935 329 994; x_wconf 79' lang='grc' dir='ltr'><strong><em>ματος.</em></strong></span> <span class='ocrx_word' id='word_1_32' title='bbox 373 908 448 987; x_wconf 84' lang='lat' dir='ltr'>Quis</span> <span class='ocrx_word' id='word_1_33' title='bbox 469 907 501 971; x_wconf 91' lang='lat' dir='ltr'>id</span> <span class='ocrx_word' id='word_1_34' title='bbox 522 905 619 970; x_wconf 79' lang='lat' dir='ltr'>dixit?</span> <span class='ocrx_word' id='word_1_35' title='bbox 674 906 713 970; x_wconf 79' lang='lat' dir='ltr'>ut</span> <span class='ocrx_word' id='word_1_36' title='bbox 734 907 761 971; x_wconf 90' lang='lat' dir='ltr'>si</span> <span class='ocrx_word' id='word_1_37' title='bbox 783 906 898 973; x_wconf 90' lang='lat' dir='ltr'>dictum</span> <span class='ocrx_word' id='word_1_38' title='bbox 921 915 1011 985; x_wconf 81' lang='lat' dir='ltr'>esset,</span> <span class='ocrx_word' id='word_1_39' title='bbox 1035 913 1112 977; x_wconf 90' lang='lat' dir='ltr'>alius</span> <span class='ocrx_word' id='word_1_40' title='bbox 1140 914 1188 978; x_wconf 88' lang='lat' dir='ltr'>est</span> <span class='ocrx_word' id='word_1_41' title='bbox 1209 916 1270 979; x_wconf 87' lang='lat' dir='ltr'>La·</span> 
     </span>
     <span class='ocr_line' id='line_1_7' title="bbox 210 1012 1274 1098; baseline 0.001 -15"><span class='ocrx_word' id='word_1_42' title='bbox 210 1020 293 1083; x_wconf 89' lang='lat' dir='ltr'>tinus</span> <span class='ocrx_word' id='word_1_43' title='bbox 315 1035 397 1086; x_wconf 87' lang='lat' dir='ltr'>usus,</span> <span class='ocrx_word' id='word_1_44' title='bbox 420 1013 498 1078; x_wconf 91' lang='lat' dir='ltr'>alius</span> <span class='ocrx_word' id='word_1_45' title='bbox 520 1012 671 1093; x_wconf 77' lang='lat' dir='ltr'>Graecus.)</span> <span class='ocrx_word' id='word_1_46' title='bbox 729 1014 854 1078; x_wconf 87' lang='lat' dir='ltr'>Poterat</span> <span class='ocrx_word' id='word_1_47' title='bbox 880 1016 1034 1098; x_wconf 83' lang='lat' dir='ltr'>Vergilius</span> <span class='ocrx_word' id='word_1_48' title='bbox 1071 1019 1201 1084; x_wconf 89' lang='lat' dir='ltr'>scribere</span> <span class='ocrx_word' id='word_1_49' title='bbox 1234 1020 1274 1084; x_wconf 89' lang='lat' dir='ltr'>de</span> 
     </span>
     <span class='ocr_line' id='line_1_8' title="bbox 210 1117 1271 1206; baseline 0.001 -17"><span class='ocrx_word' id='word_1_50' title='bbox 210 1124 300 1189; x_wconf 83' lang='lat' dir='ltr'>hasta</span> <span class='ocrx_word' id='word_1_51' title='bbox 322 1125 424 1186; x_wconf 90' lang='lat' dir='ltr'>cutem</span> <span class='ocrx_word' id='word_1_52' title='bbox 447 1117 614 1202; x_wconf 85' lang='lat' dir='ltr'>personanti</span> <span class='ocrx_word' id='word_1_53' title='bbox 642 1136 697 1183; x_wconf 88' lang='lat' dir='ltr'>nec</span> <span class='ocrx_word' id='word_1_54' title='bbox 723 1122 826 1184; x_wconf 87' lang='lat' dir='ltr'>tamen</span> <span class='ocrx_word' id='word_1_55' title='bbox 856 1121 887 1185; x_wconf 94' lang='lat' dir='ltr'>in</span> <span class='ocrx_word' id='word_1_56' title='bbox 918 1122 1063 1188; x_wconf 87' lang='lat' dir='ltr'>interiora</span> <span class='ocrx_word' id='word_1_57' title='bbox 1084 1127 1271 1206; x_wconf 79' lang='lat' dir='ltr'><strong>penetranti:</strong></span> 
     </span>
    </p>

    <p class='ocr_par' dir='ltr' id='par_1_3' title="bbox 334 1224 1138 1310">
     <span class='ocr_line' id='line_1_9' title="bbox 334 1224 1138 1310; baseline 0.001 -16"><span class='ocrx_word' id='word_1_58' title='bbox 334 1226 460 1294; x_wconf 88' lang='lat' dir='ltr'>tandem</span> <span class='ocrx_word' id='word_1_59' title='bbox 483 1224 576 1288; x_wconf 87' lang='lat' dir='ltr'>etiam</span> <span class='ocrx_word' id='word_1_60' title='bbox 598 1242 710 1307; x_wconf 80' lang='lat' dir='ltr'>magno</span> <span class='ocrx_word' id='word_1_61' title='bbox 734 1225 820 1284; x_wconf 77' lang='lat' dir='ltr'>tinuit</span> <span class='ocrx_word' id='word_1_62' title='bbox 840 1248 871 1287; x_wconf 81' lang='lat' dir='ltr'>ee</span> <span class='ocrx_word' id='word_1_63' title='bbox 892 1247 1012 1310; x_wconf 88' lang='lat' dir='ltr'>corpore</span> <span class='ocrx_word' id='word_1_64' title='bbox 1034 1230 1138 1296; x_wconf 83' lang='lat' dir='ltr'>Turni.</span> 
     </span>
    </p>

    <p class='ocr_par' dir='ltr' id='par_1_4' title="bbox 309 1333 813 1411">
     <span class='ocr_line' id='line_1_10' title="bbox 309 1333 813 1411; baseline -0.004 -13"><span class='ocrx_word' id='word_1_65' title='bbox 309 1335 349 1411; x_wconf 85' lang='lat' dir='ltr'>X,</span> <span class='ocrx_word' id='word_1_66' title='bbox 373 1333 448 1395; x_wconf 74' lang='lat'>769:</span> <span class='ocrx_word' id='word_1_67' title='bbox 810 1335 813 1342; x_wconf 84' lang='lat'>&#39;</span> 
     </span>
    </p>

    <p class='ocr_par' dir='ltr' id='par_1_5' title="bbox 272 1437 1288 1736">
     <span class='ocr_line' id='line_1_11' title="bbox 272 1437 1246 1526; baseline 0.002 -22"><span class='ocrx_word' id='word_1_68' title='bbox 272 1440 352 1504; x_wconf 86' lang='lat' dir='ltr'>Huic</span> <span class='ocrx_word' id='word_1_69' title='bbox 373 1439 548 1517; x_wconf 78' lang='lat' dir='ltr'>(Mezentio)</span> <span class='ocrx_word' id='word_1_70' title='bbox 576 1437 682 1501; x_wconf 82' lang='lat' dir='ltr'>contra</span> <span class='ocrx_word' id='word_1_71' title='bbox 702 1437 825 1512; x_wconf 81' lang='lat' dir='ltr'>AEneas,</span> <span class='ocrx_word' id='word_1_72' title='bbox 859 1441 1035 1520; x_wconf 74' lang='lat' dir='ltr'><strong>speculatus</strong></span> <span class='ocrx_word' id='word_1_73' title='bbox 1066 1442 1097 1506; x_wconf 93' lang='lat' dir='ltr'>in</span> <span class='ocrx_word' id='word_1_74' title='bbox 1119 1443 1246 1526; x_wconf 87' lang='lat' dir='ltr'>agmine</span> 
     </span>
     <span class='ocr_line' id='line_1_12' title="bbox 1107 1549 1208 1632; baseline 0 -20"><span class='ocrx_word' id='word_1_75' title='bbox 1107 1549 1208 1632; x_wconf 84' lang='lat' dir='ltr'>longo,</span> 
     </span>
     <span class='ocr_line' id='line_1_13' title="bbox 272 1653 1288 1736; baseline -0.001 -19"><span class='ocrx_word' id='word_1_76' title='bbox 272 1653 378 1717; x_wconf 89' lang='lat' dir='ltr'>obrius</span> <span class='ocrx_word' id='word_1_77' title='bbox 399 1654 443 1716; x_wconf 89' lang='lat' dir='ltr'>ire</span> <span class='ocrx_word' id='word_1_78' title='bbox 465 1653 562 1734; x_wconf 89' lang='lat' dir='ltr'>parat.</span> <span class='ocrx_word' id='word_1_79' title='bbox 820 1725 823 1736; x_wconf 43' lang='grc'><strong>,</strong></span> <span class='ocrx_word' id='word_1_80' title='bbox 1287 1654 1288 1658; x_wconf 74' lang='grc'>’</span> 
     </span>
    </p>

    <p class='ocr_par' dir='ltr' id='par_1_6' title="bbox 208 1754 1272 2054">
     <span class='ocr_line' id='line_1_14' title="bbox 309 1754 1270 1843; baseline 0.002 -21"><span class='ocrx_word' id='word_1_81' title='bbox 309 1759 368 1822; x_wconf 91' lang='lat' dir='ltr'>Hic</span> <span class='ocrx_word' id='word_1_82' title='bbox 390 1757 513 1841; x_wconf 89' lang='lat' dir='ltr'>quidem</span> <span class='ocrx_word' id='word_1_83' title='bbox 536 1754 736 1820; x_wconf 83' lang='lat' dir='ltr'>confidentius</span> <span class='ocrx_word' id='word_1_84' title='bbox 759 1756 825 1820; x_wconf 90' lang='lat' dir='ltr'>dico</span> <span class='ocrx_word' id='word_1_85' title='bbox 848 1775 1024 1839; x_wconf 80' lang='lat' dir='ltr'>perversam</span> <span class='ocrx_word' id='word_1_86' title='bbox 1047 1778 1113 1823; x_wconf 90' lang='lat' dir='ltr'>esse</span> <span class='ocrx_word' id='word_1_87' title='bbox 1135 1759 1270 1843; x_wconf 84' lang='lat' dir='ltr'>agminis</span> 
     </span>
     <span class='ocr_line' id='line_1_15' title="bbox 208 1861 1272 1948; baseline 0.003 -20"><span class='ocrx_word' id='word_1_88' title='bbox 208 1865 293 1948; x_wconf 85' lang='lat' dir='ltr'>longi</span> <span class='ocrx_word' id='word_1_89' title='bbox 315 1864 561 1946; x_wconf 82' lang='lat' dir='ltr'>appellationem.</span> <span class='ocrx_word' id='word_1_90' title='bbox 582 1880 648 1944; x_wconf 86' lang='lat' dir='ltr'>qnae</span> <span class='ocrx_word' id='word_1_91' title='bbox 680 1861 803 1944; x_wconf 80' lang='lat' dir='ltr'>longam</span> <span class='ocrx_word' id='word_1_92' title='bbox 836 1862 965 1927; x_wconf 88' lang='lat' dir='ltr'>aliorum</span> <span class='ocrx_word' id='word_1_93' title='bbox 987 1867 1058 1946; x_wconf 90' lang='lat' dir='ltr'>post</span> <span class='ocrx_word' id='word_1_94' title='bbox 1088 1866 1164 1930; x_wconf 86' lang='lat' dir='ltr'>alios</span> <span class='ocrx_word' id='word_1_95' title='bbox 1186 1866 1272 1931; x_wconf 90' lang='lat' dir='ltr'>ince-</span> 
     </span>
     <span class='ocr_line' id='line_1_16' title="bbox 210 1968 1271 2054; baseline 0.003 -20"><span class='ocrx_word' id='word_1_96' title='bbox 210 1970 347 2035; x_wconf 88' lang='lat' dir='ltr'>dentium</span> <span class='ocrx_word' id='word_1_97' title='bbox 371 1970 480 2033; x_wconf 91' lang='lat' dir='ltr'>seriem</span> <span class='ocrx_word' id='word_1_98' title='bbox 504 1968 667 2050; x_wconf 82' lang='lat' dir='ltr'>signifieat,</span> <span class='ocrx_word' id='word_1_99' title='bbox 690 1987 753 2032; x_wconf 90' lang='lat' dir='ltr'>rem</span> <span class='ocrx_word' id='word_1_100' title='bbox 777 1968 894 2033; x_wconf 93' lang='lat' dir='ltr'>abhoc</span> <span class='ocrx_word' id='word_1_101' title='bbox 916 1970 980 2034; x_wconf 95' lang='lat' dir='ltr'>loco</span> <span class='ocrx_word' id='word_1_102' title='bbox 1002 1971 1145 2043; x_wconf 79' lang='lat' dir='ltr'>alienam,</span> <span class='ocrx_word' id='word_1_103' title='bbox 1173 1973 1271 2054; x_wconf 92' lang='lat' dir='ltr'>scrip-</span> 
     </span>
    </p>
   </div>
   <div class='ocr_carea' id='block_1_3' title="bbox 90 2074 1228 2161">
    <p class='ocr_par' dir='ltr' id='par_1_7' title="bbox 90 2074 1228 2161">
     <span class='ocr_line' id='line_1_17' title="bbox 90 2074 1228 2161; baseline 0.004 -24"><span class='ocrx_word' id='word_1_104' title='bbox 90 2127 94 2137; x_wconf 94' lang='lat'><em>.</em></span> <span class='ocrx_word' id='word_1_105' title='bbox 209 2077 337 2159; x_wconf 85' lang='lat' dir='ltr'>tumque</span> <span class='ocrx_word' id='word_1_106' title='bbox 360 2094 378 2139; x_wconf 91' lang='lat' dir='ltr'>a</span> <span class='ocrx_word' id='word_1_107' title='bbox 398 2078 489 2159; x_wconf 89' lang='lat' dir='ltr'>poeta</span> <span class='ocrx_word' id='word_1_108' title='bbox 509 2078 590 2158; x_wconf 86' lang='lat' dir='ltr'>puto,</span> <span class='ocrx_word' id='word_1_109' title='bbox 616 2074 696 2156; x_wconf 89' lang='lat' dir='ltr'>quod</span> <span class='ocrx_word' id='word_1_110' title='bbox 716 2075 747 2138; x_wconf 88' lang='lat' dir='ltr'>iu</span> <span class='ocrx_word' id='word_1_111' title='bbox 771 2075 874 2139; x_wconf 87' lang='lat' dir='ltr'>codice</span> <span class='ocrx_word' id='word_1_112' title='bbox 899 2075 1140 2161; x_wconf 83' lang='lat' dir='ltr'>Minoraugiensi</span> <span class='ocrx_word' id='word_1_113' title='bbox 1162 2080 1228 2143; x_wconf 86' lang='lat' dir='ltr'>est:</span> 
     </span>
    </p>
   </div>
   <div class='ocr_carea' id='block_1_4' title="bbox 206 2181 1273 3634">
    <p class='ocr_par' dir='ltr' id='par_1_8' title="bbox 206 2181 1273 2695">
     <span class='ocr_line' id='line_1_18' title="bbox 691 2181 1185 2267; baseline 0 -23"><span class='ocrx_word' id='word_1_114' title='bbox 691 2181 864 2263; x_wconf 81' lang='lat' dir='ltr'>speculatus</span> <span class='ocrx_word' id='word_1_115' title='bbox 887 2183 917 2246; x_wconf 90' lang='lat' dir='ltr'>in</span> <span class='ocrx_word' id='word_1_116' title='bbox 941 2184 1063 2267; x_wconf 83' lang='lat' dir='ltr'>agmine</span> <span class='ocrx_word' id='word_1_117' title='bbox 1088 2181 1185 2266; x_wconf 77' lang='lat' dir='ltr'>lonpe,</span> 
     </span>
     <span class='ocr_line' id='line_1_19' title="bbox 212 2286 1268 2373; baseline 0.001 -20"><span class='ocrx_word' id='word_1_118' title='bbox 212 2307 247 2353; x_wconf 90' lang='lat' dir='ltr'>eo</span> <span class='ocrx_word' id='word_1_119' title='bbox 278 2288 401 2373; x_wconf 90' lang='lat' dir='ltr'>quidem</span> <span class='ocrx_word' id='word_1_120' title='bbox 433 2287 542 2371; x_wconf 78' lang='lat' dir='ltr'>magis,</span> <span class='ocrx_word' id='word_1_121' title='bbox 575 2286 656 2369; x_wconf 90' lang='lat' dir='ltr'>qnod</span> <span class='ocrx_word' id='word_1_122' title='bbox 681 2286 713 2350; x_wconf 92' lang='lat' dir='ltr'>in</span> <span class='ocrx_word' id='word_1_123' title='bbox 743 2288 772 2350; x_wconf 89' lang='lat' dir='ltr'><strong>R</strong></span> <span class='ocrx_word' id='word_1_124' title='bbox 798 2306 816 2351; x_wconf 93' lang='lat' dir='ltr'>a</span> <span class='ocrx_word' id='word_1_125' title='bbox 838 2287 937 2369; x_wconf 87' lang='lat' dir='ltr'>prima</span> <span class='ocrx_word' id='word_1_126' title='bbox 958 2308 1051 2353; x_wconf 89' lang='lat' dir='ltr'>manu</span> <span class='ocrx_word' id='word_1_127' title='bbox 1075 2293 1123 2355; x_wconf 89' lang='lat' dir='ltr'>est</span> <span class='ocrx_word' id='word_1_128' title='bbox 1144 2290 1268 2357; x_wconf 85' lang='lat' dir='ltr'>LONG.</span> 
     </span>
     <span class='ocr_line' id='line_1_20' title="bbox 212 2392 1272 2478; baseline 0 -20"><span class='ocrx_word' id='word_1_129' title='bbox 212 2394 262 2458; x_wconf 86' lang='lat' dir='ltr'>Ad</span> <span class='ocrx_word' id='word_1_130' title='bbox 296 2395 375 2459; x_wconf 87' lang='lat' dir='ltr'>hanc</span> <span class='ocrx_word' id='word_1_131' title='bbox 410 2413 426 2458; x_wconf 91' lang='lat' dir='ltr'>e</span> <span class='ocrx_word' id='word_1_132' title='bbox 467 2394 630 2478; x_wconf 80' lang='lat' dir='ltr'>longinquo</span> <span class='ocrx_word' id='word_1_133' title='bbox 670 2392 906 2475; x_wconf 80' lang='lat' dir='ltr'>speculationem</span> <span class='ocrx_word' id='word_1_134' title='bbox 948 2396 1054 2478; x_wconf 89' lang='lat' dir='ltr'>aptum</span> <span class='ocrx_word' id='word_1_135' title='bbox 1091 2397 1195 2459; x_wconf 78' lang='lat' dir='ltr'>obvim</span> <span class='ocrx_word' id='word_1_136' title='bbox 1228 2397 1272 2458; x_wconf 76' lang='lat' dir='ltr'>ire</span> 
     </span>
     <span class='ocr_line' id='line_1_21' title="bbox 206 2497 1273 2586; baseline 0.008 -26"><span class='ocrx_word' id='word_1_137' title='bbox 206 2509 311 2583; x_wconf 78' lang='lat' dir='ltr'>parat.</span> <span class='ocrx_word' id='word_1_138' title='bbox 355 2499 522 2582; x_wconf 86' lang='lat' dir='ltr'>[inciderat</span> <span class='ocrx_word' id='word_1_139' title='bbox 543 2499 574 2561; x_wconf 92' lang='lat' dir='ltr'>in</span> <span class='ocrx_word' id='word_1_140' title='bbox 590 2497 720 2562; x_wconf 88' lang='lat' dir='ltr'>eandem</span> <span class='ocrx_word' id='word_1_141' title='bbox 736 2500 921 2564; x_wconf 84' lang='lat' dir='ltr'>sententiam</span> <span class='ocrx_word' id='word_1_142' title='bbox 934 2500 1105 2576; x_wconf 76' lang='lat' dir='ltr'>Geertzius</span> <span class='ocrx_word' id='word_1_143' title='bbox 1127 2503 1273 2586; x_wconf 82' lang='lat' dir='ltr'>idemque</span> 
     </span>
     <span class='ocr_line' id='line_1_22' title="bbox 210 2603 1208 2695; baseline 0.005 -27"><span class='ocrx_word' id='word_1_144' title='bbox 210 2607 292 2670; x_wconf 86' lang='lat' dir='ltr'>recte</span> <span class='ocrx_word' id='word_1_145' title='bbox 313 2605 369 2678; x_wconf 87' lang='lat' dir='ltr'>XI,</span> <span class='ocrx_word' id='word_1_146' title='bbox 391 2605 451 2666; x_wconf 79' lang='lat'>214</span> <span class='ocrx_word' id='word_1_147' title='bbox 474 2603 561 2685; x_wconf 81' lang='lat' dir='ltr'>lonpe</span> <span class='ocrx_word' id='word_1_148' title='bbox 582 2622 599 2667; x_wconf 91' lang='lat' dir='ltr'>e</span> <span class='ocrx_word' id='word_1_149' title='bbox 620 2603 706 2668; x_wconf 89' lang='lat' dir='ltr'>codd.</span> <span class='ocrx_word' id='word_1_150' title='bbox 731 2606 768 2670; x_wconf 91' lang='lat' dir='ltr'>bc</span> <span class='ocrx_word' id='word_1_151' title='bbox 789 2606 1014 2672; x_wconf 89' lang='lat' dir='ltr'>restituendum</span> <span class='ocrx_word' id='word_1_152' title='bbox 1036 2608 1208 2695; x_wconf 88' lang='lat' dir='ltr'>indicavit]</span> 
     </span>
    </p>

    <p class='ocr_par' dir='ltr' id='par_1_9' title="bbox 310 2709 447 2783">
     <span class='ocr_line' id='line_1_23' title="bbox 310 2709 447 2783; baseline -0.029 -8"><span class='ocrx_word' id='word_1_153' title='bbox 310 2711 348 2783; x_wconf 84' lang='lat' dir='ltr'>X,</span> <span class='ocrx_word' id='word_1_154' title='bbox 371 2709 447 2773; x_wconf 86' lang='lat'>838:</span> 
     </span>
    </p>

    <p class='ocr_par' dir='ltr' id='par_1_10' title="bbox 422 2816 1044 2899">
     <span class='ocr_line' id='line_1_24' title="bbox 422 2816 1044 2899; baseline 0.01 -20"><span class='ocrx_word' id='word_1_155' title='bbox 422 2816 509 2881; x_wconf 87' lang='lat' dir='ltr'>fusus</span> <span class='ocrx_word' id='word_1_156' title='bbox 529 2833 691 2897; x_wconf 82' lang='lat' dir='ltr'>propexam</span> <span class='ocrx_word' id='word_1_157' title='bbox 713 2817 745 2880; x_wconf 93' lang='lat' dir='ltr'>in</span> <span class='ocrx_word' id='word_1_158' title='bbox 767 2822 887 2899; x_wconf 89' lang='lat' dir='ltr'>pectore</span> <span class='ocrx_word' id='word_1_159' title='bbox 909 2820 1044 2885; x_wconf 87' lang='lat' dir='ltr'>barbam.</span> 
     </span>
    </p>

    <p class='ocr_par' dir='ltr' id='par_1_11' title="bbox 211 2921 1271 3221">
     <span class='ocr_line' id='line_1_25' title="bbox 310 2921 1271 3010; baseline 0.005 -24"><span class='ocrx_word' id='word_1_160' title='bbox 310 2923 360 2989; x_wconf 91' lang='lat' dir='ltr'>De</span> <span class='ocrx_word' id='word_1_161' title='bbox 388 2921 572 3004; x_wconf 85' lang='lat' dir='ltr'>dependenti</span> <span class='ocrx_word' id='word_1_162' title='bbox 604 2921 697 2986; x_wconf 89' lang='lat' dir='ltr'>barba</span> <span class='ocrx_word' id='word_1_163' title='bbox 728 2925 841 2989; x_wconf 89' lang='lat' dir='ltr'>rectius</span> <span class='ocrx_word' id='word_1_164' title='bbox 873 2925 991 2990; x_wconf 89' lang='lat' dir='ltr'>videtur</span> <span class='ocrx_word' id='word_1_165' title='bbox 1015 2928 1200 3010; x_wconf 70' lang='lat' dir='ltr'>tripectora,</span> <span class='ocrx_word' id='word_1_166' title='bbox 1236 2929 1271 2991; x_wconf 91' lang='lat' dir='ltr'>ut</span> 
     </span>
     <span class='ocr_line' id='line_1_26' title="bbox 211 3020 1271 3114; baseline 0.002 -19"><span class='ocrx_word' id='word_1_167' title='bbox 211 3030 338 3096; x_wconf 81' lang='lat' dir='ltr'>Ovidius</span> <span class='ocrx_word' id='word_1_168' title='bbox 363 3029 443 3093; x_wconf 80' lang='lat' dir='ltr'>last</span> <span class='ocrx_word' id='word_1_169' title='bbox 466 3020 492 3103; x_wconf 73' lang='lat' dir='ltr'>l,</span> <span class='ocrx_word' id='word_1_170' title='bbox 526 3029 586 3089; x_wconf 69' lang='lat'>259</span> <span class='ocrx_word' id='word_1_171' title='bbox 603 3050 773 3112; x_wconf 73' lang='lat' dir='ltr'>propomam</span> <span class='ocrx_word' id='word_1_172' title='bbox 794 3031 837 3092; x_wconf 83' lang='lat' dir='ltr'>ad</span> <span class='ocrx_word' id='word_1_173' title='bbox 863 3041 989 3114; x_wconf 69' lang='lat' dir='ltr'>pociora</span> <span class='ocrx_word' id='word_1_174' title='bbox 1025 3033 1150 3095; x_wconf 79' lang='lat' dir='ltr'>barbam</span> <span class='ocrx_word' id='word_1_175' title='bbox 1186 3033 1271 3103; x_wconf 81' lang='lat' dir='ltr'>dixit</span> 
     </span>
     <span class='ocr_line' id='line_1_27' title="bbox 213 3132 1145 3221; baseline 0.001 -20"><span class='ocrx_word' id='word_1_176' title='bbox 213 3135 307 3202; x_wconf 85' lang='lat' dir='ltr'>Silius</span> <span class='ocrx_word' id='word_1_177' title='bbox 329 3134 456 3199; x_wconf 75' lang='lat' dir='ltr'>Italicus</span> <span class='ocrx_word' id='word_1_178' title='bbox 478 3132 570 3207; x_wconf 84' lang='lat' dir='ltr'>XIII,</span> <span class='ocrx_word' id='word_1_179' title='bbox 593 3133 655 3196; x_wconf 83' lang='grc'>310</span> <span class='ocrx_word' id='word_1_180' title='bbox 670 3139 816 3219; x_wconf 72' lang='lat' dir='ltr'>propexis</span> <span class='ocrx_word' id='word_1_181' title='bbox 838 3139 868 3197; x_wconf 81' lang='lat' dir='ltr'>a&#39;n</span> <span class='ocrx_word' id='word_1_182' title='bbox 888 3148 1012 3221; x_wconf 79' lang='lat' dir='ltr'>pectora</span> <span class='ocrx_word' id='word_1_183' title='bbox 1035 3139 1145 3202; x_wconf 63' lang='lat' dir='ltr'>tarta.</span> 
     </span>
    </p>

    <p class='ocr_par' dir='ltr' id='par_1_12' title="bbox 209 3224 1273 3634">
     <span class='ocr_line' id='line_1_28' title="bbox 308 3224 1272 3328; baseline 0 -22"><span class='ocrx_word' id='word_1_184' title='bbox 308 3240 364 3314; x_wconf 89' lang='lat' dir='ltr'>XI,</span> <span class='ocrx_word' id='word_1_185' title='bbox 387 3240 447 3302; x_wconf 80' lang='lat'>295</span> <span class='ocrx_word' id='word_1_186' title='bbox 469 3259 566 3323; x_wconf 87' lang='lat' dir='ltr'>neque</span> <span class='ocrx_word' id='word_1_187' title='bbox 581 3241 729 3305; x_wconf 85' lang='lat' dir='ltr'>librorum</span> <span class='ocrx_word' id='word_1_188' title='bbox 745 3243 928 3326; x_wconf 83' lang='lat' dir='ltr'>scripturam</span> <span class='ocrx_word' id='word_1_189' title='bbox 942 3254 989 3319; x_wconf 73' lang='lat' dir='ltr'>⁸(et</span> <span class='ocrx_word' id='word_1_190' title='bbox 1009 3267 1077 3328; x_wconf 82' lang='lat' dir='ltr'>paae</span> <span class='ocrx_word' id='word_1_191' title='bbox 1097 3246 1136 3305; x_wconf 83' lang='lat' dir='ltr'>eit</span> <span class='ocrx_word' id='word_1_192' title='bbox 1159 3224 1272 3327; x_wconf 60' lang='lat' dir='ltr'>mopso</span> 
     </span>
     <span class='ocr_line' id='line_1_29' title="bbox 212 3324 1273 3433; baseline 0.004 -23"><span class='ocrx_word' id='word_1_193' title='bbox 212 3351 354 3410; x_wconf 79' lang='lat' dir='ltr'>cententio</span> <span class='ocrx_word' id='word_1_194' title='bbox 380 3346 466 3423; x_wconf 79' lang='lat' dir='ltr'>tello)</span> <span class='ocrx_word' id='word_1_195' title='bbox 486 3346 644 3410; x_wconf 83' lang='lat' dir='ltr'>¹ferendam</span> <span class='ocrx_word' id='word_1_196' title='bbox 667 3349 739 3429; x_wconf 91' lang='lat' dir='ltr'>puto</span> <span class='ocrx_word' id='word_1_197' title='bbox 762 3367 860 3431; x_wconf 89' lang='lat' dir='ltr'>neque</span> <span class='ocrx_word' id='word_1_198' title='bbox 883 3324 1081 3432; x_wconf 82' lang='lat' dir='ltr'>probandum,</span> <span class='ocrx_word' id='word_1_199' title='bbox 1102 3348 1182 3433; x_wconf 89' lang='lat' dir='ltr'>quod</span> <span class='ocrx_word' id='word_1_200' title='bbox 1201 3369 1273 3432; x_wconf 92' lang='lat' dir='ltr'>pro·</span> 
     </span>
     <span class='ocr_line' id='line_1_30' title="bbox 209 3433 1272 3556; baseline 0.002 -38"><span class='ocrx_word' id='word_1_201' title='bbox 209 3455 343 3536; x_wconf 76' lang='lat' dir='ltr'>pesitum</span> <span class='ocrx_word' id='word_1_202' title='bbox 366 3433 595 3556; x_wconf 46' lang='lat' dir='ltr'>videofmopna&#39;</span> <span class='ocrx_word' id='word_1_203' title='bbox 623 3454 765 3515; x_wconf 74' lang='lat' dir='ltr'>sententia</span> <span class='ocrx_word' id='word_1_204' title='bbox 787 3454 872 3527; x_wconf 73' lang='lat' dir='ltr'>belli:</span> <span class='ocrx_word' id='word_1_205' title='bbox 894 3456 983 3539; x_wconf 84' lang='lat' dir='ltr'>longe</span> <span class='ocrx_word' id='word_1_206' title='bbox 1006 3455 1088 3520; x_wconf 90' lang='lat' dir='ltr'>enim</span> <span class='ocrx_word' id='word_1_207' title='bbox 1109 3457 1199 3520; x_wconf 89' lang='lat' dir='ltr'>aliter</span> <span class='ocrx_word' id='word_1_208' title='bbox 1221 3454 1272 3520; x_wconf 87' lang='lat' dir='ltr'>Si·</span> 
     </span>
     <span class='ocr_line' id='line_1_31' title="bbox 209 3558 1272 3634; baseline 0.006 -12"><span class='ocrx_word' id='word_1_209' title='bbox 209 3559 268 3622; x_wconf 89' lang='lat' dir='ltr'>lios</span> <span class='ocrx_word' id='word_1_210' title='bbox 291 3558 381 3623; x_wconf 80' lang='lat' dir='ltr'>dixit:</span> <span class='ocrx_word' id='word_1_211' title='bbox 404 3568 462 3618; x_wconf 79' lang='lat' dir='ltr'>etot</span> <span class='ocrx_word' id='word_1_212' title='bbox 479 3560 629 3620; x_wconf 65' lang='lat' dir='ltr'>&#39;amentia</span> <span class='ocrx_word' id='word_1_213' title='bbox 650 3559 728 3634; x_wconf 77' lang='lat' dir='ltr'>belli,</span> <span class='ocrx_word' id='word_1_214' title='bbox 751 3561 807 3624; x_wconf 90' lang='lat' dir='ltr'>hoc</span> <span class='ocrx_word' id='word_1_215' title='bbox 829 3568 885 3630; x_wconf 82' lang='lat' dir='ltr'>est</span> <span class='ocrx_word' id='word_1_216' title='bbox 923 3562 1085 3626; x_wconf 89' lang='lat' dir='ltr'>consilium</span> <span class='ocrx_word' id='word_1_217' title='bbox 1108 3566 1139 3626; x_wconf 90' lang='lat' dir='ltr'>et</span> <span class='ocrx_word' id='word_1_218' title='bbox 1161 3562 1272 3628; x_wconf 86' lang='lat' dir='ltr'>decre-</span> 
     </span>
    </p>
   </div>
   <div class='ocr_carea' id='block_1_5' title="bbox 69 3664 1088 3749">
    <p class='ocr_par' dir='ltr' id='par_1_13' title="bbox 69 3664 1088 3749">
     <span class='ocr_line' id='line_1_32' title="bbox 69 3664 1088 3749; baseline 0.001 -20"><span class='ocrx_word' id='word_1_219' title='bbox 69 3678 84 3704; x_wconf 82' lang='lat'><strong>·</strong></span> <span class='ocrx_word' id='word_1_220' title='bbox 209 3668 275 3729; x_wconf 86' lang='lat' dir='ltr'>turn</span> <span class='ocrx_word' id='word_1_221' title='bbox 298 3665 370 3729; x_wconf 85' lang='lat' dir='ltr'>belli</span> <span class='ocrx_word' id='word_1_222' title='bbox 391 3665 525 3747; x_wconf 87' lang='lat' dir='ltr'>gerendi.</span> <span class='ocrx_word' id='word_1_223' title='bbox 571 3664 716 3730; x_wconf 92' lang='lat' dir='ltr'>Omnium</span> <span class='ocrx_word' id='word_1_224' title='bbox 738 3667 1001 3749; x_wconf 85' lang='lat' dir='ltr'>simplicissimum</span> <span class='ocrx_word' id='word_1_225' title='bbox 1024 3675 1088 3732; x_wconf 87' lang='lat' dir='ltr'>est:</span> 
     </span>
    </p>
   </div>
   <div class='ocr_carea' id='block_1_6' title="bbox 209 3770 1271 4071">
    <p class='ocr_par' dir='ltr' id='par_1_14' title="bbox 209 3770 1271 4071">
     <span class='ocr_line' id='line_1_33' title="bbox 308 3770 1147 3857; baseline 0.006 -25"><span class='ocrx_word' id='word_1_226' title='bbox 308 3770 349 3833; x_wconf 81' lang='lat' dir='ltr'>Et</span> <span class='ocrx_word' id='word_1_227' title='bbox 370 3789 515 3854; x_wconf 85' lang='lat' dir='ltr'>responsa</span> <span class='ocrx_word' id='word_1_228' title='bbox 537 3771 628 3836; x_wconf 89' lang='lat' dir='ltr'>simul</span> <span class='ocrx_word' id='word_1_229' title='bbox 650 3792 716 3854; x_wconf 85' lang='lat' dir='ltr'>quae</span> <span class='ocrx_word' id='word_1_230' title='bbox 741 3773 812 3845; x_wconf 85' lang='lat' dir='ltr'>sint,</span> <span class='ocrx_word' id='word_1_231' title='bbox 834 3792 886 3838; x_wconf 88' lang='lat' dir='ltr'>rex</span> <span class='ocrx_word' id='word_1_232' title='bbox 909 3774 1033 3857; x_wconf 88' lang='lat' dir='ltr'>optime,</span> <span class='ocrx_word' id='word_1_233' title='bbox 1055 3774 1147 3857; x_wconf 79' lang='lat' dir='ltr'>regis,</span> 
     </span>
     <span class='ocr_line' id='line_1_34' title="bbox 308 3877 1046 3962; baseline 0.003 -21"><span class='ocrx_word' id='word_1_234' title='bbox 308 3877 482 3949; x_wconf 74' lang='lat' dir='ltr'>audistiet</span> <span class='ocrx_word' id='word_1_235' title='bbox 503 3897 569 3962; x_wconf 80' lang='lat' dir='ltr'>quae</span> <span class='ocrx_word' id='word_1_236' title='bbox 592 3879 628 3940; x_wconf 83' lang='lat' dir='ltr'>do</span> <span class='ocrx_word' id='word_1_237' title='bbox 649 3897 760 3961; x_wconf 82' lang='lat' dir='ltr'>magno</span> <span class='ocrx_word' id='word_1_238' title='bbox 782 3878 934 3943; x_wconf 88' lang='lat' dir='ltr'>sententia</span> <span class='ocrx_word' id='word_1_239' title='bbox 956 3879 1046 3950; x_wconf 80' lang='lat' dir='ltr'>bello,</span> 
     </span>
     <span class='ocr_line' id='line_1_35' title="bbox 209 3982 1271 4071; baseline 0.003 -26"><span class='ocrx_word' id='word_1_240' title='bbox 209 3982 330 4046; x_wconf 80' lang='lat' dir='ltr'>sublata</span> <span class='ocrx_word' id='word_1_241' title='bbox 351 3983 443 4047; x_wconf 88' lang='lat' dir='ltr'>etiam</span> <span class='ocrx_word' id='word_1_242' title='bbox 469 3985 673 4068; x_wconf 84' lang='lat' dir='ltr'>geminatione</span> <span class='ocrx_word' id='word_1_243' title='bbox 694 3985 794 4048; x_wconf 86' lang='lat' dir='ltr'>inani:</span> <span class='ocrx_word' id='word_1_244' title='bbox 818 3995 844 4047; x_wconf 81' lang='lat' dir='ltr'>et</span> <span class='ocrx_word' id='word_1_245' title='bbox 866 4008 933 4069; x_wconf 82' lang='lat' dir='ltr'>qooe</span> <span class='ocrx_word' id='word_1_246' title='bbox 953 3986 1065 4051; x_wconf 79' lang='lat' dir='ltr'>aint-</span> <span class='ocrx_word' id='word_1_247' title='bbox 1084 3995 1110 4047; x_wconf 80' lang='lat' dir='ltr'>et</span> <span class='ocrx_word' id='word_1_248' title='bbox 1133 4007 1200 4071; x_wconf 76' lang='lat' dir='ltr'>quor</span> <span class='ocrx_word' id='word_1_249' title='bbox 1222 3985 1271 4048; x_wconf 77' lang='lat' dir='ltr'>eit.</span> 
     </span>
    </p>
   </div>
   <div class='ocr_carea' id='block_1_7' title="bbox 0 0 1344 5018">
    <p class='ocr_par' dir='ltr' id='par_1_15' title="bbox 0 0 1344 5018">
     <span class='ocr_line' id='line_1_36' title="bbox 0 0 1344 5018; baseline 0 0"><span class='ocrx_word' id='word_1_250' title='bbox 0 0 1344 5018; x_wconf 95' lang='lat' dir='ltr'> </span> 
     </span>
    </p>
   </div>
  </div>
 </body>
</html>
