2662 5062
424 716 453 771 1..
474 713 573 772 Senem
590 713 623 771 de
641 714 728 772 benef.
1009 714 1073 779 415
1107 696 1118 710 ι

38 935 118 982 non
142 916 281 989 habes,
302 892 427 999 'qnare
458 913 639 979 verearis.
694 914 895 982 Sontondnm
927 916 1116 1002 intersep-

44 1031 126 1084 sum
155 1018 310 1105 ingenti
345 1017 507 1103 quodam
535 1019 598 1099 (oio
617 1020 682 1084 iam
703 1021 874 1104 superiores
896 1023 969 1087 ante
990 1021 1117 1087 liodor-

46 1130 130 1204 tnm)
154 1127 192 1192 et
214 1123 488 1208 inexplicabili
510 1142 624 1190 muro.
668 1123 753 1191 Nihil
775 1129 824 1192 est
844 1126 982 1212 inepte,
1005 1127 1116 1193 necde

50 1233 205 1315 sepiendo,
227 1231 283 1297 sod
304 1230 344 1296 de
364 1230 637 1313 intersepiendoet
656 1230 842 1299 excludendo
865 1234 976 1318 agitur.
1018 1233 1116 1298 Prox-

53 1334 114 1403 ime
141 1339 214 1404 ante
245 1353 317 1400 cnm
347 1335 468 1400 Murato
489 1335 685 1401 scribendum
708 1353 791 1401 esse:
821 1339 1026 1419 proiecisti
1049 1357 1118 1404 er·

58 1441 116 1504 tre
151 1441 330 1507 mundum
363 1439 432 1523 (pro
468 1443 622 1519 metum)
658 1445 691 1507 et
731 1443 884 1510 sententia
923 1444 1049 1527 Epicuri
1084 1444 1119 1510 et

63 1546 229 1626 proiiciendi
257 1547 386 1613 verbnm
408 1548 440 1613 et
461 1546 526 1612 haec
546 1548 624 1630 ipso¹
654 1567 721 1632 qnae
742 1549 945 1614 coniiciuntur
966 1548 1004 1615 de
1026 1566 1116 1614 mnro

67 1647 222 1727 interiecto,
244 1655 310 1720 tam
331 1652 418 1737 gravi
440 1652 573 1718 convicio
595 1652 741 1729 clamant,
763 1655 808 1732 nt
831 1654 882 1737 qni
904 1653 944 1718 ad
965 1653 1030 1719 lnaec
1050 1671 1117 1718 snr-

71 1751 115 1820 des
133 1757 246 1824 hebent
265 1775 365 1835 ames,
388 1757 461 1841 quid
481 1757 521 1822 iis
542 1757 665 1835 faciam,
686 1759 833 1826 nesciam.
1178 1824 1179 1827 ,

154 1862 219 1930 Ibd.
243 1861 299 1935 20,
334 1861 582 1930 3manifestnm
614 1865 762 1931 mendum
790 1866 856 1931 haec
879 1865 1009 1931 habent:
1052 1864 1118 1928 In·
1218 1935 1221 1939 ,

75 1968 193 2044 gratos
223 1970 301 2042 est,
336 1967 401 2052 qni
438 1968 475 2033 in
506 1969 713 2037 referenda
746 1971 875 2056 gratia
906 1970 1117 2037 secundnm

74 2065 185 2139 delum
218 2073 341 2148 videt,
370 2072 433 2138 nisi
460 2074 530 2156 quis
561 2078 650 2157 putat
675 2075 785 2141 Latine
813 2075 875 2140 diei
908 2073 1117 2140 secundnm

76 2160 182 2244 detn'm
211 2180 251 2245 de
273 2195 351 2244 novo
372 2178 451 2244 dono
473 2181 545 2263 post
566 2184 754 2265 exspectato.
791 2180 964 2264 scripserat
985 2179 1117 2246 Seneca:

76 2279 127 2356 lui
143 2286 345 2351 secundnm
367 2293 491 2346 oenum
513 2287 570 2366 (rei
592 2287 624 2352 et
648 2287 735 2371 quasi
756 2287 881 2366 fabula)
902 2285 1020 2352 sidet

158 2388 222 2456 lbd.
246 2391 297 2468 21,
318 2390 350 2466 o,
374 2391 427 2456 nbi
449 2392 511 2456 est:
549 2410 656 2476 quem
689 2393 791 2458 mola
812 2392 1009 2474 interpres
1031 2389 1120 2472 opi·

76 2482 125 2550 flio
137 2491 169 2558 in
190 2486 435 2561 eontrarium
447 2497 620 2574 tradidit,
643 2495 837 2564 scribendum
851 2496 971 2561 videtur
986 2492 1117 2555 trodio.

76 2582 171 2668 (lein
193 2599 258 2665 his:
283 2599 476 2679 Quomodo
499 2605 559 2669 est
580 2603 751 2669 disertus
774 2604 895 2667 etiam
918 2599 1119 2684 quiescet

76 2686 171 2769 f0rtis
199 2705 315 2771 etiam
348 2708 412 2790 qni
444 2709 675 2791 compressis
705 2707 880 2773 menibus
909 2707 971 2771 vel
999 2705 1118 2770 etiam

77 2793 252 2890 illigatis,
275 2812 462 2894 quomodo
483 2812 725 2897 gubernator
740 2812 855 2878 etiam
878 2812 941 2895 'qni
959 2811 995 2875 in
1015 2811 1121 2876 sicco

77 2905 133 2984 ml
152 2914 282 2981 otemm
304 2919 370 3001 qni
390 2918 558 2986 tollendum
581 2919 653 3003 est.)

77 3104 84 3118 .
157 3019 282 3086 lbd31
313 3025 398 3102 extr⁸¹
428 3023 470 3087 32
500 3025 588 3091 init:
631 3024 789 3108 Nsrnpe,
823 3022 908 3087 dnm
942 3021 1119 3086 veterem

76 3106 167 3188 lllnm
188 3124 370 3193 Scaurum
475 3131 639 3216 cogitas,
660 3130 819 3214 indigne
840 3127 922 3192 fers
943 3125 1119 3193 subolem
1180 3199 1185 3204 ,
1315 3116 1316 3119 ’

77 3212 141 3289 eius
164 3230 302 3299 iacere.
345 3235 443 3301 Deos
465 3235 686 3303 verisimile
707 3238 782 3314 est,
802 3236 843 3319 nt
864 3233 964 3299 allos
986 3229 1121 3295 indol-

76 3333 211 3402 sentino
237 3339 414 3405 tractent
434 3344 591 3426 propter
611 3343 791 3426 parentes
813 3356 998 3422 avosque,
1020 3335 1121 3401 alios

75 3438 209 3521 Propter
230 3442 398 3511 intutam
420 3451 601 3532 nepotum
707 3445 888 3512 indolem.
940 3442 1117 3509 Ciceronem

75 3537 163 3610 ”tillon
185 3551 235 3614 eet
255 3548 418 3633 aliqnon'es
442 3552 563 3632 dixisse,
590 3575 653 3617 non
674 3572 734 3616 ense
753 3548 924 3624 verisimile,
946 3558 979 3611 ul
1000 3545 1122 3631 aliquid

68 3630 123 3717 fle
144 3671 197 3734 pro
220 3672 270 3728 eo,
301 3658 381 3740 qnod
409 3659 458 3724 est
485 3657 607 3743 olipzcid
630 3657 708 3744 fleri
728 3658 771 3737 (in
801 3646 956 3722 sententia
991 3649 1119 3735 neganti

3 3809 5 3825 .
75 3749 118 3856 ili
133 3757 366 3847 interrogatione
386 3764 581 3849 negationem
603 3761 822 3848 significanti);
845 3761 904 3825 hac
926 3759 1121 3823 atatemo

74 3848 110 3915 lit
125 3860 241 3932 loeutus
265 3869 425 3952 reperitur,
453 3869 566 3936 nedum
587 3871 623 3934 nt
643 3869 675 3934 in
697 3865 880 3934 affirmando
902 3865 1018 3930 diceret
1038 3861 1121 3925 oon·-

74 3954 154 4031 dno
174 3992 249 4049 me,
284 3983 327 4040 as.
381 3975 450 4040 Hoc
470 3982 559 4052 sero,
590 3993 682 4058 qnam
704 3971 899 4040 attractionis
921 3970 1045 4035 nomine
1067 3967 1122 4032 ob-

75 4056 160 4147 llsere
189 4082 347 4155 conantur,
380 4080 525 4146 orationis
556 4079 760 4163 apertissima
792 4076 989 4143 oonlneione:
1033 4070 1121 4135 Deos

76 4173 216 4246 ”monde
241 4195 284 4248 eet
304 4194 338 4248 ue
362 4185 489 4271 sociant
515 4202 605 4250 nemo
633 4202 768 4268 unquam
796 4201 870 4248 nens
903 4182 965 4255 est3
994 4193 1068 4242 nam
1088 4175 1121 4240 in

77 4274 166 4352 lullus
200 4289 277 4357 locis
309 4292 349 4357 ab
376 4291 520 4358 instituta
554 4291 689 4355 oratione
717 4289 838 4354 infinita
872 4276 1122 4376 doouoloddoo

77 4373 205 4459 tmmitur
224 4394 264 4459 ad
287 4396 418 4462 alteram
444 4396 575 4462 formam
608 4396 682 4472 (ut),
714 4394 738 4458 ii
770 4394 864 4478 longe
884 4391 982 4457 alium
1004 4388 1122 4455 habent

78 4485 216 4562 verborum
249 4500 281 4564 et
309 4502 470 4568 sententio
491 4501 629 4566 ordinem
655 4497 967 4582 implicationemque.
1011 4496 1122 4577 ltaque
