2648 5084
248 309 311 373 w
604 304 867 373 mmmm

308 510 342 576 P.
355 509 415 570 229
431 507 586 581 surditas)
608 506 725 569 Varro
745 502 937 568 Bimarco:
960 503 990 567 N
999 524 1016 568 e
1040 524 1095 569 me
1116 503 1246 587 pedatus

207 634 382 681 versuum
425 613 557 678 tardor
600 613 785 694 ueprenet
834 613 915 675 arte
971 630 1055 676 cum
1101 611 1249 694 prytiuou

209 723 423 807 (pritymou)
445 721 597 783 certum.
642 716 737 782 Scrib.

360 825 409 890 Ne
430 843 479 889 me
502 824 630 908 pedatus
653 841 794 888 versuum
819 821 920 887 tardor
943 822 1090 898 refrenet

359 936 426 998 arte
449 949 518 995 cum
542 928 653 1014 eseia
676 938 848 995 consortem.

309 1037 344 1102 P.
366 1035 428 1098 230
450 1037 584 1120 (vulgus)
618 1037 752 1101 Attius
779 1036 814 1099 in
838 1036 1055 1118 Eurysace:
1092 1034 1255 1100 Diffiduu
1287 1030 1290 1041 '

211 1147 337 1209 entem
365 1161 407 1207 ne
434 1142 565 1209 cidere
592 1142 722 1207 turbat
749 1142 903 1226 vulgum
932 1141 1118 1225 ambigue
1146 1142 1255 1228 accius

210 1249 350 1324 euitat,
392 1266 527 1313 moeros
562 1247 728 1313 dissicit.
783 1246 925 1311 Proxime
948 1246 1128 1312 litterarum
1152 1246 1257 1331 vesugt

211 1355 408 1438 sequentibus
430 1356 569 1439 emerget
589 1373 711 1419 verum:

410 1492 412 1495 ·
511 1460 669 1545 Diffidam
690 1463 804 1535 eutem,
826 1459 945 1544 neside

253 1568 384 1631 resorbet
404 1568 530 1652 vulgum
554 1568 756 1653 ambiguusc
778 1567 826 1629 ico
847 1566 946 1640 editui,
973 1582 1089 1630 moeros
1113 1566 1228 1630 dissicit.

211 1673 297 1739 Nihil
317 1674 480 1739 violentius
503 1675 639 1759 magisve
665 1672 863 1737 temerarium
895 1669 957 1734 vidi
981 1670 1148 1737 Ribbockii
1169 1673 1197 1737 in
1217 1671 1260 1735 hoc

214 1780 279 1846 loco
303 1779 493 1845 coniecturis.

312 1882 411 1950 Peos
420 1884 547 1960 (anime)
557 1888 588 1949 ct
596 1883 657 1947 334
667 1883 841 1968 (liquidum)
854 1884 972 1949 Verre
986 1884 1261 1951 Eumenidibus:

355 1990 503 2074 Phrygios
523 2010 577 2073 per
598 2010 665 2056 osse
677 2010 787 2057 cornus
803 1989 918 2073 liquide
932 1990 1017 2054 cauit
1039 1992 1156 2056 anime.

212 2093 332 2171 Nescio,
355 2097 506 2178 quomodo
519 2098 711 2162 accusativus
726 2097 915 2181 Phrygios
930 2116 1073 2162 cornus
1091 2116 1162 2162 cum
1174 2095 1264 2162 ceteris

214 2200 432 2286 coniungetur3
466 2204 545 2286 quod
567 2206 668 2269 autem
692 2204 813 2269 Riesius
843 2203 982 2266 cornui*
1013 2205 1118 2286 posuit
1140 2203 1264 2288 genetivo

214 2325 298 2382 cusu,
335 2327 393 2373 non
425 2310 575 2394 intelligo,
620 2309 692 2393 quid
726 2308 884 2374 adiectivo·
918 2308 1122 2393 Phrygios
1165 2309 1264 2375 fecerit

214 2412 414 2480 Scribendum
439 2416 583 2498 opinor:·
718 2422 722 2429 '
974 2415 975 2419 ’

349 2520 499 2606 Phrygios
522 2543 631 2606 perosa
654 2539 765 2587 cornus
786 2521 903 2605 liquido
925 2521 1009 2586 canit
1029 2522 1158 2587 enimu'

313 2625 379 2692 lbd.
396 2627 439 2701 (in
451 2627 561 2692 eedem
573 2638 658 2703 voce)
675 2626 783 2693 idem
794 2629 924 2703 (Attius)
939 2627 1264 2711 Epinuusimeche:

297 2732 341 2797 Ut
363 2751 441 2797 nuuc
464 2752 567 2816 quum'
580 2735 734 2799 animatus
755 2735 829 2809 iero,
855 2735 931 2799 setis
954 2740 1094 2800 armatus
1118 2754 1196 2800 sum.

216 2838 431 2913 (Ribbeckius:
456 2839 498 2903 Ut
520 2858 608 2914 nunc,
632 2859 701 2904 cum
724 2849 785 2915 en.)
829 2839 925 2905 Scrib.

297 2943 342 3009 Ut
362 2963 441 3009 nunc
462 2967 530 3007 eom
551 2947 715 3027 animatus,
737 2947 765 3008 si
784 2947 858 3021 iero,
881 2947 956 3011 setis
978 2951 1122 3033 armatus
1145 2967 1220 3013 sum.

313 3051 347 3118 P.
373 3050 433 3114 237
458 3051 584 3129 (editus)
617 3053 750 3117 Attius
775 3053 925 3117 Medea:

255 3157 340 3224 Tunc
363 3157 538 3235 Diomedes,
562 3161 648 3225 cuius
670 3160 788 3224 aditum
811 3161 990 3242 exspectuns
1012 3159 1134 3240 pervixi
1157 3176 1243 3242 usquc

1088 3265 1199 3332 adhuc.

312 3369 528 3436 Scribeudum:

413 3477 501 3541 Tune
522 3476 592 3538 itta
614 3477 726 3543 Medea
748 3496 790 3553 es,
813 3477 898 3542 cuius
920 3479 978 3542 cet.

312 3582 348 3648 P.
371 3582 429 3645 251
455 3581 584 3658 (cedere)
607 3583 790 3648 Lucilius
806 3581 875 3646 lib.
898 3579 1089 3648 XXVIH:

295 3676 358 3753 Vel'
377 3690 403 3754 si
426 3689 484 3754 elio
505 3708 579 3772 opus
602 3691 652 3755 sit.
675 3690 740 3754 fore
763 3689 790 3753 si
812 3688 881 3752 hinc
904 3687 1004 3770 eliquc
1025 3691 1168 3757 cesseris

313 3794 445 3859 Rectum
468 3796 540 3859 erit:

296 3899 354 3964 Vel
376 3901 402 3964 si
423 3900 483 3965 elio
507 3920 580 3984 opus
604 3902 762 3985 estserae
784 3901 854 3965 bino
878 3899 980 3983 aliquo
1004 3905 1147 3968 cessen's.

315 4003 348 4067 P.
369 4004 430 4066 262
453 4010 668 4082 (consternere,
692 4009 740 4072 vel
753 4008 865 4091 potius.
888 3989 1080 4085 confirmare,
1104 4014 1140 4074 ut
1153 4008 1269 4084 Bothies

90 4092 134 4185 ,”·
213 4102 302 4186 cidit)
325 4111 509 4176 Pacuvius
531 4114 569 4176 in
592 4113 784 4178 Periboea:
