2678 5016
544 604 664 664 Ovidius.
1059 614 1100 678 99

175 805 320 872 Fortasse
334 821 374 873 ne
389 805 529 869 loturum
544 803 667 887 quidem
682 804 777 873 fuisse
793 808 877 887 dicit,
891 810 927 874 nt
940 809 976 884 is,
994 811 1033 876 ed
1048 831 1141 895 quem

72 910 189 988 scribit,
216 929 249 975 se
270 911 463 993 propioribus
493 909 601 975 vinclis
628 911 902 995 complecteretur,
928 915 954 980 si
976 915 1057 982 bone
1078 917 1141 983 lor·

75 1019 150 1081 tune
166 1019 314 1099 perpetuo
337 1035 412 1081 usne
431 1018 530 1090 esset;
569 1015 669 1096 ipsum
692 1036 782 1083 suum
813 1038 918 1084 cesum
941 1011 1057 1104 optimo
1085 1021 1140 1087 ho-

172 1223 242 1291 rno.
266 1225 323 1301 111,
347 1224 397 1302 ro,
419 1224 439 1287 s
460 1228 555 1309 sqq·
671 1210 688 1238 ⁰

162 1396 165 1401 ,
216 1330 352 1395 Aleum
375 1329 475 1395 tristis
496 1331 594 1397 hiems
617 1332 791 1416 squalentia
813 1334 940 1416 protulit
960 1352 1013 1399 ore

263 1437 405 1518 terreque
427 1454 595 1501 marmoreo
617 1438 749 1509 onndidnss
767 1439 850 1505 laete
870 1439 941 1524 gelu
962 1442 1020 1517 est,

126 1596 129 1601 .
216 1541 291 1606 dum
312 1542 399 1607 vetut
420 1541 452 1605 et
473 1541 579 1607 boreos
604 1543 636 1606 et
657 1543 707 1608 nir
729 1543 869 1609 habitare
891 1546 948 1610 sub
969 1548 1063 1622 arcto,
1101 1530 1104 1534 ⁴

258 1649 325 1711 tum
347 1646 455 1730 liquet,
477 1645 533 1712 hes
554 1650 664 1732 gentes
686 1666 740 1712 exe
762 1649 913 1712 tremente
934 1648 1041 1731 premi.

172 1752 310 1817 Versum
342 1753 378 1815 ll
413 1754 587 1834 oonuptum
614 1771 681 1817 esse
705 1752 903 1829 consentitur,
926 1752 957 1817 in
981 1770 1039 1835 quo
1061 1760 1138 1814 velot

73 1859 249 1923 oonieoture
277 1856 418 1922 Merkelii
440 1856 556 1934 editur,
589 1858 744 1923 sententie
776 1857 902 1922 minime
934 1858 1037 1932 recte,
1071 1875 1137 1940 quse

75 1962 139 2028 lrrec
161 1963 310 2036 efficitur,
333 1961 407 2026 dum
429 1962 467 2027 ob
488 1964 612 2028 boream
636 1966 668 2028 et
690 1964 791 2028 niuem
815 1962 948 2026 habituri
974 1962 1031 2027 sub
1053 1964 1137 2026 eredo

73 2087 129 2133 non
150 2070 265 2152 possit,
297 2071 365 2133 tum
386 2067 502 2150 liquere
530 2070 659 2152 genter,
692 2087 759 2152 quie
783 2066 825 2132 ibi
848 2066 989 2132 habitent
1009 2066 1058 2149 (l),
1082 2085 1136 2132 nxe

75 2176 226 2239 tremente
252 2172 361 2255 premi.
411 2171 557 2240 Codicum
590 2173 742 2257 scripture
762 2193 823 2239 non
846 2174 922 2239 setis
944 2175 1027 2238 certo
1048 2173 1135 2237 tene·

74 2281 137 2355 tur;
171 2278 292 2342 ridetur
312 2278 416 2344 temen
447 2279 478 2343 in
501 2278 653 2362 plerisque
676 2279 768 2345 fuisse
791 2279 864 2341 dum
882 2288 987 2363 potet,
1024 2276 1135 2345 deinde

73 2381 219 2462 uocare,
242 2383 320 2467 quod
343 2385 375 2448 in
398 2403 459 2449 uno
479 2402 600 2450 erenum
617 2384 746 2462 videtur,
770 2384 995 2467 suprascripto
1018 2385 1135 2449 iniecto.

76 2487 108 2553 si
128 2488 267 2552 laniem
287 2490 415 2573 entique
429 2490 579 2572 scripturo
596 2491 653 2563 est,
676 2490 835 2555 sententie
856 2490 955 2555 forme
974 2490 1041 2555 haeo
1061 2489 1134 2553 luit:

191 2593 266 2658 dum
287 2594 369 2657 volat
390 2597 422 2659 et
443 2597 550 2661 boreos
571 2596 604 2659 et
624 2595 684 2669 nir,
707 2595 846 2660 habitere
868 2595 925 2662 sub
947 2596 1031 2660 croto

256 2702 323 2763 tum
345 2698 443 2779 liquet
462 2697 518 2762 hos
539 2701 658 2782 gentes,
681 2717 735 2764 ere
758 2700 910 2766 tremente
933 2699 1040 2783 premi

172 2804 237 2869 lbd.
261 2804 297 2880 V,
320 2803 350 2876 8,
373 2802 413 2864 29
434 2804 466 2867 et
488 2801 530 2864 30
553 2803 603 2879 (de
628 2804 798 2887 Augustolz

176 2909 383 2992 Exemploque
405 2908 506 2985 deum,
529 2908 637 2990 quibus
659 2925 838 2973 accessurus
860 2907 978 2990 etipse
1000 2906 1058 2985 est,

239 3033 310 3080 cnm
330 3031 427 3096 poenae
450 3012 538 3076 venie
565 3013 653 3096 pluro
673 3011 808 3097 rogando
832 3013 946 3095 pedem.

172 3121 223 3186 Sic
236 3120 301 3186 fere
315 3118 443 3196 codices,
467 3117 526 3182 elsi
547 3120 578 3181 et
599 3118 630 3181 in
652 3117 913 3201 repondolevitor
935 3116 1080 3197 veriat-ur,
1104 3108 1149 3181 et

77 3242 128 3307 pro
146 3234 251 3309 petam
271 3242 350 3288 nnus
372 3225 404 3287 et
425 3221 503 3286 alter
516 3231 609 3305 putot
630 3223 743 3288 hebere
764 3222 906 3298 truditur.
950 3212 1136 3287 Coniecturae

77 3329 210 3396 infelices
243 3329 380 3406 inerunt3
413 3327 486 3410 qnid
521 3330 569 3392 est
601 3327 700 3407 eninr,
733 3330 768 3394 nt
802 3329 859 3394 hoo
890 3326 1028 3409 exemplo
1058 3329 1136 3404 utar,
1254 3391 1272 3410 ,ω

75 3436 250 3519 Augustum
280 3456 348 3496 oum
372 3455 473 3517 poeuoe
494 3434 580 3496 verrio
596 3432 693 3518 plura
715 3454 826 3517 sopore
847 3433 990 3495 daturum
1011 3434 1137 3514 (copore

74 3535 198 3620 datio?
242 3540 418 3604 Artemon
448 3537 570 3603 initium
598 3538 819 3604 emendationis
844 3540 876 3603 et
904 3536 1136 3603 fundumentum

74 3645 163 3712 incile
179 3647 229 3710 ent
243 3645 365 3727 repertu
380 3661 416 3708 eo
430 3646 560 3721 eertum,
582 3646 767 3729 Augustum,
790 3647 825 3708 ut
847 3644 930 3717 deos,
954 3661 1014 3709 non
1037 3642 1142 3733 solum
1251 3714 1259 3729 f

73 3770 169 3834 poenae
191 3749 383 3834 imponendae
405 3749 460 3814 sed
482 3749 575 3814 etiem
598 3749 695 3815 venire
718 3750 826 3816 dendae
849 3750 897 3815 ius
919 3766 1009 3814 nosse
1031 3750 1062 3814 et
1082 3748 1135 3814 ho·

74 3857 152 3922 bere.
197 3857 307 3939 Itaque
329 3855 455 3921 Ovidius
477 3857 532 3920 aut
553 3854 597 3921 sic
619 3855 754 3938 scripsit:

267 3980 337 4026 cum
360 3979 455 4044 poenae
477 3963 570 4023 venire
594 3962 664 4023 iuro
684 3969 794 4044 reputo
809 3968 910 4044 putot,

74 4065 130 4132 loe
152 4070 210 4145 est,
233 4086 304 4132 cum
326 4067 499 4149 poenaeiure
512 4066 652 4146 (iuribus)
665 4066 759 4131 etium
772 4065 866 4130 ueniae
888 4064 955 4129 iure
976 4066 1042 4149 lege
1065 4083 1136 4130 eon·

76 4172 184 4238 stituts
205 4173 238 4237 et
258 4172 318 4237 eibi
340 4172 430 4249 date,
454 4174 508 4238 eut
528 4174 670 4256 proxime,
693 4171 786 4234 oenioe
806 4170 876 4232 iuro
897 4169 1020 4252 quidem
1043 4172 1135 4237 certe.

173 4278 238 4343 lbd.
261 4278 299 4353 V,
325 4277 372 4352 10,
396 4277 415 4338 9
437 4296 502 4361 sqq.
550 4277 717 4362 Postquam
739 4278 828 4358 poete
856 4275 940 4350 dixit,
969 4295 1137 4359 numquam

80 4382 137 4447 sibi
159 4386 212 4448 eut
231 4385 336 4448 noctes
359 4383 465 4448 breves
493 4386 547 4447 eut
579 4382 644 4447 dies
675 4382 740 4447 lieri
768 4380 991 4446 adlevandum
1013 4383 1044 4446 et
1066 4399 1137 4446 oon-

907 4486 939 4539 μ
