2580 5054
222 302 262 364 16
598 299 659 352 Lrb.
678 298 700 352 L
722 301 789 366 Cap.
808 297 830 351 L

177 505 376 582 propagatur,
397 497 430 562 in
453 513 515 579 qna
530 503 639 579 preter
654 502 822 560 extremam
838 513 950 560 vocem
965 499 1073 561 emnia
1088 492 1233 560 rectissima

182 610 271 679 sunt3
293 624 364 669 nam
387 603 470 687 qnod
492 602 620 685 quidam
641 602 768 666 verbum
794 602 965 686 ἐκτρίβων
979 600 1160 667 calumniati
1173 601 1233 671 emt

181 711 376 793 aptissimum
391 711 422 774 id
439 708 541 774 estad
555 708 663 773 cetum
680 707 856 772 durissimis
871 708 1017 773 Atlantis
1034 708 1134 792 tergis
1145 705 1235 770 itaim»
1257 788 1259 799 J

181 816 316 898 pesitum
338 814 586 899 dgnificandum,
607 816 646 878 nt
667 833 727 879 uon
742 815 845 878 minus
858 814 976 898 globus
991 815 1130 880 caelestis
1143 813 1236 877 teratur

174 942 275 1005 qnam
289 925 386 1005 terga
423 922 572 1004 Superest
592 921 690 1004 igibnr
708 939 805 984 unum
825 925 1011 1002 certumque
1026 920 1062 986 in
1078 921 1140 986 tine
1154 936 1233 983 verm

182 1027 341 1106 mendum,
356 1029 438 1111 qnod
452 1028 612 1092 lenissima
626 1026 840 1091 emendatione
854 1025 988 1103 tollitur,
1005 1045 1064 1109 pro
1079 1028 1172 1093 θεῶν
1183 1024 1235 1089 snb

183 1135 292 1198 stitnto
306 1137 420 1199 νέαν.
454 1133 533 1199 Cum
544 1133 609 1198 sale
620 1132 753 1215 quodam
769 1136 801 1197 et
814 1131 885 1196 lusu
897 1132 1076 1199 Mercurius
1089 1134 1237 1202 Atlantem,
1260 1127 1261 1132 ’

182 1241 236 1323 qui
269 1259 360 1305 senex
392 1241 522 1324 tingitur
553 1243 587 1303 et
616 1239 775 1322 antiquam
797 1234 980 1319 (παλαιάν)
1002 1240 1133 1305 deornm
1154 1239 1236 1303 sedern

183 1345 332 1417 sustinet,
364 1365 456 1411 anam
489 1366 526 1410 ex
555 1345 725 1410 iuvenculis
757 1350 789 1410 et
820 1347 948 1411 noviciis
983 1347 1104 1411 deabus
1136 1361 1238 1409 uxoren

184 1454 304 1518 duxisse
326 1452 413 1519 dicit.
456 1451 558 1532 Quam
579 1451 670 1516 saeile
691 1451 791 1533 prima
812 1455 916 1516 littera
931 1455 1018 1519 vocis
1034 1455 1133 1529 νέαν,
1147 1451 1236 1517 eaden
1265 1484 1266 1489 =

184 1558 409 1642 praecedentem
444 1578 551 1624 vocem
583 1559 780 1636 terminante,
813 1557 953 1624 excidere
976 1561 1125 1640 potnerit,
1149 1556 1239 1622 deinde

183 1666 225 1730 ad
257 1666 438 1731 venabulum
464 1666 589 1748 plenum
613 1664 810 1730 efficiendum
840 1673 868 1730 θ
895 1664 979 1737 addi,
1010 1664 1092 1731 nihil
1114 1683 1185 1750 opus
1204 1666 1241 1727 et

183 1773 337 1854 persequi.

339 1913 398 1974 174
420 1932 506 1998 sqq:

287 2010 329 2083 οὐ
351 2020 461 2086 αειόει
484 2020 600 2106 χωρῶν
622 2023 660 2084 ἐν
682 2018 791 2092 δίναις

286 2139 362 2198 ταῖς
383 2118 549 2213 Ἀλφειοῦ
571 2116 784 2212 παιδούργει,

288 2225 312 2312 ἢ
334 2226 445 2305 νάπος
462 2229 652 2318 ‘Iudaeum

181 2361 391 2440 ’81οοοι1ἰοοι,
414 2362 474 2426 nisi
497 2363 579 2445 quod
607 2367 644 2427 ἐν
672 2367 745 2427 ante
768 2362 878 2435 δίναις
906 2360 1027 2425 omittit
1047 2362 1145 2427 codex
1168 2359 1245 2424 i'ala·

188 2468 271 2533 tinus
293 2472 325 2533 et
354 2470 482 2534 fortasse
514 2468 745 2534 Laurentianus.
799 2470 893 2534 Recte
925 2467 1048 2551 pridem
1079 2468 1246 2533 restitntun
1289 2512 1290 2520 ι

179 2594 255 2641 >esse
277 2576 375 2651 δίνας
396 2571 459 2649 coia
479 2567 645 2658 Ἀλφειοῦ
668 2577 807 2641 ostendit
828 2576 860 2640 et
880 2573 1006 2660 χορῶν,
1039 2574 1125 2656 quod
1146 2573 1246 2655 alioqui
1273 2563 1274 2566 ’

187 2702 311 2767 prorsus
347 2682 497 2760 abundat,
531 2689 563 2746 et
595 2681 727 2747 maxime
764 2682 847 2766 qnod
888 2681 1051 2747 subiicitur
1090 2676 1114 2766 ἢ
1151 2674 1247 2752 νάιοι

181 2787 361 2873 Ἴσθμιον.
395 2786 456 2853 Sed
479 2789 510 2853 in
532 2790 662 2871 utreque
683 2807 773 2853 versu
795 2789 913 2874 syllaba
933 2788 1028 2874 longa
1043 2788 1144 2866 deest
1163 2804 1247 2871 neque

186 2892 387 2975 interrogatio
408 2894 464 2960 illa
486 2888 530 2962 οὐ
550 2898 659 2962 πείσει
682 2897 767 2960 recte
789 2897 931 2962 absoluta
951 2896 1089 2978 ponitur,
1117 2895 1248 2979 queniam

186 2998 272 3063 nulla
301 3003 459 3082 praecessit
489 3001 671 3069 adhortatio.
719 3003 849 3087 Utrique
870 3002 1067 3067 incommodo
1099 3000 1248 3067 subveniet

186 3102 253 3168 baec
274 3106 444 3190 scriptura:

286 3205 328 3277 ου’
350 3214 461 3280 asinar
485 3215 554 3280 nal
577 3215 693 3300 χωρῶν
715 3214 811 3288 δίνας

286 3313 348 3393 re'c
370 3314 534 3407 Ἀλφειοῦ
557 3314 871 3409 παιδουργήοιι

286 3420 308 3510 ἢ
331 3417 443 3501 νάπος
460 3423 647 3512 'ledarum

184 3547 283 3614 Recte
305 3550 337 3615 et
357 3552 471 3617 usitate
499 3551 735 3639 interrogationi
763 3551 913 3636 negativae
938 3551 1125 3632 imperantis
1148 3555 1179 3615 et
1199 3547 1249 3613 mi·

186 3655 288 3720 nantis
320 3656 497 3743 adiungitur
529 3680 583 3743 per
616 3661 672 3725 καί
694 3659 881 3724 affirmativa
907 3657 1009 3741 ipsum
1032 3657 1067 3722 id
1089 3658 1249 3724 moenere

177 3760 267 3842 quod
289 3763 357 3828 fieri
378 3764 511 3832 iubetur.

285 3902 356 3970 331.
384 3904 553 3991 Postquam
569 3927 587 3972 a
602 3906 716 3972 Creusa
730 3907 936 3991 interrogatus
955 3904 1020 3982 Ion,
1036 3925 1113 3970 num
1129 3908 1248 3972 matrem

188 4024 275 4071 suam
298 4008 435 4077 invenire
457 4015 586 4078 conatus
608 4013 659 4089 sit,
680 4011 842 4098 respondit
862 4031 895 4077 se
913 4011 1034 4076 nullum
1051 4012 1176 4086 habere,
1197 4027 1249 4094 (1110

185 4114 300 4193 utatur,
329 4114 477 4183 indicium
508 4119 668 4203 signumve
701 4113 922 4207 (τεκμήριον),
952 4118 1071 4186 Creusa
1097 4115 1251 4201 subiungit
