2626 5070
229 309 291 373 358
584 307 646 364 Lib.
659 305 854 376 V111.Cap.11.

189 512 255 575 orte
279 512 312 573 et
332 507 578 584 instrumentis):
622 506 668 570 st
689 505 875 571 membris
904 507 1074 592 singulis
1096 512 1136 575 et
1157 510 1259 576 arti-

188 612 291 678 culis
329 612 483 696 singule
516 611 730 676 docuerunt
766 611 1092 679 machinamenta.
1145 615 1258 699 Neque

187 718 359 783 subiectum
395 717 492 782 ullum
523 714 609 781 uerbi
632 717 698 794 ost,
734 734 833 798 nequo
866 720 971 780 docere
1003 705 1254 786 machinamento

186 822 297 888 Latine
331 822 484 899 dicuntur,
518 821 569 903 qui
602 821 772 887 inveniunt.
821 821 918 889 Scrib.
950 822 1107 907 singule
1140 846 1257 888 nocn-

187 937 298 991 erunt
329 927 660 1002 machinamentm
696 926 760 989 sed
786 926 902 992 video
935 929 972 992 et
993 930 1172 1006 mortem,
1203 939 1252 1005 (er

185 1035 230 1098 A:
257 1034 425 1100 etvideo
450 1031 720 1110 etmortem).¹)
1050 1109 1053 1115 ¹
1129 1035 1133 1041 '

285 1138 352 1203 lbd.
376 1138 433 1214 21,
463 1139 479 1198 1
510 1138 575 1201 iure
596 1136 730 1202 Hessius
757 1139 827 1218 post
847 1136 986 1220 lipsium
1014 1137 1106 1203 hsesit
1132 1138 1165 1202 in
1186 1138 1247 1205 his:

186 1243 241 1308 Ad
263 1244 533 1309 brevissimum
555 1244 705 1324 tempus
729 1241 842 1322 editi,
875 1243 953 1307 cito
985 1244 1137 1308 cessuri
1164 1244 1249 1309 loco

185 1349 362 1415 venienti
394 1349 435 1412 in
461 1348 614 1429 pactum
646 1347 714 1412 hoe
735 1347 1001 1430 prospicimus
1022 1347 1245 1431 hospitium.

184 1453 266 1520 Num
298 1472 397 1537 neque
429 1472 499 1517 cum
530 1452 710 1517 venienti
746 1471 846 1536 neque
879 1472 949 1517 cum
982 1455 1248 1536 prospicimus

184 1561 231 1626 sic
264 1558 404 1642 coniungi
435 1558 472 1622 in
504 1559 656 1641 pactum
684 1560 803 1642 potest,
840 1559 876 1622 ut
905 1558 1059 1650 sententis
1086 1560 1246 1625 efficiatur.

184 1665 246 1731 Sed
267 1665 441 1732 venienti
474 1665 591 1729 rectum
616 1663 793 1746 etpropter
820 1663 1079 1747 prospicimus
1101 1682 1244 1732 necessu·

184 1771 265 1835 rium
289 1772 345 1835 est.
391 1768 607 1853 significantur
636 1773 778 1851 parentes
807 1769 912 1835 liberis
942 1769 1107 1834 nascituris
1139 1770 1243 1836 mnndi

185 1877 217 1939 et
238 1874 310 1938 vilse
327 1874 506 1957 hospitium,
526 1875 559 1939 in
581 1892 639 1958 quo
663 1875 809 1938 moneant
830 1874 1066 1958 aliquantisper,
1097 1876 1247 1959 prospici·

186 1981 287 2058 entes„
336 1979 437 2045 Huius
470 1980 595 2062 hospitii
617 1998 730 2063 genus,
766 1979 926 2061 periculis
942 1983 974 2046 et
1004 1979 1104 2046 turbis
1132 1982 1244 2056 infesti,

184 2084 392 2169 significatum
419 2105 438 2150 a
465 2087 583 2150 Senecs
609 2088 683 2168 puto
710 2086 936 2171 scriptumque:
973 2085 1150 2159 venienti
1177 2086 1246 2148 im-

178 2199 360 2275 pacatum
403 2190 474 2255 hoc
517 2188 786 2274 prospicimus
811 2191 1035 2274 hospitium.
1088 2192 1245 2259 Vocabulo

183 2314 257 2361 usus
279 2298 328 2363 est
349 2294 464 2361 Sonecs
485 2295 523 2361 de
543 2296 590 2360 ira
611 2297 669 2372 lIl,
695 2295 745 2376 27,
767 2296 796 2357 4.
825 2296 969 2379 Sequitur
992 2297 1051 2376 (4J2
1096 2298 1246 2364 Deinde

183 2402 216 2467 si
257 2400 487 2466 immoturus
530 2402 718 2477 decessit;
761 2402 862 2487 uixit
904 2402 1016 2478 enim,
1060 2408 1245 2486 quantum

183 2506 318 2572 debuit
349 2506 496 2580 vivere
540 2504 656 2571 nihil·
681 2503 751 2572 illi
779 2507 856 2572 iem
889 2507 994 2573 ultre
1024 2515 1245 2593 supererat

182 2611 377 2694 Superiores,
407 2610 527 2676 codices
563 2610 763 2696 interpolatos
800 2631 913 2696 paucos
950 2615 1056 2688 secuti,
1095 2616 1244 2682 violenter

182 2717 383 2799 scripserant:
427 2716 572 2781 Deinde
616 2735 688 2782 non
728 2718 973 2804 immaturum
1012 2720 1149 2786 Hessius
1192 2741 1243 2788 ser

180 2823 275 2888 verbu
306 2821 453 2887 excidisse
491 2821 530 2886 ob
558 2823 727 2905 repetitum·
750 2824 877 2889 verbum
902 2823 1080 2894 decessit
1111 2827 1241 2909 putavit

180 2927 283 2992 Adest
311 2925 429 2991 facilior
460 2928 492 2991 et
520 2927 631 2993 certior
661 2928 845 3023 medicinor
874 2929 1034 2994 Deinde
1061 2931 1140 2993 sibi
1166 2954 1244 2993 ma-

90 3102 96 3114 *
181 3032 491 3098 tornodecessit.
535 3032 876 3100 Proximohaeosuut:
919 3033 1242 3103 Nouunshomi·

179 3139 296 3203 nibus
329 3141 517 3204 senectus
548 3141 623 3214 est,
655 3142 697 3204 nt
731 3158 777 3204 ne
808 3139 1042 3206 animalibus
1070 3142 1239 3225 quidem3

178 3245 289 3310 intrs'
306 3244 619 3328 quattuordecim
651 3244 819 3328 quaedum
841 3264 962 3310 annos
984 3245 1239 3332 defatigarit,

179 3352 219 3414 et
249 3349 326 3414 haec
358 3348 441 3415 illis
478 3349 707 3434 longissimo
744 3353 835 3415 setus
869 3353 942 3430 est,
985 3370 1062 3435 quae
1093 3353 1239 3419 homini

178 3455 318 3538 primo.
362 3454 495 3520 Pronum
529 3459 577 3522 est
605 3457 775 3539 perlectum
804 3467 887 3533 (nam
915 3457 1023 3522 soristi
1049 3456 1149 3524 Graeci
1170 3457 1254 3523 imi-

181 3561 258 3626 tatio
282 3560 397 3627 frustru
423 3561 505 3627 inter
536 3561 647 3646 duplex
673 3563 731 3628 est
760 3561 952 3643 advocetur),
979 3581 1035 3628 nec
1063 3567 1150 3631 recte
1170 3583 1254 3630 sen-

211 3893 236 3959 ¹)
255 3897 271 3958 S
288 3895 306 3948 4
325 3897 395 3948 recte
414 3892 559 3958 editiones,
586 3893 668 3977 etiem
686 3892 819 3948 Fickerti:
847 3909 940 3963 quem
967 3894 1134 3950 infelices
1156 3895 1254 3950 relir

251 3983 339 4050 qnlae
373 3986 462 4038 sunt.
505 3984 658 4039 lleusius'e
685 3984 758 4039 codd.
788 4002 856 4054 qne
885 3986 1165 4044 infelicitate
