2662 5062
283 286 347 352 410
449 339 452 344 .
640 287 785 347 novun
793 289 916 359 (laplll.

245 491 383 575 Ipsorum
406 487 568 555 verborum
589 486 762 553 emendatio
786 487 906 561 ineerta
927 489 990 564 est;
1022 490 1128 571 potest
1159 489 1305 573 scriptum

243 595 356 662 inisse:
389 595 472 660 sivo
596 592 801 661 abducite
829 592 932 658 tutis
955 593 1027 673 (hoc
1049 594 1180 660 abaliis
1202 595 1305 661 insen·

243 703 311 767 tum
353 701 431 767 satis
463 700 684 774 tetbertum),
717 698 755 758 in
786 696 938 764 nullum
970 699 1112 765 malum
1155 700 1208 777 (in
1241 701 1305 766 add

222 869 224 873 ,
244 806 392 886 Hessius)
416 805 518 871 vires
539 803 617 868 ciri
636 822 655 869 a
676 803 797 869 semet
818 802 900 886 ipso
923 804 1007 888 peti
1038 806 1181 888 patiar.

343 908 412 977 Ibd.
446 910 502 988 18,
535 909 569 975 3;
612 908 810 992 Aquibus
841 925 929 993 ergo
961 909 1221 993 accipiemus?
1262 912 1305 978 Ul

242 1015 418 1081 breviter
439 1014 529 1082 'tibi
560 1013 832 1098 respondeam:
876 1014 933 1080 Ab
955 1013 1029 1094 his,
1062 1017 1206 1099 quibus
1238 1018 1305 1083 de·

244 1119 349 1185 disse
385 1120 593 1186 videamur.
662 1120 757 1185 Num
800 1119 914 1185 etiam
957 1121 1104 1188 maiore
1147 1121 1305 1191 delectu

242 1226 469 1310 quarendus
491 1227 568 1300 est,
603 1226 666 1291 cui
689 1225 896 1293 debeamus
928 1246 1035 1310 quam
1058 1228 1119 1292 cui
1143 1231 1305 1311 praeste-

243 1334 351 1397 mus-l
393 1331 527 1396 Prsvum
550 1349 619 1396 csse
640 1330 792 1398 dedisse
819 1331 1017 1397 videamur
1053 1336 1139 1399 recte
1172 1334 1305 1417 superio

243 1455 294 1503 res
315 1434 546 1513 intellexerant3
578 1438 658 1503 banc
690 1438 771 1503 enim
794 1455 861 1503 esse
890 1438 1089 1517 sententiam,
1112 1439 1151 1503 ab
1175 1440 1216 1505 iis
1237 1439 1305 1506 solis

244 1540 428 1609 beneficium
450 1542 548 1626 accipi
570 1542 697 1622 debore,
730 1542 841 1626 quibus
875 1543 969 1608 etiam
1000 1543 1128 1610 honeste
1150 1544 1219 1609 dari
1241 1563 1305 1629 pos·

244 1648 295 1714 set
326 1647 465 1732 (dequo
498 1649 570 1713 ante
602 1647 765 1732 quesitum
787 1651 863 1727 est);
896 1649 1058 1714 confirmat
1089 1649 1156 1714 brec
1193 1654 1305 1734 aperte,

244 1753 325 1836 qnod
346 1753 498 1836 sequitur:
526 1753 585 1819 cui
607 1754 815 1819 debeamus
837 1759 869 1830 (a
890 1772 950 1836 quo
973 1754 1173 1837 accipiamus)
1197 1776 1305 1840 quam

244 1857 304 1924 cni
332 1861 558 1939 prestamus
587 1859 732 1938 (demus).
776 1857 839 1925 Sed
870 1859 1150 1943 violenteripsum
1173 1862 1305 1927 videa·

244 1982 325 2028 mnr
356 1965 494 2030 mutatur
524 1967 556 2030 in
591 1965 788 2031 vellemus.
836 1964 877 2030 nt
904 1983 990 2029 num
1016 1964 1097 2030 nude
1119 1967 1256 2048 positum
1278 1970 1305 2033 ol

118 2081 119 2084 ’
244 2069 451 2153 superioribus
484 2070 655 2137 subiectum
691 2070 785 2136 habet
816 2069 933 2154 aliquid
964 2069 1152 2138 offensionis.
1205 2074 1305 2140 Potine

245 2174 575 2259 igitursicscriptum
599 2177 694 2241 luisse
717 2176 838 2260 opinor:
881 2175 936 2240 Ab
966 2175 1041 2253 bis,
1079 2178 1220 2259 quibus
1243 2179 1305 2244 de·

243 2280 350 2346 disse
398 2280 620 2367 [vellemne]
696 2280 913 2360 Videamus,
956 2300 1041 2347 num
1072 2284 1190 2349 etism
1229 2304 1305 2350 ma·

241 2387 323 2452 iore
344 2385 495 2452 dilectu
521 2386 748 2471 quaerendus
770 2387 833 2462 eit,
856 2387 919 2452 cui
945 2389 1003 2453 cet
1041 2388 1166 2472 Lipsius
1189 2391 1305 2476 eogita-

243 2492 297 2557 bat
319 2490 357 2556 de
379 2491 579 2558 videamur
610 2493 641 2557 in
661 2510 866 2559 voveamus
895 2495 950 2559 aut
978 2493 1218 2578 gaudeamus
1240 2515 1305 2562 mu·

242 2596 346 2663 tando.

342 2702 410 2768 Ibd.
434 2702 490 2767 26:
537 2700 687 2781 Quanto
721 2704 901 2787 consequi
933 2703 1043 2788 plura
1077 2705 1305 2788 potuissem,

239 2808 275 2873 si
310 2808 421 2874 illum
465 2809 532 2872 ant
562 2807 675 2874 illum
714 2812 780 2874 aut
821 2829 878 2874 me
910 2810 1033 2876 colore
1068 2810 1305 2878 maluissem.

244 2912 517 2980 Perversissimnm
542 2917 591 2981 est
611 2918 677 2981 aut
709 2917 787 2992 me:
816 2915 953 2999 queritur
974 2915 1056 2981 enim
1077 2915 1186 2992 homo,
1220 2918 1305 3001 plura

243 3037 277 3084 se
299 3020 445 3104 consequi
465 3021 619 3104 potuisse,
653 3021 680 3087 si
701 3020 790 3085 illum
822 3024 878 3089 aut
905 3023 994 3088 illum
1021 3022 1187 3106 patronum
1209 3024 1305 3106 potius

241 3123 387 3192 coluisset
420 3145 511 3209 quam
533 3127 624 3193 hunc.
676 3126 785 3212 Itaque
812 3127 1008 3194 scribendum
1037 3127 1102 3193 sine
1130 3127 1224 3193 dubio
1245 3131 1305 3194 est:

240 3230 351 3296 illum
374 3234 439 3297 ant
460 3233 576 3299 illum
598 3254 619 3294 c
638 3249 697 3297 me
720 3231 795 3296 coli
814 3232 1048 3299 maluissem.
1091 3232 1173 3298 Nam
1196 3234 1305 3301 illum

240 3339 307 3400 aut
329 3335 442 3403 illum
464 3356 520 3403 me
541 3338 670 3403 colere
692 3337 919 3404 maluissem
941 3339 992 3404 vix
1012 3337 1130 3405 Seneca
1151 3338 1240 3407 dixit.

340 3442 407 3507 Ibd.
431 3444 471 3506 tl
481 3492 489 3522 ‚
513 3445 529 3505 1
554 3444 592 3508 de
614 3443 669 3510 (ln.
691 3443 822 3510 Lentulo
844 3444 890 3510 sic
910 3445 942 3509 in
965 3445 1041 3510 Nan.
1064 3447 1096 3510 et
1117 3445 1146 3509 ei
1162 3446 1305 3529 proximis

242 3546 399 3613 scribitur:
432 3547 580 3634 ingenii
611 3548 686 3615 luit
722 3548 876 3615 sterilis
909 3551 1065 3634 tempus
1096 3550 1163 3615 illi
1196 3572 1305 3638 quam

241 3653 369 3730 animi.
414 3653 483 3719 Non
515 3655 628 3720 fefellit
658 3674 696 3719 ne
724 3654 865 3721 librarios
894 3656 1017 3740 quidem
1044 3656 1205 3723 inferiores
1237 3660 1305 3725 sub

240 3778 309 3826 esse
331 3769 395 3822 tom
413 3761 536 3845 pusitli;
560 3760 612 3834 (de
635 3760 776 3827 Fickerto
798 3760 1054 3827 manifestissima
1073 3762 1305 3844 interpolatione

242 3864 356 3932 codicis
378 3866 407 3931 R
427 3866 554 3949 decepto
583 3867 698 3946 taceo);
721 3867 776 3933 sed
798 3868 944 3951 quoniam
965 3867 1037 3933 ferri
1058 3867 1116 3933 hoc
1140 3870 1305 3954 nequibat:

239 3970 391 4054 ingenii
434 3972 512 4038 luit
542 3972 697 4039 sterilis
729 3975 807 4040 tam
843 3972 982 4057 pusilli
1023 3992 1134 4057 quam
1167 3974 1305 4041 animi.

240 4073 372 4140 editores
406 4075 519 4158 duplici
556 4078 795 4161 transpositione
829 4078 878 4143 usi
915 4081 1005 4157 sunt,
1043 4080 1080 4143 nt
1115 4078 1305 4147 efficeretur:
