2648 5084
440 667 450 680 '
551 676 662 732 Nonius
1036 676 1097 750 663

177 877 212 942 P.
235 876 294 939 331
316 872 464 960 (insigne)
488 876 667 975 Lucilius
689 875 796 966 libre
817 874 972 941 XXVII:

1155 1 1311 326 i

22 1032 28 1036 -
118 985 295 1049 cmuenon
318 982 555 1047 seminandam
578 983 730 1068 insignem
752 982 937 1060 esseillam,
966 984 1038 1048 dum
1069 1005 1083 1026 ·
1216 1071 1220 1076 .

770 1088 891 1172 pinguis
914 1090 988 1164 siei;
1029 1164 1038 1185 Α

117 1196 162 1260 sie
185 1194 274 1261 amici
298 1194 434 1259 animum
458 1194 605 1276 quaesnnn
634 1195 906 1277 temperantiae
930 1194 1052 1260 divitias
1074 1200 1136 1262 aut.
1266 1234 1268 1237 -

74 1303 175 1368 Locus
198 1301 243 1366 sie
264 1299 471 1366 restituendus
492 1304 555 1365 est:
827 1360 828 1365 ,

843 1405 939 1472 Coeus

118 1532 177 1577 nen
191 1513 278 1578 curat
288 1511 416 1577 eandam
429 1511 583 1594 insignem
596 1530 663 1577 esse
684 1510 817 1585 suillam,
838 1510 912 1578 dum
928 1513 1049 1598 pinguis
1065 1515 1138 1587 siet;

120 1620 164 1684 eie
187 1618 280 1683 amini
302 1618 450 1695 animum,
472 1635 536 1681 rem
559 1618 686 1701 parasiti
707 1628 797 1702 atque
820 1619 943 1686 divitias
966 1618 1080 1686 emant.

74 1724 227 1807 Corrupto
248 1726 383 1789 extremo
406 1723 497 1788 verbe
533 1725 600 1806 (pre
621 1743 679 1806 que
702 1724 756 1789 alii
779 1727 898 1791 avent
927 1727 1137 1808 seripserunt),

73 1830 216 1896 additum
239 1833 287 1895 est
308 1834 493 1913 quaerunt.

177 1936 210 2000 P.
227 1935 288 1999 336
304 1936 423 2014 (limen)
440 1938 472 2000 et
485 1936 547 2001 529
570 1936 657 2019 (vile)
681 1936 798 2002 Varro
821 1938 972 2021 virgula
993 1938 1138 2004 divina:

73 2043 131 2109 Ad
153 2061 249 2127 quos
291 2049 334 2124 (p.
357 2042 418 2103 529
440 2043 593 2119 atabes,
626 2044 793 2120 attebos)
836 2050 945 2126 quum
968 2039 1140 2111 volucris

30 2154 34 2163 ⁴
71 2149 285 2230 (volueres)
309 2147 420 2213 venit
441 2148 537 2231 apud
559 2148 649 2215 illos
672 2169 788 2234 usque
811 2149 855 2214 ad
877 2149 993 2214 limen
1015 2150 1139 2218 nitida

71 2256 175 2321 bilis
210 2255 338 2333 (vilis).
394 2255 543 2320 Versuum
567 2256 652 2322 nulle
680 2255 1014 2330 eema'indieinsunt„
1055 2255 1138 2348 Seri·

71 2363 210 2429 bendum
233 2362 323 2442 pute:
367 2363 416 2424 An
439 2382 563 2443 pavos
591 2381 674 2427 enm
697 2362 889 2438 volueris,
910 2365 1019 2429 venii
1041 2365 1137 2447 apud

69 2467 173 2533 illes
194 2485 315 2548 usque
337 2463 383 2531 ad
403 2466 524 2531 limen
548 2467 687 2533 Indica
708 2469 787 2530 avie
809 2469 909 2534 nilis.
1116 2455 1118 2458 Α

177 2574 212 2638 Ρ.
234 2572 293 2635 341
317 2575 474 2649 (mactare)
496 2573 630 2638 Attius
653 2574 920 2666 Antenoridis:

457 2744 460 2753 ,
542 2679 613 2761 quia
634 2682 669 2743 ut
689 2678 809 2745 illorum
832 2681 935 2762 eopiae
1054 2682 1059 2688 ’

113 2783 240 2850 fundam
261 2785 292 2850 in
316 2802 421 2868 campe
443 2786 497 2849 aui
517 2784 603 2847 nanis
623 2800 711 2849 uram
734 2789 787 2850 aut
809 2789 911 2850 eastra
933 2786 1075 2851 mactabo

832 2936 839 2950 .
886 2892 917 2956 in
940 2909 1034 2955 mare.

69 2997 179 3063 Audeo
201 2997 358 3078 suspieen,
392 2995 441 3060 hie
463 3014 582 3079 queque
604 2994 739 3060 Nonium
762 3015 863 3062 errore
885 2997 998 3064 librarii
1023 2996 1134 3080 deeep-

26 3132 29 3136 <
69 3108 151 3181 tum,
172 3103 211 3168 ab
234 3104 320 3168 Attio
342 3101 490 3183 seriptum
512 3100 622 3166 fuisse:

20 3202 24 3208 ’
401 3207 473 3290 quin
496 3212 550 3271 ent
573 3208 634 3292 [sie
655 3205 822 3292 Bergkius]
845 3207 965 3273 illemm
990 3209 1092 3291 copias

145 3314 269 3382 fundam
291 3316 322 3379 in
346 3332 453 3396 campo
477 3315 531 3379 eut
554 3314 641 3379 navis
663 3332 750 3377 uram
775 3317 952 3381 anacastra
973 3315 1092 3377 iactabo

368 3482 370 3485 ,
882 3421 1032 3485 inmane.

171 3528 205 3591 P.
228 3526 291 3590 344
316 3533 459 3605 (merum)
502 3527 622 3592 Varro
653 3527 714 3592 τοῦ
747 3521 877 3611 πατρός
908 3522 946 3594 τό
981 3527 1132 3603 παιδίον,

67 3636 149 3719 περὶ
173 3633 407 3706 παιδοποιΐας
437 3637 490 3698 Ae
522 3633 669 3699 liberes
701 3652 842 3716 parare
874 3633 934 3697 eui
966 3650 1131 3698 neeesse

1200 1460 1244 1501 ‚a

68 3740 141 3815 eit,
173 3759 242 3806 ιιοιι
265 3742 323 3805 eet
343 3758 502 3816 merum;
543 3758 611 3803 nee
632 3742 671 3802 tu
693 3739 828 3821 edepol
849 3739 941 3823 quid
965 3739 1131 3804 simulas
1241 3742 1246 3753 ¹

67 3838 158 3912 iuis.
213 3845 428 3912 scribendum:
472 3863 538 3909 nee
559 3847 601 3908 tu
633 3842 783 3927 edepol,
815 3844 919 3929 quod
947 3844 1130 3918 simulas.

67 3952 138 4018 vis.
182 3952 338 4020 Versusne
354 3952 386 4016 hi
402 3953 474 4028 sint,
497 3950 782 4032 premusin'eentum
798 3955 854 4017 est.
898 3950 976 4014 Mire
999 3950 1129 4044 Riesius.

66 4054 154 4141 (Non
177 4060 225 4123 est
243 4075 361 4122 merum
385 4056 577 4138 aesimeles,
604 4058 640 4119 ut
659 4055 807 4120 affirmari
829 4057 967 4122 universe
989 4058 1130 4140 negarine

66 4163 191 4248 possit.)
558 4181 561 4188 ¹
701 4178 702 4183 ¹

170 4269 205 4335 P.
228 4269 289 4333 349
323 4272 504 4348 (maturum)
547 4268 669 4333 Varro
698 4267 991 4334 Eumenidibus:
1019 4266 1131 4334 ·Dis-

69 4375 292 4441 enmbimus
319 4374 487 4441 maseati
514 4373 687 4438 dominus
718 4375 866 4438 maturo
893 4392 962 4439 eno
990 4374 1034 4440 ad
1058 4394 1130 4440 eae·

69 4500 156 4551 nam
199 4481 425 4546 committit.
498 4478 626 4544 Sublata
666 4480 871 4564 geminatione
916 4482 1012 4547 restat
1052 4483 1130 4547 sati
