2654 5010
251 310 311 372 212
612 302 674 358 hin.
692 302 728 356 11.
747 303 814 370 Cap.
833 300 881 355 lv.

309 504 388 570 ibid.
404 506 463 569 41:
488 504 765 569 atramentum
787 517 948 582 quoque
971 498 1092 564 inter
1115 497 1281 564 facticios

209 614 353 691 (colores)
385 610 482 684 erit,
516 625 752 692 quamquam
788 607 851 670 est
888 608 927 668 et
966 611 1097 670 terrae
1130 605 1282 691 gemina

209 719 395 804 originis.
418 718 496 781 Aut
518 714 621 779 enim
643 715 703 779 cet.
737 713 907 779 Genetivus
927 711 1057 776 terrae
1080 712 1156 778 ferri
1177 710 1283 795 nequitc

211 821 424 892 scribendum:
452 839 690 905 quamquam
720 821 782 885 est
810 820 850 883 et
870 820 976 899 <e>
999 822 1112 893 terra,
1134 819 1283 903 gemina

211 929 403 1014 originis,
436 929 505 994 sut
536 927 640 993 enim
674 928 733 992 eet.
787 926 912 990 Terra
949 942 1007 1005 pro
1049 929 1173 989 terra
1205 927 1282 990 etism

211 1036 331 1102 codices
353 1033 490 1118 quidam.

313 1139 395 1206 Ibid.
418 1141 458 1203 97
467 1163 475 1204 :
500 1140 624 1205 Unum
646 1139 816 1216 (inventum
840 1137 977 1218 Apellis)
995 1136 1165 1201 imitari
1189 1153 1282 1199 nemu

213 1248 365 1330 potuit,
395 1246 497 1330 quud
527 1245 717 1311 absoluta
744 1261 864 1324 opera
886 1246 1130 1307 atramento
1154 1240 1282 1305 illiue-

211 1353 281 1418 bat
301 1354 360 1417 ita
382 1353 512 1429 tenui,
535 1353 577 1416 ut
598 1352 635 1416 id
658 1351 784 1434 ipsum
808 1347 1283 1431 repercussuclaritatis

212 1458 388 1525 colorem
421 1457 545 1522 alium
580 1454 1130 1537 exeitarctcustodiretque
1162 1474 1181 1518 a
1209 1455 1283 1536 pnl-

213 1584 305 1630 sere
327 1567 366 1629 et
387 1563 578 1629 sordibus
600 1570 658 1628 cet.
703 1565 736 1626 ln
758 1563 931 1625 atramento
953 1560 1047 1624 nulla
1069 1566 1144 1626 erat
1165 1562 1285 1628 cianus

214 1688 269 1736 nec
303 1689 339 1736 eo
372 1670 456 1735 color
488 1670 570 1734 alius
604 1668 800 1742 alliciebatur,
833 1665 888 1730 sed
917 1666 1041 1730 celeres
1074 1668 1146 1744 alii,
1170 1668 1221 1752 qui
1241 1668 1285 1732 sut

213 1777 386 1839 atramento
408 1777 505 1852 erant,
529 1793 707 1858 repercussu
722 1772 834 1838 clarius
848 1771 1167 1853 exsplendescebant
1201 1775 1284 1856 Serip

214 1881 282 1943 tum
305 1880 419 1945 luerat:
441 1886 483 1945 ut
512 1881 550 1946 id
580 1883 710 1964 ipsum
741 1896 984 1961 repercussu
1011 1877 1194 1947 claritates
1215 1880 1283 1947 cole

213 2002 287 2050 rum
318 1984 455 2053 alierum
493 1988 694 2052 excitaret
726 1988 785 2052 cet.
842 1983 1078 2050 Claritates
1119 1987 1282 2053 culorum

214 2091 307 2155 etiam
330 2092 362 2155 in
386 2092 542 2158 codicibus
566 2112 622 2157 non
646 2092 749 2176 paucis
771 2090 922 2156 scribitur.

313 2197 391 2263 lbid.
415 2200 474 2260 13⁶2
496 2217 560 2281 sq.:
593 2199 710 2264 Fecit
742 2200 781 2262 et
810 2195 977 2281 grandis
1012 2198 1226 2279 picturas,
1254 2200 1280 2262 iu

215 2302 362 2385 quibus
384 2306 478 2368 sunt
499 2303 669 2388 Calypso
692 2305 730 2368 et
752 2304 792 2367 lo
814 2304 854 2367 et
874 2302 1162 2384 Andromeda,
1185 2307 1280 2371 Alex·

212 2408 337 2474 ander
358 2428 513 2492 qnoque
536 2411 573 2474 in
596 2408 773 2492 Pompeii
794 2409 1028 2492 porticibus
1047 2412 1280 2491 praecellens

212 2518 251 2580 et
289 2515 462 2599 Calypso
498 2500 652 2581 sedens.
718 2514 818 2579 Huic
855 2514 984 2579 eidem
1024 2519 1279 2582 ascribuntur

190 2620 513 2703 quadrupedes,
536 2624 807 2707 prosperrime
829 2640 945 2687 canes
968 2625 1198 2704 expressit.
1225 2623 1278 2687 Pie

211 2728 271 2793 turi
304 2725 395 2791 alicui
430 2728 623 2793 ascribuntur
644 2748 703 2794 non
726 2728 845 2793 infinite
866 2728 1096 2810 quadrupedes,
1124 2732 1181 2796 sed
1204 2734 1277 2797 certa

211 2835 243 2895 et
264 2836 345 2897 notre
367 2831 527 2916 imagines.
573 2835 631 2900 Pro
653 2832 952 2917 quadrupedes,
984 2852 1084 2916 quam
1108 2855 1220 2902 vocem
1240 2857 1277 2919 ap

211 2940 391 3019 paratuum
414 2938 475 3004 illis
498 2941 771 3023 prosperrime
802 2958 920 3005 canes
949 2944 1167 3021 expressit
1196 2944 1276 3010 cota

212 3061 290 3117 rere,
313 3044 407 3109 codex
422 3047 558 3127 optimus
573 3046 792 3112 Riccardianns
815 3051 846 3111 et
867 3044 947 3110 alius
971 3044 1092 3111 habent
1114 3051 1276 3132 quadru-

210 3149 361 3231 pedem.
405 3150 547 3216 illicitur
561 3153 672 3237 igitur:
696 3154 811 3218 Fecit
832 3154 871 3216 et
892 3149 1063 3234 grandis
1087 3155 1276 3236 picturas.

211 3256 249 3318 in
273 3255 418 3337 quibus
440 3262 535 3321 sunt
639 3258 898 3325 Andromeda.
930 3256 1176 3326 Alexander
1199 3280 1276 3347 qus·

210 3377 283 3440 que
319 3360 358 3424 in
391 3360 575 3446 Pompeii
607 3364 836 3447 porticibus
869 3361 1117 3446 praecellens
1152 3371 1195 3434 et
1223 3370 1276 3433 Ca·

212 3466 326 3549 lypsu
355 3468 499 3534 sedens
530 3472 622 3536 huic
651 3469 779 3535 eidem
808 3469 1084 3535 ascribuntur.
1146 3475 1277 3550 Qnadm·

211 3571 327 3656 pedum
360 3579 632 3657 prosperrime
664 3595 782 3643 canes
816 3576 1032 3659 expressit.
1080 3578 1131 3643 Ex
1155 3580 1278 3664 pluribus

210 3677 373 3759 generibus
402 3681 643 3763 quadrupedum,
669 3701 745 3766 quas
776 3682 928 3767 pingendo
957 3682 1145 3750 reddiderat
1176 3686 1277 3753 attilas

211 3786 410 3864 prosperrime
433 3787 461 3851 ei
484 3806 532 3851 res
554 3790 584 3852 iu
608 3789 735 3853 canibus
759 3791 954 3854 successerat.
997 3789 1046 3853 De
1069 3796 1217 3874 genetivi
1237 3811 1276 3857 usu

211 3889 259 3965 cl,
283 3891 308 3953 si
333 3909 408 3972 epus
431 3894 488 3968 est,
510 3892 563 3970 Xl,
594 3895 661 3956 130.

311 4004 386 4070 lbid.
414 4009 472 4070 157
503 4011 572 4088 (ubi
603 4011 745 4090 refertur,
775 4032 842 4095 quae
871 4012 920 4076 M.
951 4012 1049 4078 Varro
1086 4016 1129 4081 de
1166 4019 1277 4102 plastica

146 4134 148 4139 ·
209 4108 401 4187 tradiderit):
453 4115 655 4183 Praeterea
705 4120 954 4184 elaboratam
1005 4118 1114 4188 hauc
1154 4131 1275 4194 carten
