2654 5010
413 661 572 718 Ammianus
590 661 775 742 Marcellinus.
1024 662 1084 727 25?

50 876 170 924 seusus
192 858 300 942 vigiles
335 859 367 923 st
399 858 519 925 aurium
554 858 760 925 delenimenta
790 861 958 943 captantes,
988 859 1046 926 boc
1068 863 1125 938 est,

51 964 232 1031 secuntias
253 965 406 1030 animatas
429 967 461 1029 et
483 966 571 1046 aptas
592 965 632 1030 ad
654 983 742 1031 aures
765 965 968 1032 delenieudas.

162 1082 240 1148 ibid.
264 1083 293 1160 6,
317 1083 374 1146 18:
409 1083 648 1148 Amandratis
671 1083 809 1168 procul
831 1083 1043 1150 Graiorum
1063 1083 1125 1148 le·

54 1188 187 1272 gatis,
219 1189 396 1254 forsitan
430 1189 469 1253 et
500 1189 696 1254 necandis
728 1208 794 1254 rex
823 1189 1029 1273 longevus
1051 1207 1126 1256 uon

49 1294 280 1361 contentus
306 1293 576 1376 Hellesponto
606 1340 613 1357 .
637 1341 645 1356 .
668 1341 676 1357 .
700 1341 707 1356 .
731 1296 867 1360 Asiam
890 1313 974 1361 cum
999 1313 1128 1361 nume·

54 1399 165 1465 rosis
188 1399 351 1483 populis
372 1416 616 1482 pervasurus
638 1402 828 1467 adveniet
848 1406 907 1467 cet.
938 1401 1010 1467 Sino
1034 1400 1126 1467 dnbio

52 1507 210 1587 scriptum
225 1506 342 1571 iuerat:
359 1506 600 1571 Amaudatis
622 1552 713 1584 ....,
736 1507 911 1573 forsitan
935 1511 973 1573 et
992 1505 1125 1574 necatis.

161 1610 342 1695 lbidqas:
364 1600 1126 1690 Quemiurtalarusiuoedebatiirum·

56 1719 178 1784 butes
215 1716 494 1783 Chionitarum
539 1734 604 1783 rer
646 1718 763 1784 uobis
805 1719 965 1802 quidem
1008 1719 1126 1785 atate

57 1823 193 1890 media
214 1821 459 1907 rugosisque
481 1823 683 1896 membris,
717 1824 785 1890 sed
805 1830 937 1891 mente
958 1824 1124 1907 quadam

55 1929 296 2016 grandifioa
331 1928 556 2010 multisque
592 1930 859 1996 victoriarum
892 1929 1126 2014 insignibus

58 2035 217 2101 nobilis
242 2035 301 2100 cst
345 2034 398 2099 Sic
420 2035 539 2100 codices
561 2034 622 2100 fide
643 2035 768 2120 dignis
789 2035 1018 2118 primumcum
1055 2054 1125 2102 uam

54 2141 239 2225 corrigendo
262 2140 419 2224 quidem
443 2142 513 2224 post
528 2142 646 2205 atate
661 2143 884 2224 transpositum
899 2143 957 2210 est.
990 2143 1127 2226 Apparet

55 2250 101 2315 ab
124 2266 159 2313 eo
180 2248 315 2327 nomine,
337 2246 418 2330 quod
444 2247 500 2311 sub
523 2247 635 2311 litteris
658 2248 773 2313 nobis
791 2247 878 2326 lutet,
893 2249 1028 2332 incipere
1042 2247 1126 2332 prins

56 2354 207 2420 orationis
229 2354 412 2430 membrum,
436 2350 517 2435 quod
537 2354 724 2419 contrarium
753 2359 883 2437 ponatur
910 2355 950 2431 ei,
973 2355 1055 2439 quod
1077 2372 1128 2421 se·

56 2461 176 2545 quitur,
200 2459 268 2525 sed
290 2464 421 2525 mente
443 2458 610 2543 quadarn
631 2460 864 2544 grandiiioa
885 2464 954 2543 oet,
974 2462 1125 2528 iriautem

59 2584 173 2633 nomeu
196 2564 382 2630 adieetivum
405 2584 473 2631 esse
495 2563 606 2631 debere
634 2584 703 2631 curn
734 2568 896 2651 rugosis
918 2567 1125 2660 coniunctum,

57 2671 209 2757 qnoniam
238 2690 336 2755 rreque
363 2669 594 2738 substantivum
616 2669 732 2736 nudum
756 2672 846 2737 alteri
868 2672 939 2739 huic
960 2675 1041 2757 parti
1064 2693 1127 2739 ru·

57 2779 254 2865 gosisque
276 2776 464 2842 membris
486 2776 563 2840 sutis
585 2777 783 2859 responderet
805 2797 901 2861 neque
924 2780 951 2844 ei
974 2778 1126 2845 ablativus

59 2887 182 2950 atate
216 2882 345 2948 media
376 2882 459 2948 recte
490 2881 707 2965 applicaretur.
762 2884 906 2966 Suspicor
928 2885 1128 2949 Ammiauum

59 2993 237 3074 scripsisse:
270 2987 359 3056 robis
392 2988 551 3070 quidem
580 2989 700 3054 aetate
728 2980 858 3054 modia
884 2990 1127 3074 rugosisque

35 3085 39 3091 ’
60 3121 91 3165 m
102 3098 186 3164 emb
196 3097 251 3161 ris
267 3093 440 3178 rarioreque
456 3094 738 3178 vocabulumque
754 3096 925 3180 comparari
940 3095 1042 3174 velim,
1060 3115 1128 3178 qua

58 3203 224 3269 Graursrus
254 3199 393 3282 exposuit
417 3200 456 3265 ad
479 3199 574 3266 schol.
599 3202 703 3266 iuven.
725 3200 810 3277 VIII,
838 3198 905 3279 lib,
935 3201 1127 3291 significasse

59 3295 197 3375 colorem
227 3326 245 3372 a
273 3304 363 3372 molli
392 3308 490 3371 nitore
518 3306 625 3389 prima
648 3307 749 3373 aetatis
771 3308 804 3371 iu
824 3306 978 3372 duriorem
1002 3311 1034 3374 et
1055 3302 1126 3374 subss

60 3414 182 3479 fuscum
211 3431 358 3478 annorum
389 3416 421 3478 et
449 3413 590 3479 laborum
616 3432 777 3498 progressu
800 3413 977 3480 traductum
1005 3417 1037 3480 et
1058 3433 1128 3481 cum

57 3520 229 3602 asperitate
251 3519 332 3585 cutis
354 3519 562 3585 coniunctum.

164 3624 242 3690 ibid.
261 3626 291 3703 8,
317 3625 372 3688 13:
394 3624 488 3690 Nam
512 3626 552 3690 et
572 3644 666 3691 casu
687 3625 778 3690 illis
800 3626 903 3708 ipsis
925 3625 1069 3693 diebus
1090 3629 1128 3693 in

59 3730 308 3797 suburbanis
350 3731 564 3815 peregriua
605 3733 842 3798 commercia
882 3732 1128 3799 circumacto

59 3856 164 3903 anuo
201 3836 328 3901 solita
364 3837 567 3904 celebrari
604 3838 825 3904 multitudo
861 3857 1128 3905 convenarum

60 3942 238 4027 augebat
259 3943 494 4027 agrestium.
528 3944 645 4009 Iniuria
658 3949 730 4027 post
744 3944 906 4010 Galerium
930 3944 1129 4010 celebrare

62 4051 218 4128 scribitur,
251 4049 353 4115 verbis
380 4067 473 4132 prave
502 4049 714 4132 interpunctis.
761 4050 845 4116 Nihil
874 4052 1052 4136 augebatur,
1075 4049 1130 4116 sed

61 4155 233 4221 multitude
255 4173 459 4221 convenarum
482 4156 605 4239 agebat
625 4157 787 4241 peregrina
802 4156 983 4223 commercia
999 4158 1130 4222 circurn-

59 4262 133 4328 acto
156 4279 233 4327 auno
254 4261 345 4327 solita
370 4262 527 4328 celebrari.
1112 4275 1114 4277 ·

164 4365 231 4431 Lib.
254 4365 339 4447 XIX,
363 4368 392 4445 2,
415 4371 450 4432 9:
474 4367 649 4452 Namque
673 4414 704 4430 ..
728 4371 1130 4454 propugnatores...

62 4473 102 4537 in
125 4472 293 4538 marimo
316 4473 560 4539 defendendi
581 4475 720 4540 ardore
744 4474 876 4540 saucii
900 4474 1132 4557 perniciose

898 4593 931 4648 ll
