2656 5056
213 269 272 331 102
585 263 645 317 uro.
665 262 691 315 11
721 263 786 332 cap.
807 262 827 315 1.

271 462 350 528 Ibid.
385 463 464 526 109:
500 461 604 525 Tuus
641 459 764 525 etiam
802 461 1008 544 gentilis,
1046 461 1190 535 Brute,
1214 459 1249 522 ll.

87 622 89 625 .
172 570 331 634 Pennus
362 567 487 634 facile
520 567 698 650 agitarit
730 567 767 629 in
804 567 1035 632 tribunatu
1078 565 1113 633 0.
1146 567 1249 632 Grac·

174 675 303 748 chuni,
336 673 496 756 paulum
530 673 649 737 aetate
681 673 950 755 antecedens;
977 674 1070 738 suit
1092 672 1247 737 enimld

174 782 324 864 Lepido
354 784 392 844 et
422 780 455 846 L.
485 777 629 843 Oreste
659 780 901 845 consulibus
923 782 1120 862 quaestor
1142 780 1250 846 Grae·

176 887 290 960 chus,
321 886 509 950 tribunus
544 886 700 950 Pennus
728 891 786 950 eet.
830 885 890 950 Hic
911 887 1005 952 locus
1029 888 1063 951 iu
1092 888 1207 951 Baiteri
1226 890 1251 950 et

177 992 304 1077 liayseri
326 991 462 1074 exemplo
485 1010 605 1056 summo
627 993 691 1056 iure
712 991 829 1056 infelici
850 992 942 1075 signo
965 995 1105 1057 notatus
1122 996 1188 1066 est;
1207 1012 1251 1056 nee

176 1102 279 1163 tamen
302 1098 447 1162 mendum
471 1098 502 1162 in
525 1098 669 1162 adverbio
698 1098 821 1162 facile
849 1099 955 1162 sedem
988 1098 1105 1173 habet,
1128 1119 1183 1182 pro
1203 1119 1252 1182 quo

177 1206 240 1270 sire
273 1205 407 1269 valide
439 1202 502 1268 sire
536 1203 668 1269 facete
700 1204 868 1269 substituas
902 1214 956 1277 t-
982 1210 1163 1289 utrumque
1184 1211 1252 1271 enirn

177 1313 235 1377 fuit
268 1312 321 1394 qui
352 1311 579 1375 commendaret
600 1321 663 1383 —).
690 1309 875 1391 relinquitur
897 1328 932 1373 ac
955 1312 1064 1390 priore
1089 1313 1253 1377 mutatione

178 1416 271 1483 etiam
296 1419 425 1499 augetur
446 1415 572 1479 offensio
594 1435 629 1480 ac
651 1416 793 1497 suspicio,
809 1434 877 1499 quae
891 1433 928 1479 er
944 1435 982 1479 eo
1001 1419 1159 1489 nascitur.
1178 1418 1252 1501 quod

177 1525 266 1589 homo
288 1523 421 1598 aliunde,
443 1520 471 1586 si
486 1521 619 1603 excipias
636 1522 673 1586 de
690 1521 1082 1605 Off.111,47,ignorusin
1100 1526 1253 1589 tribunatu

178 1649 233 1696 suo
255 1629 288 1694 G.
307 1628 475 1694 Gracchum
500 1628 623 1711 ingenio
645 1630 677 1691 et
699 1629 802 1709 populi
825 1627 924 1691 surore
946 1627 1213 1694 florentissimum
1227 1634 1253 1693 et

178 1735 427 1817 potentissimum
460 1733 549 1798 facile
577 1737 632 1797 aut
661 1733 750 1813 valde
782 1733 916 1816 agitasse
947 1732 1071 1799 dicitur
1104 1744 1190 1811 (narn
1221 1737 1252 1800 ir

179 1840 393 1905 tribunatu
414 1839 581 1904 necessario
597 1858 667 1904 cum
682 1841 745 1923 agi
755 1841 858 1904 tavit
880 1838 1099 1922 coniungitur,
1112 1847 1151 1905 ut
1165 1843 1253 1923 ipsius

180 1947 275 2011 Penni
312 1945 485 2011 tribunatus
520 1944 731 2028 intelligatur).
794 1945 936 2016 Accedit,
976 1946 1063 2029 quod
1108 1946 1253 2029 proximis

180 2053 281 2118 verbis
304 2052 417 2116 dicitur
440 2050 560 2115 Pennus
585 2071 619 2115 eo
641 2056 778 2134 tempore
800 2054 939 2118 tribunus
955 2053 1065 2129 luisse,
1082 2072 1147 2137 quo
1164 2054 1254 2119 Grac·

178 2158 255 2224 ebus
293 2159 478 2240 questurum
516 2161 637 2241 gereret
669 2157 798 2223 necdum
833 2157 960 2224 consilia
993 2163 1026 2223 et
1064 2159 1157 2243 leges
1188 2178 1253 2224 suas

61 2303 63 2308 -
179 2265 368 2347 protulisset.
413 2262 472 2328 Sed
495 2282 618 2327 omnem
634 2262 672 2327 de
688 2265 797 2328 mendo
816 2264 1043 2330 dubitationem
1061 2265 1162 2338 tollit,
1179 2266 1253 2348 quod

181 2371 212 2434 in
235 2371 390 2435 codicibus
413 2388 473 2435 non
495 2370 529 2436 G.
554 2371 775 2435 Gracchum
797 2368 975 2451 paulum,
1006 2370 1063 2435 sed
1095 2372 1253 2452 paulum

182 2477 215 2541 G.
239 2474 459 2540 Gracchum
494 2475 646 2550 scribitur,
681 2477 715 2538 ut
742 2478 887 2565 appareat
915 2476 948 2540 G.
971 2475 1113 2542 Gracchi
1146 2495 1252 2542 nomen

181 2583 305 2647 omuino
333 2581 411 2646 nihil
441 2581 477 2646 ad
507 2583 680 2664 praecedens
710 2583 836 2647 verbum
859 2581 1021 2663 pertinere,
1051 2583 1112 2647 sed
1136 2584 1251 2647 tanturn

181 2689 220 2753 ad
252 2688 515 2763 antecedens,
550 2686 784 2770 Gracchumque
817 2708 834 2752 a
866 2688 1010 2752 Cicerone
1041 2706 1116 2752 curn
1152 2690 1251 2752 Penne

181 2813 243 2859 uua
274 2794 374 2860 aetatis
407 2793 636 2875 comparatione
669 2795 823 2878 coniungi.
871 2795 917 2858 De
947 2791 1014 2873 ipso
1041 2792 1152 2858 Penne
1174 2791 1249 2875 quod

182 2899 286 2966 Cicero
309 2900 396 2972 dixit,
419 2901 520 2964 toturn
544 2900 719 2964 continetur
740 2900 840 2965 verbis
859 2898 982 2963 facile
1004 2899 1191 2982 agitavit
1211 2899 1245 2962 iu

181 3007 411 3087 tribunatu;
434 3004 539 3088 itaque
553 3005 607 3072 ubi
622 3025 702 3072 nunc
723 3005 902 3090 agitarit
923 3003 1080 3080 scribitur,
1105 3004 1251 3086 scriptum

281 3261 396 3330 primum
427 3263 518 3317 locum
546 3264 667 3318 obtinere
696 3262 831 3318 debebant
858 3262 915 3328 -),
945 3257 1116 3326 relinquitur
1153 3253 1252 3323 aliquid

282 3354 372 3410 scabri
391 3360 420 3410 et
437 3356 529 3410 vitiosi
546 3357 575 3410 in
594 3357 646 3412 hac
665 3354 866 3411 coniunctione:
896 3352 999 3408 etiarn
1017 3350 1051 3404 L.
1070 3349 1252 3404 Lentulum

281 3486 380 3516 ....,
408 3448 439 3516 Q.
458 3449 696 3505 Nobiliorem.
718 3489 725 3502 .
745 3488 752 3502 .
772 3488 779 3503 .
799 3454 831 3502 et
848 3447 879 3501 Τ.
900 3445 1050 3501 Annium
1068 3443 1250 3498 Luscum..

281 3559 349 3598 non
380 3542 587 3598 indisertum
619 3543 740 3597 dicunt
769 3539 891 3605 fuisse;
927 3551 991 3592 nam
1027 3543 1062 3591 et
1094 3534 1251 3591 coniunctio

280 3653 363 3707 prave
380 3635 501 3691 intentio
515 3636 636 3690 membro
650 3634 768 3701 additur,
778 3640 805 3688 et
817 3630 1030 3702 exspectabatur
1048 3628 1251 3689 indisertos;

282 3730 329 3786 sed
357 3729 491 3785 correctio
519 3728 619 3784 erroris
637 3727 732 3798 pusilli
754 3727 860 3781 incerta
878 3731 969 3779 tamen
989 3728 1041 3777 est.
1070 3724 1120 3777 Et
1149 3722 1252 3791 quidem

280 3823 408 3879 facillime
428 3839 461 3878 ex
481 3822 688 3877 deduxisset
713 3827 808 3876 natum
836 3833 897 3873 esse
923 3821 1023 3886 potest.
1071 3816 1156 3885 Quod
1181 3815 1197 3886 ξ
1222 3814 1254 3868 90

281 3916 453 3973 scribendum
483 3923 695 3972 annotaveram:
734 3913 820 3969 nibil
854 3923 1021 3970 recusans
1050 3908 1166 3964 Galba
1196 3922 1253 3978 pro

282 4022 359 4063 sese
392 4010 514 4080 populi
542 4008 681 4064 Romani
713 4008 817 4062 fidem
849 4004 1039 4074 implorans
1071 4019 1149 4057 cum
1177 4014 1254 4055 sucs

280 4106 343 4168 cet,
355 4102 464 4159 sublata
481 4103 619 4174 particula
638 4109 672 4157 et
689 4108 754 4171 post
770 4116 832 4171 pro
851 4113 940 4164 sese,
959 4095 1254 4166 occuparitCampins.
