2654 5010
451 653 590 710 Ciceronis
609 654 743 723 epistolae.
1030 654 1090 718 189

161 848 241 914 Ibid.
264 849 315 929 24,
337 851 375 915 4:
405 850 469 917 Ita
501 856 569 916 aut
600 850 710 916 nihil
736 852 832 935 puto
861 870 946 916 curn
968 850 1131 929 habere,

57 953 162 1039 quod
184 955 303 1037 putet
323 956 368 1021 ad
390 975 449 1021 me
469 957 649 1023 celerius
672 957 971 1040 perferendum,
999 959 1067 1023 aut
1089 976 1131 1022 eo

56 1078 118 1124 me
149 1061 279 1144 magis
311 1080 400 1128 esse
433 1061 685 1145 despectum,
719 1066 761 1128 nt
794 1108 960 1127 ......
993 1063 1041 1128 ad
1074 1082 1133 1129 me

57 1166 218 1232 referre
238 1185 312 1233 non
335 1170 458 1234 curet.
502 1168 632 1234 Prorsus
647 1168 783 1234 alienum
799 1170 848 1236 est
868 1170 1131 1253 magis(-po·

59 1275 145 1338 terat
167 1272 228 1339 dici
250 1292 292 1340 eo
314 1292 439 1358 usque
461 1281 531 1354 -);
562 1275 756 1341 scribendum
777 1275 916 1341 videturz
949 1274 1019 1340 aut
1050 1273 1132 1341 adeo
1170 1330 1173 1333 .

55 1380 256 1463 me<i11>
278 1380 371 1448 malls
393 1399 480 1447 esse
502 1381 747 1464 despectum.

162 1485 326 1566 Ibidllll,
342 1487 444 1566 322:
467 1486 656 1554 Ciceroni
679 1490 798 1554 velim
820 1488 892 1553 hoc
913 1504 1130 1571 proponas,

56 1593 119 1658 ita
146 1594 294 1673 tamen,
328 1592 361 1658 si
393 1592 472 1658 tibi
505 1613 576 1659 non
610 1594 793 1677 iniquum
826 1590 1056 1672 videbitur,
1089 1592 1133 1656 ut

56 1698 1131 1784 sumptushuiusperegrinationis,quibus,siRomae

57 1806 171 1869 esset
192 1802 431 1889 domumque
454 1804 720 1884 conduceret,
743 1804 847 1889 qnod
868 1805 1002 1870 iacere
1025 1804 1131 1888 cogi·

56 1911 192 1990 tabat,
224 1910 349 1986 facile
386 1914 605 1977 contentus
642 1914 804 1977 futurus
841 1915 944 1988 erat,
982 1927 1131 1977 cocom-

57 2017 197 2087 modet,
231 2018 278 2082 ed
313 2017 519 2084 mercedes
555 2018 738 2103 Argileti
771 2021 810 2084 et
844 2016 1056 2097 Aventini,
1093 2020 1132 2082 et

57 2141 144 2187 cum
167 2122 202 2187 ei
225 2123 606 2208 proposueris,ipse
624 2122 1131 2207 velimreliquomoderere

57 2232 117 2295 cet.
167 2229 234 2309 Quo
266 2232 391 2297 tandem
427 2231 517 2297 modo
550 2229 657 2296 Cicero
688 2230 783 2310 filius,
815 2229 844 2296 si
865 2230 971 2295 Romae
994 2233 1132 2297 maneret

58 2336 245 2419 domumque
277 2337 471 2417 conduceret,
509 2339 633 2421 poteret
664 2339 824 2404 contentus
857 2355 925 2403 esse
957 2336 1131 2421 sumptibus

57 2442 323 2526 peregrinationis,
346 2443 398 2527 qui
419 2445 486 2509 tum
502 2445 581 2509 nulli
597 2444 694 2510 futuri
709 2447 820 2510 eraut?
842 2442 1131 2509 Manifestissimum

58 2551 108 2613 est
140 2546 317 2615 Ciceronem
349 2552 490 2634 sumplus
522 2551 779 2636 peregrinationis
814 2550 871 2615 filii
903 2550 1130 2616 accommodari

59 2654 139 2719 uelle
162 2654 202 2719 ad
224 2656 362 2740 regulam
385 2656 523 2739 aliquam
546 2660 578 2722 et
600 2676 785 2735 mensuram,
814 2675 875 2740 qua
897 2658 1060 2722 contentus
1083 2657 1132 2721 lu·

57 2764 147 2826 turns
168 2762 261 2842 esset,
283 2762 311 2826 si
333 2761 440 2827 Romae
470 2764 610 2829 maneret
636 2783 692 2829 nsc
713 2764 969 2847 peregrinaretur.
1023 2763 1131 2846 ltaque

56 2867 109 2932 hic
123 2869 160 2932 ut
174 2866 251 2934 alibi
265 2869 422 2934 interdum
438 2868 636 2951 transpositio
653 2869 735 2936 iacta
756 2869 805 2935 est
826 2869 948 2953 aliquot
968 2868 1132 2934 verborum

55 2973 194 3057 primum
217 2993 317 3040 errore
339 2974 536 3053 omissorum,
566 2973 679 3040 deinde
706 2975 806 3039 alieno
837 2973 904 3039 loco
933 2974 1131 3040 insertomm.

57 3080 163 3146 Cicero
180 3079 262 3145 enim
279 3081 459 3163 scripserat:
482 3084 524 3146 ut
545 3081 730 3162 sumptus
752 3080 871 3145 huius
892 3079 1130 3166 peregrina·

56 3186 188 3252 tionis
231 3187 504 3254 accommodet
547 3186 594 3253 ad
634 3186 838 3254 mercedes
875 3187 1056 3272 Argileti
1091 3192 1130 3252 et

56 3292 272 3370 Aventini,
309 3293 472 3377 quibus,
516 3294 550 3359 si
585 3295 712 3360 Romae
749 3294 859 3360 esset
895 3295 1130 3377 domumque

55 3400 318 3478 conduceret,
342 3399 445 3484 quod
466 3399 600 3466 lacere
628 3401 855 3485 cogitabat,
886 3401 1012 3467 facile
1035 3419 1129 3467 con·

56 3506 197 3570 tentus
219 3506 382 3571 laturus
408 3507 510 3583 erat,
535 3508 573 3572 et
596 3526 679 3574 cum
702 3507 738 3573 ei
760 3507 1026 3591 proposueris
1048 3509 1106 3574 cet.

158 3623 302 3700 lbiddO,
319 3626 353 3688 4:
373 3623 467 3689 Nam
491 3624 593 3708 quod
615 3625 661 3690 ad
682 3644 740 3690 me
762 3625 806 3689 de
828 3624 1001 3691 Lentulo
1024 3627 1128 3692 scri·

54 3729 136 3810 bis,
165 3748 240 3795 non
271 3732 332 3797 est
353 3731 393 3795 in
416 3749 468 3796 eo.
523 3730 685 3798 Postrema
705 3731 771 3797 haec
789 3732 882 3798 verba
903 3751 963 3797 non
986 3733 1128 3798 ridentur

54 3836 191 3921 intelligi
213 3856 312 3921 posse.
362 3838 570 3920 Aptissimum
598 3838 691 3904 etad
714 3839 901 3904 sententiam
925 3841 956 3904 et
978 3840 1018 3904 ad
1039 3840 1125 3905 litte-

53 3961 159 4008 rarnm
182 3943 314 4029 vestigia
335 3945 400 4010 est:
424 3963 498 4010 non
520 3941 701 4011 extimesco.

155 4048 309 4131 1bid.43,
334 4051 368 4116 1:
395 4050 501 4116 scies
522 4054 615 4116 ante
638 4052 863 4137 utrumque.
887 4051 996 4130 Quod
1019 4050 1126 4117 scies

52 4156 166 4221 reete
187 4155 302 4221 illam
322 4176 403 4223 rem
426 4157 508 4222 sore
532 4158 761 4224 levamento
792 4157 1018 4224 benefacis
1041 4176 1123 4222 cum

51 4262 92 4327 id
123 4281 229 4344 esse,
251 4263 350 4329 mihi
372 4263 506 4343 crede,
539 4264 724 4346 perinde,
757 4267 801 4330 ut
823 4264 1061 4331 existimare
1083 4266 1125 4329 tu

51 4387 127 4435 non
151 4374 275 4453 potes.
299 4370 497 4453 Ineptissime
522 4371 667 4455 coniungi
690 4372 790 4456 quod
813 4373 919 4439 scies
942 4419 1002 4453 ...,
1027 4372 1124 4437 beno

49 4476 157 4542 fucis
186 4478 325 4560 apparet,
358 4480 422 4544 sive
445 4478 531 4543 verbi
554 4479 660 4544 scies
681 4477 939 4562 significationem
963 4479 1027 4545 sive
1041 4481 1123 4544 tem·
