2662 5062
425 695 457 750 L.
476 692 576 751 &neca
593 692 626 750 de
644 692 731 749 benai.
1008 694 1071 759 413

41 895 211 959 inventa
232 890 420 958 seminum
450 891 509 956 vis
541 892 601 957 est
625 891 851 957 consultura
882 911 947 975 per
975 896 1122 977 uolup-x

45 1004 178 1066 tatem.
235 997 435 1063 Manifestum
457 996 602 1062 estnihil
623 1014 747 1080 prorsus
775 997 832 1061 loci
854 997 903 1062 hie
926 998 1038 1064 habere
1059 1000 1114 1065 aut

43 1103 228 1170 consulendi
249 1103 377 1169 verbum
399 1106 453 1168 aut
475 1102 612 1168 futurum
633 1100 787 1185 participii
814 1102 868 1166 aut
894 1122 1007 1169 nomen
1029 1122 1114 1170 norae

51 1210 154 1275 lormae
187 1208 259 1273 iude
292 1207 428 1273 (luctum.
441 1209 465 1286 ¹)
513 1208 555 1272 Et
581 1207 671 1300 huius
695 1205 820 1291 quidem
841 1208 986 1290 ,vocabuli
1014 1208 1115 1274 facilis

53 1312 394 1379 necdubiaemendatic
418 1315 488 1391 est,
505 1313 653 1397 scriptum
678 1311 760 1376 enim
781 1312 882 1377 iuerat
903 1315 1113 1389 conciturum

54 1438 105 1485 nec
126 1423 232 1485 tamen
256 1421 408 1485 seminum
430 1419 493 1484 vim
517 1418 635 1484 invenit
656 1418 748 1502 Liber
766 1420 820 1484 aut
840 1419 962 1486 omniuo
986 1420 1115 1498 semina,

55 1525 106 1589 sed
138 1525 326 1590 seminum
358 1524 447 1586 citio
486 1524 684 1588 concisura
713 1523 743 1590 ei
763 1524 901 1590 debetur.
943 1522 1062 1602 (Cicero
1083 1525 1116 1589 in

54 1626 100 1706 iis,
134 1647 201 1713 quae
234 1632 415 1712 supersunt,
447 1629 546 1695 semol
575 1629 770 1705 coerciturum,
801 1631 898 1697 semel
922 1630 1116 1693 scursonem

56 1733 155 1815 dixit.)
188 1735 303 1799 Verum
326 1753 426 1819 nequo
447 1735 575 1801 inuenta
594 1736 643 1801 est
664 1735 818 1801 consituta
835 1757 893 1820 per
915 1735 1114 1818 voluptatem,

58 1859 110 1904 uec
130 1839 203 1905 inde
231 1858 323 1906 causa
343 1840 546 1925 intelligitur,
580 1858 634 1905 cur
655 1839 792 1905 omnium
814 1859 923 1924 parens
947 1841 1039 1906 hiber
1062 1839 1114 1906 sit

55 1944 183 2011 Prorsus
218 1944 308 2010 credo
351 1944 501 2012 Senecam
536 1943 690 2029 posuisse:
728 1945 825 2028 quod
860 1947 1023 2030 primum
1048 1945 1117 2010 in·

50 2052 172 2115 venta
203 2051 386 2116 seminum
422 2050 514 2112 oilie
558 2050 761 2114 concitore
791 2053 941 2135 peperit
977 2051 1117 2133 volup·

50 2154 186 2224 tatem.
243 2155 355 2220 Restat
394 2155 590 2237 inequalitas
622 2155 766 2222 notabilis
799 2156 880 2221 hac:
936 2155 1117 2221 Liberum

49 2261 216 2341 patrem,
238 2260 328 2343 quia
432 2278 572 2342 perenn
601 2260 654 2326 sit
680 2284 751 2337 ...;
789 2261 1008 2339 Herculem,
1030 2261 1118 2345 quia

136 2365 285 2431 invicta
308 2366 361 2430 sit
388 2390 459 2444 ...ς
496 2365 746 2445 Mercurium,
768 2367 856 2450 quia
876 2368 977 2434 ratio
998 2385 1117 2451 penes

49 2468 163 2536 illum
186 2473 246 2536 cst
266 2488 535 2555 numerusque.
595 2469 713 2536 Seneca
733 2471 799 2538 eine
822 2472 912 2538 dubio
933 2473 1117 2555 scripserat:

51 2592 193 2656 parens
215 2577 492 2642 eut...invieta
512 2585 545 2638 st
651 2575 811 2642 illumst
855 2575 960 2644 Cicero
987 2576 1118 2643 fortasse

56 2682 249 2747 coniunctim
269 2681 315 2745 uti
337 2681 500 2747 maluisset
520 2683 552 2746 in
575 2682 706 2747 aliorum
728 2682 891 2748 sententia.

156 2787 223 2852 Ibd.
248 2787 303 2863 13,
337 2787 352 2848 1
385 2787 412 2852 si
442 2805 504 2852 non
535 2805 589 2870 per
622 2805 655 2852 se
678 2789 840 2863 constaret,
872 2788 983 2866 saltem
1014 2804 1050 2849 ex
1072 2801 1119 2859 eo,

61 2891 136 2971 quod
171 2892 253 2956 infra
288 2892 475 2958 contrarium
509 2891 655 2956 infertur:
692 2892 801 2957 nobis
832 2893 1017 2976 uoluptas
1061 2892 1121 2956 cst

66 2991 148 3062 dere
168 2997 364 3062 beneficia
385 2999 453 3075 oet,
476 3001 619 3073 constare
642 2996 783 3074 debebat,
805 2996 901 3063 ctiam
922 3016 990 3064 eam
1012 2995 1118 3078 uolup-

66 3096 131 3167 tatis
153 3101 376 3179 definitionem,
404 3122 471 3187 quae
493 3103 576 3185 prior
596 3103 735 3186 ponitur,
764 3101 917 3169 infinitivo
938 3102 1039 3168 efferri
1061 3117 1119 3167 nec

72 3218 147 3282 losse
177 3208 243 3274 haec
270 3209 372 3292 iungi:
405 3208 512 3274 vobis
546 3209 725 3291 voluptas
759 3209 821 3274 est
849 3206 994 3274 inertis
1026 3206 1118 3281 otii,

73 3309 117 3374 sel
145 3313 316 3379 necessario
344 3312 555 3400 coniungenda
586 3315 681 3380 verba
706 3301 751 3380 sic
780 3332 862 3380 esso:
907 3312 1024 3379 Vobis
1055 3331 1119 3378 vo·

74 3407 186 3497 luptes
209 3420 269 3485 est
286 3418 427 3485 inertis
449 3420 521 3485 otii
542 3418 670 3484 lacere
697 3419 967 3502 corpusculum
996 3421 1037 3484 et
1057 3437 1120 3485 se-

76 3522 267 3590 curitatem
289 3525 431 3606 sopitis
453 3524 698 3592 simillimam
725 3525 912 3608 appetere
942 3527 1000 3592 cot
1058 3523 1120 3590 Sed

74 3619 138 3689 nihil
156 3631 202 3695 cst
229 3629 284 3692 otii
305 3629 517 3714 corpusculum
531 3630 654 3714 saccum
688 3631 760 3713 (nec
789 3631 895 3695 tamen
922 3630 1036 3694 rectius
1066 3648 1121 3712 per

76 3737 103 3786 le
128 3729 232 3799 dicitur
267 3734 479 3818 corpusculum
506 3734 620 3818 fucore.
650 3734 841 3821 decerpere
868 3733 1016 3812 curando,
1052 3753 1120 3817 quae

75 3841 136 3925 ΡΜ
153 3838 249 3904 beatae
270 3839 342 3903 vitae
363 3839 522 3923 Epicurea
544 3842 694 3924 praeterea
716 3841 822 3922 postea
843 3858 898 3922 per
919 3856 953 3903 se
974 3838 1131 3920 ponitur),

77 3924 229 4019 seripserat
260 3943 391 4039 Seneca:
436 3945 577 4012 inertis
616 3945 686 4011 otii
719 3943 858 4009 facere.
880 3942 1120 4028 opusculum,

77 4143 257 4190 ''Ns—.-

100 4290 119 4360 ¹)
134 4299 187 4363 Non
222 4310 353 4380 fugeruut
381 4326 445 4376 me,
481 4325 540 4379 quoa
577 4309 714 4378 Hauptius
750 4306 857 4377 scripsit
892 4307 984 4363 llornn.
1018 4308 1063 4364 Ill
1095 4323 1121 4377 p.

136 4397 194 4467 1513
221 4400 268 4458 scd
298 4403 386 4458 cortus
411 4416 472 4456 sum
498 4417 560 4463 eum
589 4399 771 4457 defensionem
796 4399 1008 4456 consultura
1034 4399 1122 4456 ebion·

135 4484 219 4549 torum
236 4509 303 4549 erse.
