2662 5046
368 702 375 713 .
457 629 592 711 ciceroni·
610 630 762 690 Rhetorice
970 642 973 652 “
1041 639 1100 704 189

74 827 235 894 rotruotm
270 842 344 892 esse
377 824 483 910 itique
513 828 716 897 subotitutum
752 831 791 897 ed
816 832 918 901 looum
954 838 1138 922 explendum

74 951 176 998 mum.

165 1037 238 1103 Itd.
260 1037 304 1102 49
326 1037 360 1104 in
382 1035 581 1105 exclamantis
602 1040 635 1106 et
655 1039 839 1121 extollentis,
871 1060 930 1108 non
952 1049 1134 1127 perueniun-

74 1141 110 1207 ἧι
129 1142 376 1227 interrogatione
398 1141 594 1210 seribendum
614 1144 678 1210 est:
722 1143 803 1225 Quo
834 1145 914 1214 iem
938 1154 1013 1233 (pro
1041 1170 1137 1235 quo·

74 1254 164 1326 num)
198 1247 319 1313 modo
356 1247 434 1315 illo
459 1247 498 1312 in
526 1248 644 1314 bonis
669 1249 834 1317 herebit
865 1254 904 1318 et
931 1254 1138 1322 habitabit

73 1352 209 1433 snie!¹)

168 1457 240 1523 Ibd.
265 1459 323 1522 61:
365 1458 449 1525 Non
479 1459 578 1525 enim
604 1458 787 1527 inventor
807 1464 874 1527 out
894 1463 1136 1547 compositor

73 1565 137 1628 unt
172 1565 289 1630 antor
326 1564 403 1631 haee
438 1565 657 1648 complexus
698 1569 762 1632 est
804 1567 948 1646 omnio,
994 1559 1062 1634 s‘ed
1096 1571 1135 1636 et

73 1666 201 1733 Graeee
223 1671 272 1738 ab
294 1669 510 1754 eloquendo
543 1670 674 1737 rhetor
709 1672 749 1737 et
774 1672 917 1738 Latine
951 1671 1135 1756 eloquens

73 1770 199 1839 dietus
222 1777 292 1842 est.
349 1773 446 1840 Son’b.
497 1773 576 1840 Non
598 1775 695 1843 enim
716 1776 900 1844 inventor
921 1777 990 1843 eut
1011 1795 1133 1863 oomp.

71 1881 134 1943 snt
169 1882 294 1957 sotor,
318 1880 385 1964 qni
403 1880 480 1946 haeo
502 1880 721 1965 complexus
744 1882 803 1949 ost
823 1881 969 1960 omnis,
1003 1882 1070 1948 sod
1095 1883 1133 1948 et

72 1982 202 2050 drnoe
227 2033 236 2049 .
261 2034 270 2049 .
292 2037 302 2054 .
327 1986 458 2052 rhetor
480 1986 681 2053 etLetine
703 1987 890 2072 eloquens
912 1987 1042 2054 dietus
1064 1989 1131 2055 est.
1210 2016 1215 2023 ·

69 2086 136 2153 Non
159 2091 316 2173 queritur,
345 2092 413 2175 quis
440 2091 616 2175 complexus
642 2092 694 2173 sit,
730 2091 786 2159 sed
820 2110 880 2177 qno
911 2092 1043 2171 nomine,
1079 2093 1132 2177 qui

69 2195 244 2278 eomplexns
266 2198 357 2273 esset,
380 2197 552 2282 appellatus
574 2196 626 2264 sit

164 2300 232 2367 Ibd.
271 2301 328 2367 68:
381 2301 457 2387 Ego
500 2303 646 2380 eutem,
688 2301 849 2370 etiamsi
892 2303 1131 2388 quorundum

67 2404 228 2488 grundis
262 2410 300 2473 et
334 2409 469 2474 ornate
502 2427 573 2474 vox
605 2409 908 2503 estpoetorum¹
939 2408 1129 2475 tamenin

68 2526 104 2575 ee
133 2529 224 2577 eum
257 2512 467 2580 licentium
503 2515 635 2580 stetuo
670 2512 849 2579 maiorem
876 2532 982 2593 esse,
1019 2507 1136 2597 quom'

65 2612 104 2679 in
141 2618 277 2694 nobis,
320 2618 600 2686 faciendorum
644 2618 999 2704 iungendorumque
1034 2637 1128 2685 ver·

65 2717 209 2798 torum,
243 2724 465 2792 tumetium
498 2723 773 2791 nonnullorum
805 2724 998 2791 voluntati
1025 2723 1123 2809 (Roy-

65 2827 381 2905 serosvoluntote‚
403 2829 529 2909 invitus,
545 2828 836 2913 opinorivooitus
858 2831 993 2914 magis
1015 2848 1127 2914 quem

63 2931 174 2997 robus
196 2933 431 3001 inserviunt
488 2935 650 3002 Voluntati
675 2934 726 3000 hio
751 2935 853 3001 lonum
875 2952 935 3001 non
958 2952 1037 3015 osse,
1069 2935 1126 3000 sed

63 3036 212 3120 uoluptuti
234 3040 268 3103 et
288 3039 495 3118 delectationi,
532 3059 625 3126 quem
660 3040 761 3125 poesis
783 3038 939 3124 sequitur,
966 3038 1059 3106 multi
1079 3039 1127 3106 vi·

64 3138 181 3207 domne.
225 3143 289 3210 Sed
309 3163 407 3230 neque
427 3149 527 3231 poeto
549 3147 765 3216 nonnullorum
786 3145 949 3228 voluptati,
981 3144 1037 3212 sod
1057 3162 1126 3213 om·

63 3245 143 3312 oium
163 3247 347 3330 inserviunt,
369 3271 466 3337 neque
489 3253 592 3320 Gioero
613 3271 719 3320 omnes
745 3253 853 3336 poetes
875 3249 1000 3317 voeibus
1021 3249 1124 3334 megin

64 3368 150 3432 donni
171 3354 265 3421 rebus
297 3356 453 3436 (honest,
489 3359 672 3444 argumento
696 3357 729 3424 et
759 3356 824 3423 eius
850 3355 1046 3435 tentatione)
1067 3374 1123 3423 uo·

64 3450 212 3539 nonum
234 3462 347 3528 seotnui
373 3462 449 3530 dixit
470 3464 608 3531 dioereve
628 3462 739 3546 potuit
794 3463 842 3539 (In
873 3460 1026 3524 volentate
1058 3460 1123 3534 hno

66 3563 158 3629 omnis
191 3565 289 3632 etiam
311 3568 487 3651 vitiosiore)
544 3568 656 3636 Omnis
685 3586 761 3635 seno
786 3568 819 3634 et
844 3568 928 3634 reete
955 3569 1061 3644 erunt,
1093 3567 1123 3633 si

67 3667 104 3733 sit
123 3671 353 3757 scripserimus:
389 3677 467 3741 tum
490 3675 608 3742 etism
628 3672 808 3740 nonnulli
829 3693 960 3736 eornm
980 3671 1122 3755 volup·

69 3770 138 3842 teti
166 3778 330 3845 vocibus
351 3780 472 3865 magis
499 3801 608 3866 quem
637 3782 756 3848 rebus
778 3778 1015 3846 inserviunt.
1059 3776 1119 3842 oi„

11 3980 12 3999 ι
74 3973 254 3995 *¹*—

99 4125 118 4193 1)
132 4129 276 4205 Κιγιοιιιιιι
295 4139 324 4190 et
341 4135 386 4191 hio
404 4138 432 4190 et
449 4135 516 4192 dibi
531 4139 559 4192 et
576 4137 632 4193 suis
650 4139 679 4191 et
696 4134 826 4197 eliorum,
845 4135 877 4186 ut
894 4130 988 4192 Boioi,
1007 4131 1121 4199 suspiti-

132 4225 222 4282 onibus
249 4227 284 4282 de
302 4226 424 4283 delendis
440 4229 529 4285 verbis
547 4230 629 4285 nimis
646 4230 754 4286 inosute
775 4226 930 4282 obseeutnm
949 4238 1013 4286 esee
1038 4221 1120 4278 semol

135 4316 228 4375 dotum
246 4324 315 4378 esto.
444 4361 448 4367 .
