2656 5056
262 285 303 347 94
637 279 697 333 Lib.
717 279 753 334 11.
775 280 848 350 Cap.
871 282 887 334 Ι

221 480 382 546 sententiae
405 481 528 547 vinculo
549 499 619 545 cum
642 479 691 544 his
713 479 970 566 coniungantur,
1007 501 1080 566 quae
1102 482 1252 548 subiicimtu:

222 587 263 652 at
284 587 360 652 alii
381 588 440 654 eet.
477 587 645 654 Sententiae
668 587 712 652 sie
734 587 926 668 separandae
953 589 1124 673 oratioque
1142 586 1252 652 molitu
1282 655 1283 658 Ἴ

224 693 367 758 detracta
388 694 434 760 sic
455 692 617 760 scribenda
640 695 696 768 est
725 695 761 758 ut
781 692 859 759 fiete
885 693 927 759 da
953 695 1031 778 ipso
1056 695 1160 760 Crasso
1178 694 1255 772 arud
1284 772 1285 775 Ἴ

224 799 425 880 ostendatur,
455 799 592 865 discendi
622 799 757 863 studium
780 817 837 880 per
861 819 899 865 se
924 800 1172 867 delectationem
1189 799 1255 863 hairu

224 908 348 972 etiamsi
379 925 457 981 eam,
488 922 581 987 quam
609 903 695 978 velis,
723 905 800 968 artis
829 923 1003 970 summam
1036 927 1103 973 nou
1120 923 1257 988 consequar:
1286 919 1287 923 ’

224 1011 345 1076 Libet
377 1012 509 1076 autem
541 1029 698 1092 semper
730 1009 905 1076 discere.
965 1012 1023 1077 Ut
1055 1013 1156 1094 (velut
1181 1012 1258 1090 menet

224 1118 330 1200 causa)
354 1117 387 1181 si
411 1116 533 1180 velim
556 1134 626 1199 ego
648 1115 748 1181 talis
770 1115 930 1196 optime
960 1118 1117 1185 ludere
1144 1114 1260 1201 nutet

224 1221 360 1287 studio
396 1223 536 1287 tenear
569 1222 690 1286 etiam
724 1221 926 1296 fortasse,
963 1225 1004 1289 si
1042 1225 1261 1308 assequimur

223 1329 390 1411 possim3
424 1330 465 1393 et
497 1327 573 1392 alii
605 1331 662 1393 cet.
708 1327 773 1407 [Sic
804 1327 868 1391 iam
905 1329 1120 1407 Schuetzins‚
1151 1332 1264 1397 eninm

223 1434 388 1499 obsecutus
410 1436 483 1513 est]

324 1550 730 1618 Ibid.107:Devirtute
752 1550 856 1616 enim
872 1599 996 1616 ......
1015 1554 1265 1634 similibusque
1291 1552 1292 1555 ’

225 1657 269 1721 de
302 1658 420 1723 rebus
449 1658 488 1721 in
517 1659 726 1742 utramque
756 1660 911 1741 partem
950 1661 1128 1726 dicendi
1159 1662 1266 1725 anima

225 1769 264 1827 et
296 1762 374 1826 vim
406 1766 444 1827 et
473 1766 600 1828 artem
628 1763 774 1829 habere
796 1764 1003 1831 debemus.
1065 1769 1137 1833 Etsi
1159 1767 1267 1832 anino

224 1866 379 1933 interdum
402 1870 447 1934 sic
468 1868 531 1935 diei
554 1871 747 1935 notissimum
769 1872 824 1944 est,
854 1872 890 1934 ut
913 1870 1016 1937 elatio
1047 1873 1188 1957 quadam
1208 1867 1268 1936 min

97 1964 100 1968 ’
225 1974 258 2037 et
288 1973 437 2039 tortitudo
469 1974 674 2059 significetur,
708 1993 795 2039 nemo
827 1977 934 2042 tamen
967 1996 1127 2062 umquam
1157 1977 1269 2043 animos

224 2079 371 2145 habere
409 2081 568 2165 aliquid
601 2082 779 2147 faciendi
807 2100 861 2165 pro
885 2100 932 2161 eo,
965 2085 1054 2167 qnod
1078 2089 1129 2151 ent
1149 2078 1270 2165 aliquit

225 2186 358 2251 facere
380 2187 543 2269 audere,
565 2187 651 2252 dixit.
686 2189 750 2253 Hoc
772 2187 896 2271 quidem
920 2188 990 2255 loco
1007 2189 1271 2257 alienissimaabu

224 2291 278 2355 illa
300 2292 485 2376 significatio
507 2293 571 2368 est;
603 2295 705 2377 agitur
727 2294 807 2359 euim
831 2295 868 2359 de
891 2295 961 2359 sola
983 2296 1143 2362 facultate
1165 2294 1270 2362 omum

225 2396 293 2463 Una
315 2399 420 2463 littera
442 2398 555 2464 vocalis
578 2400 698 2465 mutata
720 2400 904 2466 senteutiam
928 2419 1039 2466 veram
1073 2404 1226 2470 restituet:
1246 2399 1270 2462 in

225 2506 433 2589 utramque
471 2506 625 2601 purtem
661 2505 798 2573 ducendi
834 2508 1000 2572 animos.
1064 2510 1102 2574 In
1141 2512 1269 2587 unamque

224 2614 345 2694 partem
374 2612 494 2676 animos
523 2611 698 2677 auditorum
725 2631 914 2678 commovere
945 2615 1057 2678 orator
1088 2634 1179 2697 posse
1199 2613 1269 2678 debe.

224 2723 320 2795 (Ante
352 2717 468 2783 multos
500 2717 564 2782 iam
596 2737 691 2784 annos
723 2717 882 2784 Walchins
915 2717 1094 2786 dicendo
1128 2714 1268 2786 ducendi

224 2827 377 2890 animos
399 2823 490 2888 scribi
513 2823 665 2901 voluerat3
699 2826 869 2902 verebatur,
893 2825 1011 2908 opinor¹
1049 2846 1092 2892 ne
1115 2827 1203 2891 nimis
1221 2825 1269 2887 bm-

221 2932 302 2996 viter
324 2930 383 2994 dici
408 2928 565 2994 videretur
588 2931 632 2995 de
660 2933 813 2996 virtute
841 2932 879 2995 in
901 2933 1267 3014 utramquepartem

223 3038 369 3102 ducere
397 3035 567 3114 animos3
597 3037 649 3101 sed
682 3055 767 3120 paeue
796 3036 936 3102 absolute
965 3056 1023 3119 per
1045 3039 1265 3122 praepositionem

222 3143 266 3206 de
300 3141 576 3224 [quemadmodum
608 3142 758 3208 declaravi
792 3141 830 3207 ad
862 3142 925 3207 Cic.
956 3142 996 3207 de
1029 3144 1122 3209 Finn.
1151 3143 1203 3219 ΙΙΙ,
1229 3136 1266 3211 bil

222 3251 439 3313 enumerantur
471 3266 517 3322 ea,
550 3249 583 3312 in
617 3249 726 3330 quibus
758 3247 923 3313 tractandis
954 3266 1006 3313 ars
1036 3249 1095 3314 illa
1116 3249 1148 3313 iu
1177 3251 1266 3311 num·

221 3372 280 3437 que
302 3356 420 3436 partem
444 3354 564 3419 animos
587 3352 716 3419 ducendi
738 3356 898 3427 versetur.)

320 3462 398 3526 Ibid.
424 3458 500 3521 161:
524 3460 618 3525 Nam
640 3461 679 3524 et
700 3458 795 3525 odor
815 3458 1075 3525 urbanitatis
1099 3466 1141 3527 et
1161 3454 1267 3524 melli·
1309 3474 1310 3477 ¹

220 3567 314 3631 tudo
344 3564 618 3630 humanitatis
648 3569 686 3631 ct
716 3583 888 3630 murmur
910 3566 1036 3629 maris
1060 3570 1102 3632 et
1128 3559 1268 3631 dulcedo

220 3670 421 3737 orationis
454 3674 547 3737 suut
579 3672 699 3738 ducta
735 3690 754 3736 a
788 3670 938 3736 ceteris
972 3674 1183 3748 sensibus3
1214 3665 1269 3732 illa

220 3798 312 3842 vere
335 3779 541 3844 oculorum
564 3778 688 3842 multo
710 3775 883 3850 acriora,
907 3794 991 3858 quae
1013 3783 1268 3861 ponuntpaene

219 3883 256 3947 in
279 3885 499 3967 conspeetu
521 3883 661 3962 animi,
690 3902 772 3966 qua
801 3900 961 3948 cernere
995 3888 1036 3947 et
1060 3887 1199 3951 videre
1217 3895 1270 3946 uon

219 4006 439 4069 possumus.
495 3988 621 4055 Sublato
654 3987 874 4062 oculorum,
907 3990 989 4071 quod
1017 4008 1056 4056 ex
1086 3988 1271 4075 superioribus
1310 4017 1311 4063 3

218 4093 399 4167 (manime
432 4095 653 4176 oculorum,
687 4093 754 4178 qni
788 4097 850 4159 est
880 4111 1024 4161 seusus
1056 4098 1272 4164 acerrimus)
