2678 5016
268 278 328 340 160
627 279 687 334 Lib.
698 280 743 334 VI.
757 278 821 349 Cap.
836 280 887 336 111.
953 358 955 366 y

222 477 347 558 planetu
368 477 501 541 lacertos
524 475 675 559 nigrante.
734 476 856 562 Scopius
884 478 1004 544 Barthii
1029 483 1086 548 ast.
1142 483 1288 552 Genetrix

224 600 305 645 saesa
327 583 391 659 est,
422 598 490 662 qna
522 580 614 645 inse
644 581 817 667 plangendo
848 583 947 649 surb.
1008 585 1154 669 (Propter
1182 590 1289 657 Mart·

223 686 350 751 landum
380 685 471 764 dice.)
520 683 610 770 [Siti
631 684 843 771 Schraderns.]

327 791 393 856 lbd.
429 792 457 861 7,
493 792 544 871 58,
569 792 622 857 ubi
655 791 800 875 Calliope,
834 813 901 876 qun
933 795 1072 861 Lucanus
1099 800 1287 869 carminibus

223 898 411 967 tractaturus
446 901 496 976 sit,
535 895 685 980 praedicit,
717 897 834 963 haersnt
859 900 891 964 in
916 900 1045 967 Neronis
1075 921 1216 986 persona,
1253 911 1288 973 nt

223 1006 352 1081 videtur,
376 1006 475 1072 subito
496 1022 550 1087 pro
572 1003 695 1067 Lucano
717 1004 893 1080 snbsfimta
925 1009 967 1084 ot,
989 1007 1058 1073 abis
1080 1007 1196 1074 flustra
1217 1013 1287 1076 ten.

223 1113 315 1190 tatis,
343 1111 383 1177 ad
414 1112 584 1176 extremum
619 1125 740 1173 versum
765 1110 795 1174 ri
823 1110 945 1177 tollunt.
1008 1113 1153 1180 Oratione
1174 1115 1287 1180 rectius

223 1217 417 1300 interpuncta
437 1213 599 1298 apparebit
619 1213 787 1278 sententia:

422 1322 463 1385 Et
482 1319 572 1385 sodes
592 1318 745 1382 reserabis
765 1318 933 1386 inlaesum

422 1427 573 1509 (ingratus
593 1423 706 1505 Nesoi)
739 1423 878 1489 dulcibus
900 1426 1041 1506 mestos,

424 1536 455 1598 at
476 1533 579 1595 noster
602 1528 660 1594 tibi
681 1530 851 1611 proferetur
873 1532 1021 1614 Orpheus.

322 1639 403 1705 Nero
430 1636 547 1703 Lucani
577 1634 699 1717 Orphae
724 1636 755 1699 in
776 1654 871 1702 scena
891 1638 1088 1715 cantarum
1125 1639 1286 1722 itaquein

221 1747 363 1825 poemate
399 1740 600 1827 significando
632 1738 750 1805 Statius
788 1741 882 1806 simul
907 1742 1094 1826 indignatur,
1127 1745 1284 1828 ingratum

222 1849 316 1914 luisse
338 1850 562 1933 imperatorem,
585 1847 636 1929 qui
658 1847 816 1911 Lucanum
838 1847 1034 1913 interfecerit

325 1953 391 2018 lbd.
416 1953 475 2016 128
497 1973 579 2036 sqq:

421 2060 469 2124 Ac
490 2057 600 2124 solatia
621 2076 701 2122 vana
721 2058 936 2123 subministrat

421 2165 533 2239 vultus,
556 2166 607 2247 qni
629 2163 723 2228 simili
745 2165 868 2229 notatus
890 2182 964 2229 auro

425 2270 530 2336 stratis
552 2268 696 2352 praeibat
714 2267 898 2352 incubatque
920 2286 1027 2335 somno

421 2394 545 2442 securas.
590 2374 700 2440 Procul
719 2372 792 2438 binc
812 2372 896 2466 abite
918 2375 1049 2448 mortam

422 2481 487 2547 hacc
510 2481 581 2547 sits
596 2479 739 2564 genitalis
761 2479 810 2544 ast
830 2480 923 2562 origo.

325 2585 431 2668 Neque
462 2606 550 2661 uxor,
587 2587 673 2652 cuius
709 2585 829 2651 luctum
850 2587 881 2649 in
908 2586 1024 2651 somnis
1050 2585 1155 2651 mariti
1183 2587 1284 2672 imo

187 2765 190 2771 Ι
222 2691 406 2767 consolatur,
443 2710 550 2757 secure
580 2691 711 2758 dormire
737 2690 801 2756 ullo
823 2691 911 2772 puoto
946 2688 1007 2755 dici
1041 2691 1158 2774 potest,
1187 2711 1284 2776 noque
1319 2719 1326 2723 -

223 2802 293 2878 (qno
325 2796 416 2862 modo
462 2797 534 2862 olim
567 2794 840 2880 interpungebntnr
871 2795 980 2877 oratio)
1002 2813 1131 2865 securas
1168 2799 1283 2863 mortss

222 2901 380 2984 appellari.
425 2902 499 2983 Sed,
527 2904 562 2966 in
594 2921 652 2986 que
686 2919 745 2966 non
776 2900 904 2966 haesisse
940 2900 1090 2978 ridentur,
1124 2902 1177 2984 qni
1203 2902 1284 2967 hunc

221 3006 320 3073 locum
353 3008 538 3092 attigerunt,
579 3026 646 3091 qim
667 3009 741 3073 sunt
767 3007 829 3072 illae
852 3007 974 3089 (plurali
997 3012 1135 3083 numero)
1157 3010 1284 3083 mortes,

134 3106 136 3109 ’
220 3112 277 3178 hoo
305 3112 430 3196 qnidam
461 3113 527 3177 loco
559 3113 593 3178 et
623 3112 656 3177 in
686 3111 743 3176 hac
775 3111 955 3178 sententia?
1007 3111 1077 3178 Una
1101 3111 1208 3178 littera
1229 3112 1284 3177 ad·

221 3218 321 3283 <londa
341 3220 400 3294 est,
421 3235 483 3283 nna
504 3217 668 3283 mutandas

807 3323 992 3405 incubatque
1013 3341 1131 3390 somno.

428 3428 492 3492 Sed
513 3450 594 3491 ooroe
615 3431 725 3512 procul
745 3428 819 3493 hinc
843 3427 925 3494 abite
946 3426 1071 3490 mortis!

418 3533 495 3599 Hac
516 3535 588 3599 vita
610 3534 756 3618 genitalis
778 3537 827 3599 ast
848 3532 943 3617 erigo.

321 3641 356 3704 In
377 3638 524 3723 epistola,
556 3657 623 3722 qna
656 3639 791 3706 secondo
822 3638 969 3704 ailsmnm
990 3638 1069 3704 libro
1089 3638 1282 3721 proponitur,

219 3746 308 3827 paulo
344 3746 415 3809 anta
444 3745 536 3811 finem
563 3744 758 3811 scribendum
787 3745 832 3810 sic
852 3746 914 3809 est:
947 3744 1022 3828 qaia
1048 3742 1192 3807 tenorem
1222 3742 1284 3807 aaa

126 3893 133 3910 .
221 3850 276 3912 tibi
311 3849 428 3912 lotum
459 3860 616 3935 acceptum
650 3859 699 3912 eat.
760 3848 863 3913 Cludit
904 3847 1044 3912 volumen
1077 3849 1283 3933 pesculiam

219 3953 343 4017 Lucous'
374 3959 434 4022 cat.
487 3956 624 4039 (Editurz
662 3954 787 4021 laum
813 3965 977 4040 occeptum.
1026 3954 1202 4034 Ecobodit),
1250 3955 1282 4020 iu

218 4061 306 4125 tertii
345 4060 416 4126 libri
462 4062 592 4145 epistola
628 4061 727 4144 'paulo
771 4063 839 4144 post
876 4060 999 4126 initium
1044 4082 1186 4145 copoacos
1228 4079 1281 4144 pro
