2654 5010
238 290 300 352 204
430 289 491 344 Lib.
509 289 546 343 Π.
565 288 631 357 Cep.
649 287 698 341 ΙΙΙ.
736 285 876 343 Ciceronis
893 286 1033 356 epistolse.

197 506 272 553 uou
307 487 405 566 orit,
443 488 484 552 st
515 487 553 551 in
585 483 722 550 Asiam
759 501 902 551 censeo
938 484 1254 570 persequendum

127 560 144 593 ⁰
199 593 316 660 Nihil
337 593 437 658 mibi
459 592 615 658 videris
637 590 710 656 hoc
730 592 910 673 tempore
933 593 1084 657 melius
1103 593 1257 658 colurus
1306 661 1307 668 χ

648 924 736 1006 Cup.
758 924 820 992 IV.

203 1093 345 1151 Cornelius
362 1092 464 1161 Nepos.
493 1092 599 1148 Seneca
617 1091 808 1162 Philosophus.
836 1091 942 1148 Plinius
959 1094 1058 1150 maior.
1088 1093 1262 1162 Quinnlinnus

628 1183 735 1240 Plinius
752 1185 847 1240 minor.

589 1358 754 1426 cornelius
776 1357 889 1445 Nepos.

308 1525 425 1592 cimon.
444 1527 481 1591 4:
500 1525 593 1591 Fuit
615 1526 717 1592 enim
739 1527 854 1590 tante
875 1526 1146 1594 liberalitate
1167 1574 1175 1590 .
1198 1574 1265 1604 n,

205 1637 247 1699 ut
268 1651 482 1716 numquam
505 1632 544 1696 iu
572 1630 1013 1714 iisfpraediis)custodem
1032 1634 1265 1717 imposuerit

205 1741 364 1804 fructus
398 1738 589 1803 servandi
621 1739 772 1822 gretie,
802 1757 847 1802 ne
875 1738 965 1820 quis
986 1739 1264 1823 impediretur,
1319 1769 1320 1784 κ

206 1862 281 1927 quo
315 1846 444 1910 miuus
478 1844 565 1910 eius
596 1845 732 1919 rebus,
766 1843 910 1928 quibus
932 1845 1110 1928 quisque
1132 1846 1266 1923 uellet,

207 1951 423 2016 frueretur.
473 1949 674 2016 Scribondnm
697 1950 764 2015 sine
786 1949 851 2014 nlla
874 1949 1091 2019 dubitatione:
1116 1972 1191 2036 qno
1212 1952 1269 2017 mi·

208 2076 280 2122 nus
303 2057 349 2124 eis
371 2044 505 2133 rebus,
534 2058 679 2140 quibus
702 2056 873 2140 quisque
896 2056 1042 2137 vellet,
1074 2059 1267 2125 frueretur.

309 2198 399 2263 Dion.
423 2199 441 2261 9
465 2200 517 2275 (de
547 2197 646 2282 Dione
676 2199 706 2260 iu
736 2197 875 2263 cubiculo
905 2215 924 2261 u
952 2198 1127 2263 coniuratis
1149 2200 1268 2274 occisol:

209 2304 384 2388 Namque
406 2304 475 2368 illi
498 2303 578 2386 ipsi
601 2303 811 2381 custodes,
834 2303 867 2367 si
888 2305 1077 2386 prompte
1099 2305 1269 2370 fuissent

208 2409 440 2489 voluntate,
469 2409 628 2476 foribus
655 2409 845 2475 effractis
866 2428 1030 2475 seruere
1051 2430 1139 2476 eum
1162 2412 1268 2497 potu·

208 2516 413 2582 issentcet.
436 2515 545 2581 Mendi
567 2517 680 2600 aliquid
703 2534 770 2581 esse
791 2515 823 2579 in
846 2514 1083 2597 pronominibus
1105 2516 1177 2581 illi
1198 2515 1268 2600 ipsi

209 2622 298 2689 focile
330 2625 469 2706 apparet,
498 2621 640 2704 quoniam
669 2623 754 2687 nulle
782 2622 904 2686 omnino
934 2623 1096 2705 precessit
1116 2622 1268 2689 custodum

208 2728 340 2805 mentio,
377 2747 476 2813 neqnc
513 2728 648 2809 pruritus
684 2728 805 2793 tollitur
840 2729 942 2793 deleto
974 2747 1037 2794 uno
1070 2729 1160 2809 illi,
1196 2727 1268 2813 qnod

211 2835 352 2901 Halmius
376 2834 546 2900 tollendum
568 2834 742 2916 suspicatus
765 2839 821 2912 est,
844 2834 938 2899 simul
969 2835 1103 2918 ipsius
1133 2837 1269 2902 scribens

208 2942 338 3007 Videtur
354 2941 450 3006 latere
471 2939 658 3005 adiectivnm
680 2941 796 3024 gentile
818 2942 962 3007 barbaros
980 2943 1114 3025 corporis
1137 2941 1270 3008 custodes

209 3048 440 3122 demonstratum
463 3066 481 3111 c
505 3046 619 3112 litteris
640 3066 698 3111 non
713 3048 845 3112 multum
862 3046 993 3112 discedit
1006 3046 1144 3131 Illyrici.
1179 3047 1268 3113 Paulo

207 3159 279 3219 ente
302 3153 384 3238 quod
407 3153 568 3220 scribitur:
601 3153 690 3229 Hic,
725 3156 832 3219 sicut
864 3159 956 3218 ente
988 3172 1093 3238 saepe
1127 3154 1269 3221 dictum

208 3264 285 3337 ost,
311 3279 425 3343 quum
447 3260 582 3325 invise
608 3261 663 3326 sit
685 3259 913 3344 singularis
936 3262 1125 3341 potentin
1149 3264 1189 3325 et
1209 3259 1269 3325 mi·

207 3367 377 3433 seranda
399 3366 500 3457 rite,
524 3365 590 3451 qui
612 3386 652 3432 ss
674 3367 800 3432 metui
821 3383 932 3450 quem
957 3366 1083 3432 umeri
1108 3368 1268 3445 malunt,

207 3472 339 3539 cuivis
370 3458 494 3537 facile
526 3471 752 3538 intellectu
785 3473 880 3550 tuit,
904 3490 963 3538 non
985 3473 1076 3538 credo
1098 3474 1266 3540 Cornelium

207 3578 408 3662 significasse,
431 3598 523 3661 qnam
555 3597 636 3661 saepe
664 3579 723 3645 hoc
742 3577 809 3662 ipse
831 3582 923 3643 antec
944 3578 1082 3657 dixisset
1107 3579 1163 3645 ssd
1184 3597 1267 3662 quum

205 3686 349 3769 frequens
371 3684 462 3750 buius
485 3686 528 3750 roi
550 3685 830 3750 animadvertendo
851 3685 883 3750 in
904 3683 1032 3751 historie
1046 3686 1168 3752 occasio
1184 3687 1266 3751 osset

206 3791 315 3875 Itsqne
350 3810 473 3874 prorsus
509 3790 703 3856 scribendum
741 3791 889 3857 arbitror:
922 3790 1011 3869 Hic,
1046 3790 1157 3858 sicut
1185 3792 1268 3856 unte

205 3916 321 3980 saepe,
346 3916 458 3981 quem
481 3897 617 3963 invise
639 3898 695 3963 sit
722 3897 952 3982 singularis
974 3900 1163 3981 potentie
1185 3942 1266 3972 ...η

204 4003 337 4067 cuivis
360 4003 484 4070 facile
506 4003 730 4070 intellectu
752 4005 852 4080 fuit,
875 4003 997 4069 subluto
1020 4004 1177 4070 dictum
1198 4003 1266 4074 est,

204 4108 285 4190 quod
307 4107 437 4184 addidit,
460 4109 514 4192 qui
529 4129 587 4175 non
601 4109 799 4176 intellexerat
814 4111 905 4174 verbu
926 4111 1036 4175 sicut
1057 4116 1153 4177 unte
1173 4126 1265 4190 sepo
