2656 5056
231 273 291 336 120
595 264 869 334 LibllthaIL

189 469 355 537 dicendum
397 471 465 533 erat
505 465 754 530 viderentur.
819 464 1021 550 [imque
1056 461 1229 545 (noctuae

190 575 422 657 uideantur)
448 576 517 637 tum
548 571 675 637 demum
700 570 778 635 ferri
807 576 930 652 potest
959 567 1232 657 aptissimumque„
1265 580 1269 661 s
1298 590 1305 647 a

191 681 407 766 siwonrntim
437 678 555 762 aliquid
587 677 628 743 de
656 676 820 742 Cicerom
851 679 1048 761 aqualibm
1077 680 1126 757 iis,
1150 674 1233 762 (μὲ
1271 721 1280 764 3
1301 673 1305 731 -5

192 790 335 873 Scipione
356 786 545 860 dictasunt,
573 783 763 866 adiungitur.
816 783 1045 868 Perspicuum
1066 785 1142 851 milri
1160 784 1236 849 uim
1275 820 1276 823 =
1302 788 1305 816 ⁴

191 895 272 961 banc
293 894 470 960 Ciceronem
496 888 650 955 admoti
680 891 814 954 lormam
845 897 1009 958 secutum
1042 888 1238 958 &coenat
1281 922 1283 969 κ.

173 994 380 1067 'ornatum
406 998 589 1062 fanorum
617 998 738 1080 atquo
766 998 1034 1080 oppidorum
1058 1018 1146 1065 esse
1167 999 1241 1063 lactu

196 1105 302 1187 <vn
322 1103 473 1186 indm>
494 1105 540 1167 ut
561 1105 622 1168 cet
667 1101 799 1166 Omnem
831 1102 924 1168 hune
954 1105 1071 1171 locum
1092 1105 1244 1170 Quoue
1286 1180 1287 1184 Ἰ

195 1210 295 1276 cludit
324 1209 442 1275 indices
470 1209 659 1274 exhortando
686 1207 727 1272 ad
749 1226 861 1272 serere
883 1209 1088 1277 huiusmodi
1108 1228 1246 1276 monuncu-

195 1324 298 1382 tornm
318 1315 516 1381 violationem
536 1313 721 1397 puniendam
743 1315 776 1377 et
796 1315 989 1398 exemplum
1019 1318 1249 1400 posteritatem

197 1422 341 1489 dendnm.
398 1422 446 1486 De
478 1422 545 1504 ipso
576 1419 791 1503 supplemento
825 1420 890 1485 boc
927 1441 1037 1488 unum
1061 1422 1250 1488 elimatum

196 1531 373 1596 aberratum
401 1547 468 1593 esse
496 1546 515 1592 a
542 1528 651 1592 lacta
678 1525 718 1589 ad
746 1524 899 1601 lacite;
924 1535 1071 1610 possunt
1093 1530 1174 1595 enim
1191 1526 1252 1611 pedo

198 1638 287 1718 plura
318 1635 467 1701 excidisse
494 1633 579 1699 velut
600 1633 717 1715 <Vos
749 1649 896 1697 severe
933 1636 1193 1702 vindicando
1217 1633 1254 1697 la·

198 1741 323 1824 cite>
344 1744 399 1807 ant
419 1739 542 1829 similia

300 1868 381 1935 Ibid.
404 1870 442 1944 V,
465 1870 541 1933 119:
573 1870 704 1951 Atque
725 1868 807 1951 ipsi
827 1866 964 1934 etiam
998 1872 1257 1937 adolescentes

199 1994 283 2041 cum
305 1976 442 2042 Sextio
470 1994 539 2041 suo
560 1975 606 2039 de
628 1975 748 2059 plaga
770 1977 809 2039 et
830 1975 879 2038 de
902 1994 988 2043 uuo
1018 1978 1098 2045 illo
1122 1980 1203 2044 ictu
1219 1976 1258 2040 lo·

200 2082 426 2164 qnobantur
446 2088 504 2148 oct.
549 2083 746 2164 lneptissimo
767 2080 799 2143 in
822 2078 1013 2149 miserabili
1037 2105 1074 2152 re
1098 2089 1132 2151 et
1152 2084 1257 2150 oraton

199 2188 266 2252 ioco
288 2198 372 2263 (nam
395 2188 480 2254 iocus
502 2207 569 2255 esse
585 2188 691 2265 debet)
706 2186 840 2252 camiiox
852 2189 1047 2271 appellatur
1062 2212 1171 2258 suus.
1205 2189 1259 2255 Sui·

200 2292 334 2358 bendum
357 2299 476 2377 aneae:
504 2312 564 2361 sna
591 2294 635 2360 de
664 2293 790 2378 plaga.
832 2292 1022 2362 Pronomen
1047 2299 1090 2363 ad
1113 2296 1259 2381 praemone

200 2416 308 2462 nomen
332 2402 594 2466 accommodatum
617 2410 673 2467 est.

303 2530 380 2596 lbid.
406 2530 479 2594 186:
512 2533 646 2615 teque,
669 2530 881 2608 Herculeo,
907 2552 1032 2614 quem
1057 2535 1143 2601 iste
1164 2532 1259 2616 Agri·

200 2637 315 2719 genti
339 2682 503 2698 ......
526 2637 757 2703 conuellere
785 2656 828 2702 ex
848 2637 938 2704 suis
960 2640 1144 2708 sedibus
1164 2644 1260 2721 atque

201 2743 362 2810 anferre
395 2745 562 2810 conatus
584 2747 656 2810 est.
703 2743 905 2810 Scribendnm
936 2764 1012 2813 esse
1046 2768 1091 2814 ex
1121 2751 1194 2826 tuis,
1216 2763 1258 2810 non

201 2850 307 2932 opinor
330 2851 522 2936 argumentis
543 2851 815 2918 demonstrandum
837 2870 915 2916 csse.

301 2992 363 3059 Pro
385 2991 518 3060 Fonteio
540 2995 576 3058 t:
608 2992 780 3058 Duorum
807 2991 1158 3076 magistratuum,
1186 3011 1257 3077 qno-

199 3116 280 3162 rum
303 3100 474 3183 uterque
495 3100 534 3165 in
556 3099 726 3182 pecunia
749 3099 916 3163 maxima
943 3103 1173 3167 tractartda
1192 3116 1258 3184 pro·

200 3205 455 3288 curandaque
478 3211 663 3271 versatus
685 3210 762 3282 est,
791 3205 1095 3273 triumviratus
1118 3211 1158 3273 et
1178 3223 1258 3290 qne·
1304 3218 1305 3312 t

199 3314 336 3386 sture,
360 3313 464 3377 ratio
486 3314 544 3378 sic
566 3311 768 3385 redditur,
791 3309 968 3383 iudices,
994 3318 1043 3378 ut
1075 3315 1116 3380 in
1146 3316 1196 3379 iis
1215 3329 1257 3376 re·

200 3421 271 3484 bus
318 3464 510 3480 .......
549 3418 662 3485 nulla
696 3416 960 3503 significatio
1000 3419 1129 3495 furti,
1166 3418 1259 3486 nulla

199 3524 377 3591 alicuine
398 3525 548 3592 delicti
571 3524 749 3609 suspicio
772 3524 991 3591 referatur.
1029 3526 1182 3593 Rationes
1198 3528 1259 3591 beno

199 3638 231 3695 ot
252 3634 337 3698 recte
359 3631 463 3697 relatae
486 3632 633 3713 efficiunt,
657 3651 716 3698 non
737 3634 774 3697 ut
794 3631 879 3696 nuilla
893 3630 1030 3715 suspicio
1053 3636 1257 3702 referatur,

199 3732 280 3819 cuod
303 3739 373 3822 quid
396 3739 446 3814 sit,
469 3740 593 3806 omnino
615 3741 727 3816 nescio,
750 3736 805 3804 aed
826 3742 862 3804 ut
883 3738 972 3804 nulla
993 3739 1234 3826 reperiatur)

255 4007 281 4067 *J
300 4008 314 4075 ξ
333 4009 350 4061 2
368 4027 418 4078 pro
437 4028 479 4078 co,
499 4012 571 4080 quod
592 4012 732 4067 scribitur:
761 4026 801 4065 au
829 4024 886 4063 vos
913 4008 947 4063 in
976 4026 1132 4069 errorem
1157 4014 1259 4068 ducere

299 4101 394 4167 velit,
423 4105 568 4160 admodum
598 4105 724 4175 suspicor
751 4102 923 4159 scribendum
951 4099 1259 4173 essetutrumque
