2626 5070
392 108 422 163 L.
439 107 544 163 Seneca
563 108 669 178 Scripta
686 108 752 161 Min.
810 143 812 150 ·
1001 105 1062 168 343

6 342 23 348 »
72 298 159 370 donem
175 327 213 372 ea
235 308 333 370 forma
354 307 537 388 scripsisset,
569 325 634 386 quaa
664 307 735 370 inde
768 308 806 370 ab
827 306 949 371 Erasini
972 306 1044 370 edit.
1071 307 1100 370 ll

2 400 23 424 ²
70 419 194 477 senatur:
225 415 298 478 huc
330 414 448 477 omnis
479 414 571 482 ista,
600 430 679 493 qua
707 414 743 475 in
772 412 855 476 foro
878 412 1029 495 litigat,
1067 413 1103 477 in

12 510 15 543 ἵ
67 511 472 603 theatris[desidet],in
496 519 654 600 templis
677 523 871 599 precatur,
894 519 1004 582 turba
1024 519 1105 583 dis·

66 625 129 698 pari
142 624 262 706 gradu
285 625 404 696 radit,
428 643 482 688 sno
495 624 672 706 proprioque
685 625 825 688 verbodo
845 643 1025 706 unoquoque
1039 626 1104 688 loco

65 730 151 804 ponto,
183 729 315 793 alterum
347 731 472 793 verbum
502 728 594 811 (qnod
627 748 701 793 sane
735 731 833 811 potius
862 730 1019 809 plaudit
1050 737 1105 793 aut

2 839 6 923 g
65 830 142 896 simile
170 834 239 911 fuit,
273 834 423 898 actionem
456 833 646 916 significans,
685 843 776 917 qua'rn
811 835 976 911 desidet)
1005 837 1034 899 in
1077 839 1103 898 Δ

2 931 5 955 ”
64 941 207 1023 narisque
241 941 393 1004 codicibus
425 941 588 1016 omittitur,
621 941 700 1004 uode
736 947 808 1004 nata
835 948 889 1004 est
920 940 1105 1022 perridicula

2 1063 4 1087 t
64 1040 173 1110 Fickerti
195 1046 388 1111 coniectura:
411 1045 447 1109 in
470 1046 554 1110 loro
576 1046 729 1129 litigat,
763 1047 799 1110 in
822 1045 994 1110 theatris
1018 1063 1104 1126 pre-

2 1198 4 1238 ᾗ
64 1154 165 1228 catur,
188 1152 303 1216 omisso
330 1153 367 1214 in
399 1152 567 1235 templis.
613 1150 672 1215 Sed
702 1151 771 1214 huic
801 1151 962 1216 sententiae
987 1150 1103 1215 Seneca

2 1272 5 1319 ι
63 1255 161 1321 subiicit
193 1257 286 1320 hanc:
328 1256 374 1321 ut
408 1276 485 1339 quae
517 1258 716 1321 veneraris
744 1261 780 1320 et
809 1277 886 1339 quae
915 1255 1104 1339 despicis,

2 1365 3 1368 ’
64 1375 135 1426 nnus
156 1363 376 1444 exaequabit
396 1363 508 1438 cinis,
539 1364 630 1427 rebus
654 1365 812 1428 contrariis
836 1363 958 1427 noblis.
1006 1361 1104 1443 Supra

64 1470 238 1533 veneraris
258 1468 371 1551 aliquis
392 1470 454 1533 iam
475 1471 507 1533 in
524 1470 642 1533 ¹codicis
666 1472 693 1531 Α
717 1469 882 1553 archetypo
896 1468 1104 1550 adscripscrat

64 1568 190 1656 diligis;
213 1575 286 1638 hinc
307 1575 338 1638 in
360 1576 389 1639 A
411 1561 575 1641 et'cetoris
598 1575 755 1640 scribitur:
793 1574 840 1639 ut
862 1594 942 1657 quae
965 1574 1103 1659 diligis

65 1681 245 1744 veneraris
270 1684 305 1743 ct
337 1681 521 1763 quadan,
555 1681 607 1764 qni
628 1699 712 1745 error
734 1681 865 1745 editores
888 1700 948 1746 non
972 1680 1103 1765 decepit,

64 1780 106 1845 uisi
134 1785 213 1866 quod
236 1805 332 1868 nuper
356 1781 505 1870 diligis
526 1787 669 1856 retineri,
707 1788 909 1852 veneraris
932 1787 1027 1852 deleri
1049 1807 1104 1852 ro·

64 1883 171 1966 luerunt,
205 1910 263 1955 uon
291 1895 388 1965 recte,
421 1897 457 1957 ut
487 1894 601 1975 opinor.
646 1893 767 1975 Neque,
796 1913 986 1976 quamquam
1014 1894 1103 1957 buius

65 1993 154 2060 odeis
184 1999 363 2080 praestantia
393 1999 542 2080 religione
575 2004 606 2063 et
635 1999 884 2081 interpolationis
918 1996 1103 2062 abstinentia

2 2102 4 2111 ‘
66 2104 192 2179 assetur,
214 2122 274 2167 non
298 2102 459 2185 aliqnando
479 2103 622 2168 librarius
644 2105 709 2186 ipse
733 2110 787 2169 aut
807 2106 845 2178 is,
879 2124 970 2188 quem
994 2121 1103 2186 seque·
1127 2139 1131 2146 ·

65 2199 143 2281 batur,
174 2208 206 2271 in
229 2209 361 2289 primum
384 2208 461 2271 illud
484 2214 515 2273 et
536 2208 799 2289 simplicissimum
822 2209 1028 2292 interpolandi
1049 2228 1103 2293 ge-

64 2322 106 2372 nus
123 2311 240 2386 incidit,
274 2319 308 2377 ut
341 2333 376 2378 ex
399 2314 512 2379 litteris
534 2315 639 2379 fractis
662 2312 807 2378 Latinum
831 2316 1011 2379 vocabulum
1036 2315 1103 2378 effr-

64 2421 133 2479 ooret.
185 2419 340 2502 Singulari
361 2420 424 2483 sive
446 2439 547 2484 errore
571 2423 634 2485 sire
656 2420 852 2485 festinatione
877 2439 936 2484 non
960 2440 1036 2494 raro,
1071 2421 1102 2484 in

63 2523 247 2588 ariolatione
281 2524 321 2589 ad
353 2524 500 2590 Marciam
537 2529 641 2591 tamen
675 2527 864 2607 frequentius
894 2546 984 2609 qnam
1020 2527 1102 2600 alibi,

61 2640 131 2690 voces
162 2630 306 2693 extremis
339 2630 453 2693 litteris
486 2630 651 2712 syllabisve
676 2632 825 2703 truncari,
857 2632 919 2696 iam
943 2633 1104 2698 Fickertns

60 2731 261 2799 animadvertit
283 2737 423 2817 recteque
447 2755 482 2799 ea
504 2737 716 2801 observatione
740 2757 812 2802 usus
834 2747 882 2802 est
900 2738 949 2815 12,
972 2738 1001 2815 2,
1023 2758 1103 2803 sua·

58 2842 137 2905 serit
158 2842 293 2906 scribens
316 2861 350 2905 ex
372 2860 456 2917 sua,
481 2845 512 2904 et
534 2842 584 2918 26,
608 2841 637 2919 2,
659 2843 721 2916 ubi,
742 2862 811 2907 cum
835 2842 985 2908 incodice
1006 2846 1103 2908 esset:

57 2946 137 3023 quod
158 2949 239 3012 inte
272 2948 406 3012 domus
436 2950 562 3013 statu's
594 2949 676 3013 inte
703 2950 805 3032 ipse,
841 2951 867 3014 is
890 2949 1006 3030 optime
1029 2947 1104 3011 effe-

55 3049 104 3113 u't:
132 3051 227 3134 qnod
261 3052 411 3137 integro
446 3054 576 3118 domus
598 3057 720 3124 statu,
755 3057 803 3120 cui
825 3056 960 3120 Haasius
986 3054 1105 3120 addidit

55 3152 192 3240 integer
223 3159 315 3240 ipse.
326 3161 351 3240 ¹)
407 3159 581 3224 Desiderari
617 3162 732 3244 aliquid
762 3161 800 3225 ad
841 3161 1104 3227 accuratissimam

56 3261 198 3328 codicisA
234 3267 392 3346 scripturae
424 3267 563 3332 notitiam
589 3267 722 3331 Haasius
749 3268 815 3331 iure
843 3268 968 3350 scripsit
1005 3268 1102 3350 (prael.
1154 3360 1156 3366 k

57 3367 105 3430 rol.
128 3371 141 3433 Ι
162 3391 190 3452 p.
215 3371 280 3448 Vl).
498 3373 503 3385 '

62 3569 237 3585 Ὢ.

86 3717 103 3784 ¹)
119 3721 179 3778 ldd.
195 3727 219 3789 3,
239 3723 537 3788 2ri1(rixitrecte
558 3722 694 3787 Horisius),
713 3725 738 3777 4.
759 3727 776 3778 2
794 3724 915 3778 consol
935 3725 1019 3777 Areo
1038 3726 1102 3792 (pro

121 3816 348 3872 consolandam
376 3831 410 3870 se
436 3817 536 3880 Aram
564 3815 653 3868 minna
672 3819 742 3868 recte
762 3816 817 3881 la),
846 3821 870 3877 9,
903 3822 915 3872 1
940 3816 1106 3871 admonet

120 3908 246 3964 casibus
271 3909 497 3977 (admonemur
514 3915 558 3972 c),
576 3911 623 3972 11,
655 3913 671 3964 5
696 3912 906 3979 paucissimo
930 3910 1106 3965 circuitus
