2656 5056
304 689 442 746 Ciceronis
462 691 495 745 de
515 699 623 747 oratore
643 691 690 746 lib.
710 693 759 746 lil.
986 693 1025 754 93

30 888 90 952 nis
125 888 244 953 mentio
277 907 402 969 prorsus
435 888 508 954 hinc
538 889 639 954 aliena
671 891 702 952 et
734 889 838 972 inepta
861 890 917 964 est,
941 888 1006 952 sive
1029 889 1067 953 ad

30 1015 38 1060 r
65 1014 85 1060 a
109 994 300 1077 philosophis
322 995 464 1060 inventas
487 995 681 1076 participium
705 993 933 1059 exercitata
956 994 1067 1060 reseras

30 1100 205 1166 ominatiuo
239 1108 325 1177 casn)
358 1085 422 1166 sire
455 1101 494 1165 ad
526 1099 706 1165 orationem.
774 1099 877 1166 Cicero
909 1101 1068 1183 scripsisse

30 1208 138 1272 letur:
172 1224 298 1289 eaque
326 1190 472 1272 excitata
500 1206 571 1284 (boc
598 1208 655 1283 est
677 1207 800 1271 inuenta
821 1207 853 1272 et
873 1208 997 1272 uberius
1021 1226 1069 1270 er·

30 1319 127 1387 ncta,
150 1310 287 1395 imagine
309 1312 348 1376 ab
370 1311 499 1377 edificio
517 1311 620 1389 ducta)
644 1313 826 1378 oratione
847 1312 1067 1393 poliuntur.

30 1419 129 1496 rinde,
167 1418 220 1482 ubi
252 1417 284 1481 in
317 1417 472 1483 codicibus
505 1417 663 1484 scribitur:
701 1420 773 1484 Hic
812 1421 950 1483 noster
983 1416 1070 1481 rul-

30 1528 111 1591 .ris
133 1528 268 1589 orator
291 1569 298 1586 .
322 1569 329 1585 .
353 1571 359 1586 .
385 1572 391 1585 .
416 1524 519 1589 istos
547 1525 707 1607 quidem
737 1527 899 1590 nostros
926 1523 1066 1587 verbe·

37 1632 110 1697 bit
130 1648 255 1713 neque
278 1647 317 1693 se
339 1630 385 1694 ab
408 1630 461 1694 iis
483 1631 685 1695 contemni
708 1648 749 1696 ac
771 1629 1068 1712 despicisinet,

30 1736 205 1802 misviacile
228 1754 260 1801 se
282 1735 463 1817 expediunt,
485 1738 537 1819 qui
561 1739 721 1802 nostros
744 1735 924 1819 simpliciter
945 1733 1068 1806 tollunt,

30 1842 78 1908 od
103 1861 193 1906 nemo
216 1840 378 1906 additurus
401 1844 476 1906 erat.
528 1841 728 1908 Scribendum
750 1848 831 1906 erat:
853 1842 958 1905 istos
981 1839 1069 1922 qni·

30 1969 83 2013 rm
122 1950 246 2014 vostros
280 1948 529 2024 verberabit,
568 1947 827 2032 quemadmodum
867 1946 958 2030 paulo
991 1945 1069 2009 inira

30 2055 147 2120 :ibitur
180 2055 364 2120 Coracem
398 2055 520 2119 istum
554 2060 742 2121 vestrum.
793 2053 844 2119 Sic
866 2054 926 2117 duo
950 2053 1069 2117 codices

30 2161 79 2226 ud
106 2158 307 2237 Orellium.*)

104 2277 182 2342 ibid.
205 2276 262 2341 88:
286 2277 405 2343 Libet
426 2279 557 2343 antem
580 2298 735 2362 sempor
767 2277 942 2353 discere,
973 2276 1015 2340 ut
1036 2276 1070 2341 si

30 2383 125 2450 elim
159 2402 229 2468 ogo
258 2383 359 2449 talis
389 2385 539 2466 optime
569 2385 709 2449 ludere
731 2387 798 2449 aut
820 2383 912 2467 pilae
933 2382 1070 2447 studio

30 2508 157 2564 incar,
181 2489 302 2553 etiam
326 2488 519 2569 sortasse,
548 2493 580 2556 si
610 2492 773 2574 assequi
806 2508 879 2555 non
901 2489 1070 2572 possim3

30 2616 36 2662 r
78 2595 171 2672 alii,
208 2596 302 2678 quia
337 2597 528 2677 praeclare
565 2597 739 2674 iaciunt,
774 2596 1070 2670 vehementius,

30 2721 117 2766 uam
149 2720 272 2769 causa
302 2702 504 2784 postulat,
544 2703 819 2775 delectantur,
859 2703 902 2765 ut
933 2701 1069 2765 Titius

30 2809 105 2891 ila,
138 2808 279 2873 Brulla
310 2808 420 2873 talis.
469 2807 548 2873 Mire
577 2807 713 2892 generali
741 2805 780 2870 de
809 2805 911 2871 studio
933 2805 1070 2872 discendi

30 2915 167 2979 intentis
197 2913 376 2998 adiungitur
406 2913 577 2996 exemplum
609 2914 715 2979 fictum
746 2912 783 2977 de
805 2911 871 2993 ipso
894 2911 1004 2977 Crasso
1026 2911 1070 2976 sic

30 3019 137 3084 liectis
170 3019 233 3084 illis
267 3022 388 3084 etiam
422 3020 615 3095 sortasse,
645 3019 680 3085 si
701 3019 864 3101 assequi
887 3037 959 3082 non
982 3035 1071 3098 pos·

30 3125 95 3200 im,
118 3127 153 3189 ut
175 3125 318 3191 rideatur
340 3125 510 3207 exemplum
535 3124 687 3208 pertinere
702 3124 742 3190 ad
756 3122 958 3189 inutilitatem
974 3121 1069 3188 studii

29 3233 146 3297 iscendi
184 3231 462 3298 demonstrandam.
517 3231 624 3315 Neque
656 3233 755 3316 magis
786 3229 979 3313 intelligitur,
1013 3245 1072 3311 quo

56 3499 84 3567 *)
103 3499 171 3567 §Q
185 3500 232 3553 ubi
246 3501 273 3554 in
284 3500 423 3555 codicibus
435 3508 491 3554 est:
512 3517 708 3570 quamquam
729 3501 884 3556 omnibus
902 3515 963 3569 par
979 3513 1071 3569 paene

105 3591 180 3646 laus
198 3592 412 3647 indissimili
432 3594 603 3649 scribendi
622 3610 745 3662 genere
761 3594 945 3660 tribuatur,
958 3600 1071 3647 annota-

105 3700 195 3738 reram
214 3685 386 3740 scribendum
405 3701 466 3741 esse
491 3700 628 3756 quemquo
646 3687 817 3755 (amplificari
835 3687 905 3740 enim
924 3702 990 3754 rem,
1009 3702 1072 3741 con·

106 3777 184 3831 trarii
200 3784 248 3832 aut
260 3779 431 3848 exceptionis
446 3794 481 3833 ne
490 3779 628 3833 minimam
639 3779 747 3849 quidem
757 3779 983 3848 significationem
993 3778 1072 3845 esse),

107 3870 123 3938 ἓ
143 3871 174 3924 51
196 3887 246 3940 pro
266 3887 307 3937 eo,
328 3871 400 3940 quod
420 3873 521 3938 editur,
551 3871 740 3940 odiosiora,
766 3855 984 3927 substituendum
1013 3887 1072 3925 esse

106 3964 260 4018 necessario
279 3972 328 4018 aut
346 3961 503 4036 copiosiora
522 3971 570 4018 aut
587 3966 679 4034 potius
697 3963 870 4037 operosiora,
888 3965 903 4033 ἓ
922 3965 957 4019 98
975 3964 1073 4018 tollen-

106 4056 169 4111 dum
188 4072 249 4111 esse
269 4073 419 4126 pronomen
439 4074 476 4112 ea
495 4074 512 4112 a
530 4058 642 4113 librario
661 4058 755 4126 aliquo
775 4065 840 4113 ante
859 4074 930 4127 quae
949 4057 1073 4112 additum

105 4149 170 4217 (ea,
191 4152 275 4217 quae)
295 4167 354 4204 cum
373 4151 495 4220 pernicie
514 4158 659 4206 structurae
677 4151 872 4218 (anacoluthon
891 4151 971 4217 enim,
996 4151 1073 4206 cuius

108 4243 285 4298 excusatione
314 4250 434 4310 utuntur,
461 4243 564 4297 nullam
595 4245 684 4313 ipsum
718 4245 819 4299 habere
851 4245 1074 4313 excusationem),

105 4337 222 4406 primam
249 4337 446 4390 correctionem
475 4345 656 4405 occupaverat
682 4338 840 4405 Lambinus,
869 4337 983 4393 alteram
1005 4339 1072 4393 Pur·

106 4428 213 4496 goldus,
231 4428 339 4482 tertiam
363 4429 518 4484 Wetzelius.
563 4430 595 4483 ld
620 4445 727 4500 quoque
747 4431 814 4485 satis
832 4437 875 4484 est
892 4431 937 4486 hic
955 4433 984 4487 in
1003 4449 1073 4487 mar·

105 4521 169 4588 gine
187 4521 320 4589 posuisse,
341 4521 356 4589 ἓ
375 4522 410 4577 67
428 4538 478 4591 pro
496 4522 608 4590 possit
627 4523 799 4578 scribendum
819 4539 880 4579 esse
899 4528 998 4595 posset.
