2678 5016
267 295 308 358 ω
627 291 887 362 memo

112 487 136 543 Ὗ
224 492 465 560 Laurentianus:
492 489 652 556 llxolemo
691 489 776 554 mole
806 490 931 571 pectore
962 488 1073 573 detego
1100 493 1205 557 tectus

260 637 263 642 -
882 607 885 611 ’
986 595 1138 674 ἀᾶῑιΙῐοτ,

224 705 256 769 in
275 721 338 787 quo
359 706 404 781 (et
423 702 551 776 esteris,
584 701 637 783 qui
669 719 740 765 eum
767 701 949 782 sequnntur)
984 701 1038 765 he.
1065 700 1176 766 litterae
1204 698 1291 762 matr

219 819 336 894 pretor
360 808 429 877 adet
460 806 566 888 aperte
597 804 783 887 respondent
803 805 866 871 illis
888 804 968 868 mele
985 807 1074 885 firor
1093 806 1198 880 adest,
1235 806 1291 872 sed

224 918 296 999 post
328 914 385 978 hes
420 913 519 977 restet
538 931 612 994 eqo,
645 912 727 979 reete
753 911 804 976 hie
832 914 1004 986 servotum,
1034 917 1127 1003 preve
1158 912 1292 996 repetito

223 1019 306 1083 male
325 1019 357 1083 in
379 1017 544 1082 Marciano.
593 1013 724 1082 Certum.
741 1019 790 1082 est
812 1016 904 1082 scribi
928 1016 1056 1106 debere:

374 1123 521 1192 Exclamo,
540 1121 631 1185 mele·
644 1122 758 1184 vietor:
787 1121 847 1197 Ab,
870 1143 906 1184 en
928 1140 984 1207 ego
1004 1123 1095 1187 fietus
1117 1122 1248 1199 adulter,

374 1246 464 1294 verns
476 1242 571 1292 'erem
593 1227 731 1301 coniunx,

222 1334 386 1420 aptissime
416 1335 522 1398 notate
543 1334 627 1396 mele
652 1331 828 1417 infelieique
848 1332 993 1407 nebris,
1027 1333 1187 1417 aptissime
1219 1353 1291 1400 oon-

222 1440 318 1524 trurie
347 1439 452 1505 relatis
477 1438 572 1522 fietus
598 1441 630 1502 et
659 1459 754 1503 verus.
808 1438 1054 1504 interiectionem
1078 1439 1119 1502 ab
1142 1442 1194 1523 (a)
1215 1442 1291 1506 ante

202 1568 259 1635 en
293 1546 441 1629 corripuit
472 1543 600 1609 Ovidius
613 1592 620 1619 ,
635 1595 638 1599 Α
654 1545 689 1608 ut
716 1544 870 1628 Vergilius
896 1566 914 1607 o
936 1542 1105 1627 (Corydon,
1130 1567 1148 1609 o
1170 1545 1288 1629 Aleti).

222 1651 333 1734 Neque
354 1650 437 1715 enim
460 1649 570 1732 aptum
589 1649 636 1713 est
659 1651 711 1714 At.

323 1755 411 1832 VIII,
436 1755 505 1819 117..
554 1755 591 1818 ln
613 1754 793 1837 eeporimor
817 1755 937 1838 (orbe),
974 1757 1055 1839 qnod
1077 1750 1198 1823 eodiees
1219 1759 1291 1825 boni

220 1861 359 1935 habent,
395 1860 522 1925 subesse
554 1860 745 1942 perfeetum,
777 1859 853 1924 setis
885 1860 1022 1931 ostendit
1052 1863 1226 1929 subiectum
1258 1875 1293 1927 ut

218 1972 347 2051 peteret.
392 1964 523 2029 Videtur
556 1965 683 2030 Ovidius
694 1965 698 2038 J
717 1964 825 2029 aulaei
853 1965 992 2049 imagine
1013 1968 1101 2049 quusi
1124 1967 1162 2033 de
1182 1970 1291 2036 vendi-

221 2071 306 2137 tione
328 2072 360 2135 et
381 2070 534 2153 emptione
557 2069 684 2158 dixisse:
777 2117 779 2119 >
906 2158 908 2160 q

301 2191 304 2198 ·
543 2167 546 2172 ’
680 2177 875 2260 erperodime'rs
896 2177 1007 2254 orbern,
1064 2184 1066 2188 “
1162 2195 1164 2199 ’

241 2333 244 2338 .
422 2282 582 2374 terrarum,
607 2281 694 2347 nobis
715 2283 751 2345 nt
776 2279 865 2346 Crete
888 2282 953 2348 sole
967 2284 1105 2366 vpeteret.
1180 2274 1182 2277 ’

222 2388 282 2466 (De
303 2387 391 2465 VIII,
414 2387 476 2450 640
496 2387 557 2451 vid.
579 2388 638 2453 vol
661 2388 727 2470 lp.
750 2387 817 2460 68.)
943 2417 945 2421 ·

186 2530 189 2536 ·
251 2538 254 2543 -
322 2491 379 2571 IX,
402 2490 442 2552 74
465 2488 627 2570 (Hercules
650 2492 688 2557 de
713 2493 810 2578 hydro
831 2493 984 2567 Leruaeelz

341 2599 612 2681 ereseentemque,
631 2598 714 2663 malo
737 2599 1074 2690 domuitdonnitemqne
1094 2600 1210 2667 reduxi.

222 2702 273 2769 Sie
295 2704 403 2787 optimi
425 2699 546 2770 oodiees
575 2705 666 2770 uerbo
695 2704 823 2787 inepto,
856 2705 906 2770 eni
932 2697 1170 2787 interpolatores
1192 2709 1293 2774 mults

222 2808 433 2874 substituunt:
467 2811 588 2895 redefi,
616 2810 743 2886 revolvi,
770 2811 889 2894 submi,
903 2810 1045 2885 :reviset
1065 2813 1204 2895 repressi,
1217 2818 1290 2881 oet.

222 2913 367 2981 Aususne
389 2921 437 2982 est
458 2915 586 2983 Ovidius
607 2935 684 2982 novo
698 2917 789 2983 uerbo
810 2919 856 2982 uti
877 2912 1017 2980 redeosi?
1037 2918 1073 2981 nt
1094 2915 1200 2983 Cicero
1221 2920 1293 2982 red·-

222 3041 327 3083 emere
347 3021 442 3110 dixit.
457 3022 511 3088 elii
533 3023 604 3107 alie
689 3017 692 3022 ’

269 3181 272 3186 .
321 3126 379 3202 ΙΧ,
402 3119 461 3189 ire
484 3127 528 3207 (in
545 3127 694 3193 Herculis
715 3129 755 3193 ed
779 3130 930 3195 lunonem
952 3129 1102 3205 oratione)
1129 3130 1160 3193 in
1183 3131 1290 3197 oodioe

222 3230 256 3314 M
279 3232 324 3297 sie
338 3234 490 3306 ¹scribitur
509 3233 652 3312 (Merkel.
676 3254 706 3317 p.
728 3234 817 3312 vlo:

622 3340 672 3405 vel
695 3340 722 3405 si
742 3339 935 3406 miserandus
957 3342 989 3405 et
1009 3341 1090 3405 hosti

422 3448 478 3509 hoe
500 3444 625 3510 esttibi
646 3442 727 3515 sum,
750 3444 823 3510 diris
845 3445 1031 3513 eruciatibus
1052 3464 1167 3530 regrum

422 3549 614 3634 invisamque
636 3550 773 3616 animam
796 3552 963 3635 notumque
984 3552 1141 3618 laboribus
1156 3553 1256 3630 aufer,

223 3668 259 3714 ex
280 3671 338 3733 qno
359 3652 436 3729 fieri,
459 3656 600 3720 acumine
623 3651 775 3722 Ouidiano
797 3657 951 3737 restituto,
973 3658 1211 3725 annotaremus:

592 3777 595 3782 ·
621 3762 672 3827 vel
694 3762 721 3827 si
742 3763 934 3830 miserendus
961 3767 994 3830 et
1013 3764 1105 3842 hosti,

420 3865 478 3930 hoe
502 3868 560 3943 est,
583 3868 611 3929 si
631 3867 688 3933 tibi
711 3886 790 3945 snm,
813 3867 887 3935 diris
909 3871 968 3936 eet.
1092 3876 1096 3884 '

287 3960 290 3964 ’
321 3967 411 4032 Nune
432 3970 505 4048 seio,
527 3971 586 4037 hoe
606 3974 746 4039 omnibus
775 3975 913 4057 epieibus
934 3976 966 4040 in
989 3975 1136 4047 coelicoli,
1158 3978 1291 4040 exstare.

221 4068 322 4148 (Quod
343 4070 510 4140 Merkelius
528 4078 632 4157 posuit
653 4077 708 4141 loe
722 4090 804 4157 cesto,
826 4079 918 4145 nimis
933 4081 1001 4145 leve
1019 4099 1074 4162 pen
1088 4097 1122 4144 se
1136 4083 1187 4145 est
1202 4090 1291 4143 estre
