2678 5016
231 281 340 344 1525
588 280 847 351 nuvncspnr.
930 234 993 381 ‘f'
1084 228 1096 253 ⁰

271 481 398 548 Dixerat
418 481 502 565 itque
523 498 614 546 orans
635 480 747 546 itemm
768 481 936 564 ventosque
957 470 1106 566 virosque,

272 606 384 671 perque
406 588 488 652 rates
509 587 532 647 is
552 586 674 669 remipii
693 608 751 650 von
771 585 826 649 uta
848 587 1013 671 magistris.
1085 579 1089 587 ’

286 693 440 777 Absyrtus
461 692 491 756 in
524 709 580 757 sua
609 710 687 757 navo
709 692 775 758 ibat
795 695 901 758 ventos
923 696 955 758 et
975 694 1056 759 viros
1079 694 1247 768 obtestans,

161 796 163 799 ’
190 818 284 882 eaque
305 797 420 863 orantis
442 813 497 862 vox
519 816 572 879 per
593 813 700 862 omnes
729 816 823 863 naves
850 797 907 862 ivit
933 798 967 863 et
989 800 1119 884 evagata
1139 800 1188 864 est
1210 799 1249 864 ad

188 903 310 988 remigii
333 903 508 987 magistros.
562 902 599 966 ln
629 901 696 983 ipsa
718 903 923 986 geminatione
944 903 1030 969 verbi
1051 905 1075 966 is
1096 904 1249 989 elegantia

192 1011 319 1094 quaesita
341 1012 397 1075 est.
407 1011 434 1089 ¹)

289 1221 426 1288 Statium
456 1239 575 1303 quoqne
603 1238 782 1303 eognosoere
804 1221 895 1285 officii
916 1222 978 1286 mei
1001 1222 1086 1297 duri;
1120 1221 1159 1286 ad
1180 1239 1250 1303 per-

189 1327 321 1412 legende
342 1328 457 1409 scripta
478 1325 609 1391 hominis
623 1327 741 1410 ingenii
763 1329 795 1392 et
816 1326 879 1390 veri
901 1326 1031 1392 affectus
1053 1325 1251 1390 sterilitatem

171 1431 274 1529 “inani
295 1431 516 1497 tralaticiornm
539 1436 785 1498 ornamentorum
817 1433 885 1505 fuso
913 1433 1095 1497 occultantis
1126 1433 1157 1495 et
1179 1449 1252 1495 sen·

167 1532 357 1602 'tentiamm
380 1537 628 1619 elocutionisquo,
662 1536 735 1602 dum
758 1538 869 1612 omnia,
891 1540 958 1619 quae
978 1537 1138 1608 imitatur.
1172 1537 1253 1602 vari·

190 1644 279 1721 ando,
301 1642 522 1728 exaggerando,
554 1643 673 1727 longius
706 1643 744 1707 ab
771 1643 888 1725 origine
910 1642 1121 1708 transferendo
1144 1661 1253 1726 super·

189 1748 289 1835 iaoepe
322 1749 446 1820 studet,
478 1749 604 1813 obscuro
637 1753 669 1813 eb
696 1749 813 1813 difficili
839 1751 957 1814 tumore
989 1749 1149 1814 fastidium
1185 1768 1252 1813 mo·

190 1856 291 1919 ventis
333 1855 480 1937 patientia
513 1855 618 1919 defuit.
670 1856 777 1937 ltaque
811 1856 873 1939 legi
906 1854 1080 1920 Thebaidos
1103 1856 1250 1937 quattuor

190 1958 294 2035 libros,
324 1960 468 2024 silvarum
494 1961 579 2035 (tuos,
613 1962 716 2025 cetera
748 1961 937 2043 pervolutavi
959 1963 1090 2026 tantum.
1146 1960 1182 2022 ln
1204 1958 1254 2031 iis.

193 2083 259 2154 gnus
283 2064 356 2148 legi,
379 2066 437 2129 etsi
460 2069 547 2129 caute
579 2067 682 2131 onmia
714 2068 904 2150 attingebam
934 2068 1036 2143 (facile
1058 2067 1139 2130 enim
1160 2065 1255 2129 intel·

191 2168 324 2255 ligabam
347 2170 502 2252 permulta
528 2171 587 2236 sibi
610 2171 744 2237 Statium
767 2173 954 2255 permisisse,
986 2170 1154 2255 quaeapnd
1178 2171 1254 2236 alios

191 2275 381 2341 inoredibilia
404 2277 595 2350 riderentur,
619 2278 703 2342 velut
725 2279 812 2344 initio
838 2280 944 2343 statim
966 2277 1036 2342 libri
1058 2276 1150 2358 primi
1173 2276 1255 2339 The·

191 2382 296 2469 baidus
329 2404 357 2446 u.
382 2384 422 2445 ‘2⁸2
455 2384 578 2469 dej'ensa
602 2383 679 2445 bello
704 2385 783 2447 Iovis
816 2386 854 2448 de
887 2384 1011 2448 defenso
1034 2381 1150 2465 templo
1175 2381 1257 2446 lovis

192 2489 425 2554 contrabellum
448 2491 637 2567 inferentes),
667 2509 737 2554 oum
760 2490 929 2571 praesertim
953 2490 1061 2572 exiguo
1085 2490 1117 2552 et
1137 2506 1258 2570 parum,

192 2596 273 2678 qnod
295 2597 333 2660 ad
356 2597 473 2660 codices
499 2598 657 2665 attinebat,
693 2598 776 2661 certo
810 2594 1015 2660 instrumento
1038 2597 1140 2658 uterer
1163 2591 1259 2675 (quod

192 2720 272 2765 nuno
294 2701 326 2765 in
350 2704 448 2783 priore
471 2702 644 2766 Thebaidos
674 2707 760 2785 parte
782 2702 888 2766 multis
910 2701 1047 2785 partibus
1074 2698 1259 2782 locupletius

222 3061 245 3124 ¹)
262 3060 388 3116 Extremo
407 3062 477 3117 libro
502 3063 601 3132 (qualis
629 3061 737 3132 quidem
756 3079 826 3117 nuno
844 3064 974 3131 superest)
1002 3063 1073 3113 reots
1091 3058 1162 3112 vidit
1180 3058 1259 3112 bomo
1317 3123 1320 3126 Α

176 3198 185 3216 ,
262 3153 384 3222 alioquin
403 3171 456 3210 non
475 3171 538 3210 sane
556 3154 656 3209 mitiore
675 3156 743 3211 artis
761 3157 876 3226 peritus,
894 3152 1048 3216 Lsmaerins,
1077 3168 1192 3213 versum,
1212 3152 1260 3221 qni

264 3247 293 3302 in
312 3247 402 3302 oodioe
421 3247 550 3302 Vaticano
570 3248 716 3303 subiicitur
729 3250 818 3315 versui
833 3250 893 3310 459,
913 3249 974 3317 post
992 3262 1017 3300 n.
1036 3243 1260 3315 disponendum

264 3356 320 3394 esse
340 3341 398 3394 sine
417 3337 473 3395 ullo
491 3342 651 3404 mutatione,
671 3345 702 3395 ut
720 3341 759 3396 sio
777 3340 872 3395 Medea
889 3337 974 3393 diost:

344 3433 367 3489 Ο
385 3434 489 3488 utinam
509 3450 573 3504 ergo
591 3450 667 3489 mens
684 3450 733 3504 pro
750 3437 779 3488 te
796 3450 849 3488 non
867 3433 957 3488 omnia
974 3433 1066 3502 posset
1324 3499 1335 3513 f

343 3526 548 3597 atquealiquid
567 3526 809 3582 dubitaretsmor!
847 3525 919 3593 Quin
937 3541 1008 3588 nuno
1031 3537 1137 3592 qnoque
1162 3535 1260 3589 quare,
1325 3511 1334 3525 ”

343 3619 408 3689 quid
436 3619 539 3674 iubeas!
577 3619 645 3684 Heu,
674 3619 753 3683 dure,
780 3620 858 3681 silos,
892 3632 1072 3687 magnumque
1091 3614 1211 3667 minatur

345 3712 434 3766 neseio
450 3711 517 3771 uuid
535 3715 598 3766 tuns
616 3711 668 3768 iste
687 3712 780 3782 pudor.

263 3804 337 3859 Adeo
361 3820 389 3858 so
413 3805 484 3859 nihil
502 3806 591 3861 Iasoni
619 3821 716 3874 negare
743 3818 817 3874 posse
837 3802 916 3865 dioit¹
933 3804 966 3855 ut
984 3801 1027 3855 vel
1056 3815 1126 3854 nuno
1145 3811 1262 3868 quarere

266 3896 367 3957 iubeat,
386 3897 452 3966 qnid
470 3899 529 3952 fleri
548 3898 624 3959 velit,
644 3899 738 3967 parata
755 3895 789 3951 sd
807 3893 968 3954 iaciendum.
1007 3893 1189 3962 (Prsparatnr
1208 3889 1264 3943 iam

265 3988 376 4060 Absyrti
394 3988 472 4044 cadis
499 3990 645 4060 postulatio
670 3993 699 4043 et
716 3987 855 4058 exsbutio.)
892 3986 997 4042 Deinde
1028 3988 1149 4048 veretur,
1168 4000 1202 4037 no
1220 3983 1264 4035 Ia·

266 4084 338 4137 sonis
356 4082 442 4152 pudor
460 4082 570 4136 iubendi
588 4098 715 4153 magnum
733 4081 842 4152 aliquod
860 4079 961 4136 melum
979 4077 1131 4149 portendat.
1153 4158 1157 4165 ἢ
