2662 5046
449 654 581 713 Ciceronis
600 658 748 752 Orationes.
990 712 997 723 ,
1036 667 1096 729 ‘229

167 852 234 921 lte.
257 852 315 917 82:
361 851 470 933 Quod
502 856 656 939 quidem
688 861 747 936 tu,
781 858 845 942 qui
874 860 974 930 benc
1003 884 1139 934 nosscs

71 959 386 1025 coniunctionem
407 978 529 1027 meam
550 956 800 1040 crassaris,
822 965 1027 1049 eludebam,
1057 991 1138 1040 cum

71 1083 176 1144 amc,
198 1066 465 1133 trementibus
487 1069 643 1134 omniuo
663 1070 795 1145 labris,
816 1073 886 1139 aed
907 1076 1047 1153 tamon,
1069 1096 1137 1144 cur

69 1170 143 1236 tibi
165 1188 302 1236 nomeu
323 1189 393 1237 nou
415 1172 626 1256 deferrem,
658 1178 897 1261 requirebas.
942 1181 1038 1249 Recte
1059 1181 1138 1251 Hal·

68 1275 148 1340 mins
191 1276 224 1340 in
267 1276 449 1344 eludebas
491 1279 600 1356 haesit,
649 1284 729 1365 quod
771 1285 811 1351 ab
853 1286 912 1351 hoc
957 1288 1024 1354 loco
1062 1284 1138 1358 alie·

67 1383 232 1448 mammam
254 1382 322 1464 est;
354 1386 548 1461 autminus,
584 1390 620 1454 ut
643 1407 723 1454 nuuc
744 1391 850 1456 cetera
881 1394 963 1469 suut,
996 1411 1140 1477 perversa

67 1491 114 1554 est
134 1487 270 1554 relativa
293 1488 349 1554 illa
369 1491 563 1576 causalisque
588 1494 743 1561 eontentio
758 1497 835 1578 (qui
855 1497 959 1573 bene
981 1506 1137 1577 nosses).

70 1593 186 1660 Omnia
207 1594 373 1678 perspicua
393 1597 426 1662 ct
446 1600 520 1680 apta
543 1602 634 1665 eruut
655 1600 699 1666 sic
720 1603 870 1667 correcta:
914 1599 1023 1680 Quod
1050 1605 1139 1685 qui·

70 1700 176 1781 dem,
199 1704 241 1766 tu
263 1722 372 1785 quom
394 1703 490 1769 bene
512 1724 650 1773 nosses
680 1707 995 1780 coniunctionem
1018 1727 1138 1774 meam

65 1811 103 1871 et
125 1806 312 1885 Caesaris,
332 1807 526 1890 elucebat,
552 1830 636 1877 oum
743 1813 1015 1896 requirebas
1040 1812 1138 1892 (Scie-

66 1912 121 1979 bas
144 1913 228 1977 euim
253 1930 305 1977 me
328 1912 457 1996 (laseris
479 1935 572 1983 cauea
593 1917 625 1983 id
646 1918 746 1984 facore
767 1918 871 1998 uelle.)

165 2018 234 2085 lbd.
263 2017 319 2083 83:
362 2018 511 2087 Notata
543 2024 701 2090 anobis
733 2028 825 2091 sunt
846 2029 884 2092 et
912 2026 1038 2109 prima
1059 2026 1137 2093 illa

67 2125 222 2191 scelera
257 2125 295 2189 iu
333 2125 520 2204 adventu,
554 2148 680 2214 quum,
717 2131 879 2213 accepta
919 2132 1084 2214 pecunia
1120 2151 1139 2197 u

68 2230 348 2318 Dyrrhachinis
385 2233 428 2319 ot
465 2252 596 2302 necem
625 2234 799 2317 hospitis
829 2236 902 2312 tui,
939 2236 1136 2315 Platoris,

68 2339 149 2404 eius
178 2337 309 2423 ipsius
338 2338 486 2405 domum
517 2343 719 2420 evertisti,
759 2340 872 2408 cuius
905 2345 1135 2429 sauguinem

68 2444 295 2525 addixeras,
344 2465 529 2532 cumque,
569 2431 709 2514 ¹servis
752 2449 1052 2531 symphoniacis
1097 2456 1137 2518 et

69 2553 161 2619 aliis
182 2553 406 2619 muneribus
434 2555 623 2638 acceptis,
654 2554 857 2619 timentem
884 2603 892 2622 .
917 2603 957 2623 ..
986 2557 1137 2622 contir-

70 2659 270 2726 masticet.
324 2659 394 2726 Neu
428 2660 570 2746 congruit
599 2659 710 2726 domus
736 2677 843 2726 euersa
863 2677 935 2725 cum
958 2662 1137 2728 muneribus

69 2766 202 2850 acccptis
214 2768 248 2831 et
259 2766 384 2833 homine
396 2768 588 2833 confirmato.
605 2766 785 2833 Ciceronem
796 2764 970 2850 scripsisse:
987 2766 1137 2832 demum

70 2872 266 2951 enarr-ieci,
288 2873 457 2939 ostendunt
477 2873 572 2939 etiam
594 2871 774 2956 pronomina
796 2872 879 2937 ciue
901 2872 1044 2956 ipsium
1081 2857 1138 2937 no-

70 2979 152 3043 tatur
173 2972 258 3043 euim
286 2979 445 3062 turpitudo
473 2979 633 3045 exinanitae
661 2978 839 3045 muneribus
872 2977 980 3043 domus
1003 2979 1069 3044 eius
1090 2979 1139 3060 ip·

71 3085 133 3157 siue
164 3083 311 3162 hominis,
344 3105 435 3168 quem
467 3086 622 3153 occisurus
652 3085 725 3152 Piso
752 3088 843 3151 esset.
902 3082 1139 3162 (Memmaouius

72 3189 309 3274 devertisti.)
357 3190 565 3275 [ltrerrieti
587 3191 683 3256 etiam
707 3189 890 3274 Manutius]

170 3295 238 3361 lbd.
262 3295 320 3361 86:
347 3300 428 3362 tum
449 3298 702 3363 acerbissime
723 3296 866 3363 Boeotii
889 3298 926 3362 et
946 3295 1139 3379 Byzantii,

74 3403 335 3469 Cherronesus
367 3406 404 3469 et
425 3403 715 3468 Thessalonica
741 3404 878 3469 sensit.
932 3400 1141 3467 Nominautur

73 3507 100 3571 h.
124 3509 147 3573 1.
179 3509 212 3572 in
245 3508 372 3576 crimine
409 3509 558 3575 frumeuti
591 3508 739 3574 aesfimati
774 3509 839 3575 sine
875 3508 967 3575 dubio
998 3507 1140 3572 homines

74 3614 200 3698 locaque
232 3614 330 3698 ipsius
361 3615 524 3699 proriuciae
555 3614 760 3690 Macedouiae3
795 3615 908 3682 Boeotii
942 3612 1005 3692 (vel
1036 3612 1141 3695 potius

75 3719 209 3797 Boeoti)
242 3740 304 3787 non
326 3722 430 3807 magis
451 3721 503 3786 hio
523 3721 625 3787 locum
647 3720 764 3786 habent
785 3740 879 3805 quam
901 3724 1011 3787 ceterae
1024 3719 1139 3785 Graeoae

76 3826 214 3893 civitates
237 3827 341 3893 libera
363 3831 397 3910 (ξ
419 3826 483 3907 96).
525 3827 634 3909 Itaque
656 3827 708 3910 qui
738 3829 771 3893 in
793 3827 950 3894 codicibus
974 3825 1041 3905 (sed
1070 3825 1141 3889 tan·

76 3934 138 3998 tum
161 3933 364 3999 deterioribus
385 3933 416 3997 h.
440 3933 462 3998 l.
483 3931 613 4012 utimur)
637 3932 779 3999 Boeotii
805 3935 1011 4019 appellantur,
1033 3931 1142 3996 riden-

77 4038 121 4102 tur
143 4037 308 4103 Bottioei
323 4039 429 4106 fuisse.

173 4141 244 4206 lbd.
285 4143 344 4210 91:
386 4163 510 4230 neque
553 4144 672 4210 ullam
709 4161 874 4226 poenam,
916 4162 997 4225 quae
1033 4142 1142 4206 tauto

80 4244 248 4339 laciuori
281 4250 511 4330 deberetur,
543 4269 618 4316 nou
650 4246 830 4316 maluisti
863 4246 1001 4312 subire
1030 4265 1143 4330 quam

81 4368 281 4434 numerum,
306 4359 458 4421 tuorum
489 4357 664 4423 militum
696 4352 973 4438 reliquiasque
995 4370 1143 4435 coguo-

84 4476 198 4525 ecere.
242 4461 313 4542 lpse
336 4460 460 4544 quidem
481 4461 555 4527 Piso
577 4462 657 4527 hano
678 4459 882 4547 coguitionem
905 4475 965 4523 non
987 4455 1150 4541 fugiebam,
