2654 5010
251 284 318 347 m
617 276 884 347 mmmm

206 501 293 547 rum
321 481 489 563 ignarus
517 475 639 542 etiam
668 480 748 541 tum
773 475 1002 541 Gratianus
1034 473 1181 558 agebat
1205 473 1270 535 tun

205 584 315 668 apud
348 582 540 650 Treviros
574 586 632 649 cet
694 580 755 646 Pro
777 580 1005 647 adiurante
1027 578 1123 658 codex
1144 578 1171 641 V
1196 577 1272 643 huba

214 690 405 765 aduente,
427 688 458 754 in
482 708 541 772 que
562 689 658 754 latere
680 688 802 754 ridetur
818 691 969 766 aeneum,
992 686 1054 753 hoc
1076 687 1135 763 eet.
1157 686 1271 769 augente

206 800 247 862 et
267 796 459 862 incendente.
503 794 564 859 Sed
587 793 662 877 quid
685 799 733 860 est
751 796 816 860 sire
838 793 1036 860 adiurare
1057 792 1125 858 sire
1146 808 1272 857 acuere

216 920 278 967 res
310 898 555 981 temptanda
589 900 787 980 ueritati,
818 905 873 965 ant
901 898 978 984 quid
1001 898 1129 964 omnino
1149 897 1199 963 hic
1218 897 1273 978 agit

215 1025 345 1072 rerum
369 1006 574 1072 vocabulum?
617 1004 793 1071 Admodum
824 1005 963 1089 auspicor
994 1005 1147 1088 scripturn
1175 1004 1272 1068 tuisse:

209 1111 288 1177 lroc
310 1112 553 1193 temptanda
574 1112 728 1181 devitetis
749 1129 823 1198 spes
852 1113 1050 1189 acuente,-
1072 1110 1134 1176 hoc
1156 1115 1208 1186 est,
1228 1126 1273 1173 er·

215 1217 443 1299 spectationem
467 1221 500 1283 et
521 1218 705 1301 opinionem,
728 1217 845 1302 aliquid
867 1218 1016 1284 uentum
1039 1218 1088 1282 iri.

318 1403 384 1469 Lib.
407 1402 523 1483 XXXI,
546 1407 577 1484 4,
599 1406 629 1483 7,
642 1406 703 1488 ¹nbi
719 1404 893 1472 (iraecorum
908 1405 947 1469 de
963 1403 1076 1469 Xenis
1096 1402 1274 1486 expeditione

216 1510 410 1575 narrationes
438 1509 521 1576 ultra
550 1510 640 1576 fidem
673 1514 865 1596 exaggerata
894 1509 1075 1587 irridentur,
1105 1507 1273 1594 significatis

218 1614 352 1680 breviter
373 1616 568 1700 Hellesponti
599 1616 745 1690 transitu,
779 1618 860 1683 loesa
891 1617 930 1682 ad
960 1615 1123 1683 Athonem
1152 1616 1273 1680 monam

216 1719 321 1792 ducta.
344 1720 495 1787 exercitus
517 1722 634 1788 Persici
656 1722 694 1787 ad
719 1723 878 1789 Doriscum
892 1723 1119 1800 numeratione,
1135 1740 1171 1786 ea
1186 1719 1274 1792 rerba

210 1844 287 1907 -qnae
310 1826 347 1890 ad
371 1829 482 1894 lessam
505 1829 537 1893 in
560 1829 682 1894 Athone
696 1830 860 1913 pertinent,
877 1831 1004 1894 isaacus
1020 1828 1152 1893 Vossius
1168 1825 1273 1909 pridem

218 1933 283 1995 tam
306 1935 428 2017 egregie
450 1933 637 2011 emendarit,
665 1935 789 2012 litteris,
818 1953 887 2019 qne
908 1934 1067 2000 distractae
1090 1935 1187 2009 erant,
1204 1935 1274 1997 recte

216 2036 387 2104 coniunctis
403 2040 435 2105 et
453 2059 507 2121 pro
529 2043 628 2105 mari
650 2043 792 2107 restituto
817 2059 938 2118 mare,
964 2058 1057 2123 quem
1078 2039 1276 2106 accusativum

211 2142 414 2226 participium
435 2146 647 2229 quaesitum
671 2147 832 2212 manifesto
853 2148 1016 2224 monstrat,
1040 2150 1078 2212 nt
1096 2145 1275 2212 iuremirsro

219 2266 316 2330 nuper
348 2268 401 2332 pro
435 2252 608 2319 certissima
637 2254 695 2319 hac
722 2254 755 2317 et
782 2253 876 2318 simul
897 2252 1048 2318 facillima
1070 2251 1275 2318 emendatione

218 2357 358 2421 monstra
390 2357 532 2440 quaedam
562 2378 581 2425 a
613 2359 751 2445 vestigiis
780 2360 918 2426 codicum
941 2358 1035 2444 longe
1057 2358 1233 2425 recedentia
1252 2362 1277 2422 et

216 2460 257 2525 ad
278 2479 343 2527 rem
366 2463 600 2548 significandam
622 2467 728 2549 inepta
751 2466 923 2550 excogitata
944 2484 1020 2531 esse.
1058 2465 1169 2530 Priora
1188 2465 1278 2528 minus

219 2566 351 2633 feliciter
372 2568 454 2634 idem
477 2571 604 2637 Vossius
627 2573 781 2638 tractarit.
826 2573 905 2638 Nam
928 2573 960 2635 in
982 2570 1100 2636 litteris
1123 2569 1280 2650 Hellas·

210 2673 331 2754 ponti
355 2683 600 2760 occupantes
618 2678 725 2743 subest
746 2680 779 2743 et
798 2678 963 2743 manifesto
985 2678 1138 2761 emergit:
1156 2661 1278 2743 ¹licllcs·

210 2779 384 2863 pontiacos
406 2784 536 2867 pontes;
568 2803 638 2851 cum
671 2784 813 2849 librarius
847 2783 1040 2850 substitisset
1061 2784 1094 2848 in
1123 2782 1280 2848 Helles·

210 2885 330 2967 ponti
353 2891 511 2971 tamquam
527 2889 617 2973 pleno
642 2890 798 2967 vocabule,
819 2908 854 2954 er
869 2890 995 2967 litteris,
1012 2908 1082 2973 quae
1097 2891 1280 2972 supererant

213 3009 307 3057 aces
329 2994 361 3057 et
383 2997 526 3077 pontes
548 2999 655 3062 natum
679 2997 727 3060 est
749 2996 913 3062 mirificum
936 2993 1015 3060 illud
1038 2999 1279 3077 occupantes

215 3097 372 3181 Superest,
395 3101 439 3178 ut,
470 3103 624 3180 restituta,
656 3121 734 3185 qnae·
755 3103 812 3167 sub
845 3101 990 3167 dndnm
1024 3101 1118 3176 latet,
1136 3101 1281 3184 particula

207 3202 300 3282 duur,
323 3206 423 3271 totam
451 3207 637 3273 sarmatiam
667 3208 711 3273 sic
739 3208 898 3274 decurrere
925 3207 1158 3292 intelligamus:
1189 3227 1280 3293 que.

209 3310 680 3395 -dumHellespcntiacos
702 3316 846 3396 pontes
868 3317 908 3380 et
928 3313 1111 3381 discidio
1127 3316 1280 3400 quodam

215 3415 361 3482 fabrili
394 3435 501 3484 mare
534 3420 606 3485 sub
635 3420 712 3485 imo
734 3420 905 3487 Athenis
938 3420 1038 3504 pede
1071 3424 1279 3504 qnaesiturn

216 3526 420 3606 exponunt
442 3525 482 3589 et
503 3527 712 3592 turmatim
734 3526 836 3609 apud
856 3527 1067 3594 Doriscum
1092 3529 1280 3594 exercitus

213 3631 464 3709 recensitos,
495 3632 769 3698 concordante
804 3632 910 3698 omni
943 3633 1217 3714 posteritate.
1246 3637 1281 3699 ut

214 3733 411 3801 fabulosa
432 3741 526 3804 sunt
547 3739 672 3804 lectae.

314 3874 394 3940 Ibid.
412 3875 443 3953 5,
459 3877 513 3942 12:
540 3878 711 3955 (Teutones
738 3881 770 3945 et
792 3879 922 3959 Cimbri)
945 3878 1108 3947 ultimis
1131 3884 1282 3966 proeliis

213 3994 283 4056 per
305 3976 425 4047 duces
448 3983 725 4067 amplissimos
747 3986 949 4071 superati,
972 3986 1069 4070 qnid
1099 3994 1283 4072 potestas

208 4080 362 4150 Martie
396 4086 440 4151 de
472 4087 619 4155 habitu
651 4092 875 4175 prudentiae
904 4094 1058 4175 valeat,
1082 4098 1283 4165 radicitus
