2678 5018
539 658 682 726 Vergilius.
1061 660 1101 722 45

78 857 140 922 Sed
164 858 216 940 qui
245 858 299 941 pet
296 861 376 933 eret,
401 858 526 923 etremsr
537 857 761 923 adscriberetur
782 859 829 933 sir
845 860 919 931 telli
941 860 999 923 de?
1014 857 1146 971 ltaque
1185 864 1196 889 ⁶
1266 894 1270 904 ·

79 983 186 1048 perum
209 962 338 1029 conlido.

178 1068 238 1148 XI,
261 1068 334 1147 318
361 1069 438 1132 319:

230 1175 370 1240 Aurunci
393 1176 559 1258 Rutulique
581 1179 686 1240 serunt
707 1177 740 1239 et
759 1194 881 1240 vomere
903 1176 994 1242 durus

232 1283 376 1346 exercent
399 1282 488 1346 cubes
511 1286 602 1366 etque
625 1283 730 1347 horum
754 1283 922 1367 asperrima
942 1286 1080 1365 pascunt

181 1387 297 1468 Quouis
342 1389 470 1474 pignere
516 1389 717 1466 contendam,
760 1388 929 1471 Vergilium
972 1408 1031 1453 nen
1073 1392 1145 1471 pcst

77 1495 227 1571 durorum
267 1491 391 1559 collium
429 1495 662 1576 appellationem
706 1494 936 1577 superposuisse
971 1496 1002 1559 in
1047 1497 1143 1561 altero

79 1603 175 1666 verbe
198 1606 356 1685 (pascunt)
380 1600 614 1684 ignavissimum
637 1600 713 1665 illud
744 1610 834 1684 atque
864 1599 971 1663 borum
998 1602 1144 1684 (ipserum

81 1708 221 1784 collium)
245 1706 428 1789 asperrims;
459 1705 590 1770 debebat
610 1711 759 1789 praeteree
779 1728 881 1770 emnem
904 1706 982 1782 diei;
1004 1706 1144 1790 idemque

81 1814 219 1879 sensisse
241 1813 329 1878 video
351 1812 499 1878 Gentium
521 1813 685 1886 Batavum,
712 1813 865 1881 bominem
886 1811 1020 1894 alioquin
1042 1812 1145 1878 omniu

78 1920 269 1984 coniecturis
305 1938 366 1982 nen
404 1919 594 1993 necessariis
626 1919 656 1982 id
679 1924 735 1996 est,
774 1921 865 1984 malis
900 1922 1143 2003 persequentem.

81 2025 140 2089 Vix
165 2026 284 2100 dubito,
307 2024 379 2107 quin
401 2026 492 2106 poeta
513 2024 683 2106 scripserit:

757 2148 881 2195 vomere
904 2130 995 2197 dures

233 2242 374 2302 exercent
395 2237 498 2314 celles,
521 2246 692 2319 respuerem
713 2237 880 2318 asperrime
901 2242 1040 2319 pascunt.

180 2341 239 2418 XI,
261 2344 322 2406 494
344 2363 410 2426 sqq.
432 2343 470 2406 (le
493 2361 579 2424 eque,
601 2343 654 2426 qui
676 2342 812 2425 abruptis
833 2341 964 2407 vinculis
986 2364 1002 2408 e
1024 2346 1144 2411 stabulo

77 2455 108 2515 in
132 2452 277 2533 apertum
300 2467 443 2530 eampum
465 2448 561 2531 fugit:

208 2554 264 2621 999
284 2555 337 2618 ille
360 2555 391 2618 in
413 2556 519 2637 pestus
541 2559 739 2639 armentaque
760 2554 861 2619 tendit
882 2573 1038 2638 equarum,

210 2665 265 2727 eut
287 2661 434 2725 adsuetus
456 2679 543 2743 nquae
565 2647 850 2743 pertirndillumine
872 2666 944 2728 note

208 2768 330 2831 emicet.
549 2785 552 2790 ’

184 2873 370 2938 Perversum
407 2874 462 2938 huc
492 2892 673 2956 prorsusque
695 2874 847 2940 vitiosum.
903 2874 984 2939 Nam
1007 2873 1147 2941 adsuetus

79 3003 171 3064 equoe
193 2979 292 3062 accipi
314 2984 399 3045 vetat
424 2979 576 3064 perfundi
594 2961 774 3055 infinitivus,
804 2982 944 3043 adsuetus
966 3001 1054 3063 aque
1075 3000 1147 3063 per·

72 3085 177 3170 fundi
191 3085 269 3149 nihil
285 3088 352 3162 est;
374 3084 526 3169 iungenda
536 3086 632 3168 igitur
647 3085 712 3150 haec
734 3091 822 3151 sunt:
845 3089 985 3149 adsuetus
1003 3085 1150 3170 perfundi

72 3192 212 3275 „flumine
232 3201 298 3253 nete
319 3213 423 3275 cquoe;
456 3192 543 3274 alqui
563 3193 610 3268 (ut
630 3195 747 3256 taceam
770 3192 807 3257 de
820 3192 951 3278 flumine
968 3198 1066 3277 aqum)
1086 3191 1148 3271 flu-

82 3300 165 3359 mine
197 3308 267 3359 noro
291 3298 383 3361 avelli
404 3299 444 3362 ab
469 3298 575 3359 emicet
595 3299 715 3380 nequit,
743 3298 830 3381 ‘quod
852 3317 908 3363 nec
930 3300 989 3364 hoc
1009 3298 1147 3364 absolute

81 3405 205 3468 dictum
240 3421 364 3468 sensum
397 3403 557 3469 hebetet
527 3404 659 3487 etquod
682 3424 786 3486 equus
820 3405 917 3470 lavari
938 3406 1054 3482 solitus,
1071 3423 1148 3469 ccu-

82 3510 249 3600 suetudine
279 3510 392 3574 flumen
427 3513 481 3574 not
481 3530 534 3574 um
569 3512 646 3593 petit
682 3530 717 3575 ex
754 3530 850 3594 eoque
886 3511 994 3577 deinde
1026 3512 1146 3576 emicat.

80 3615 359 3681 seribendumt
310 3618 359 3680 est
379 3598 474 3701 igitur
495 3617 680 3681 necessario:

239 3726 300 3796 999
278 3721 468 3786 tadsuetns
491 3744 573 3810 aqua
593 3722 747 3804 perfundi
771 3704 896 3794 flumine
918 3727 989 3803 ucte

239 3829 358 3892 emieat
812 3843 817 3858 '¹

187 3932 265 4012 XII
287 3934 362 3995 67

239 4042 356 4106 Attulit
376 3966 455 4106 hune
476 4041 523 4106 illi
545 4043 632 4107 caecis
655 4044 822 4109 terroribus
843 4063 921 4109 aurs
1002 4110 1005 4121 K

239 4148 437 4213 commixtum
459 4149 622 4213 clamorem
649 4198 698 4214 ...

187 4252 283 4314 Hune
304 4246 364 4322 dici
386 4259 516 4337 eportet,
545 4255 597 4338 qui
617 4256 751 4337 proxime
773 4261 844 4320 unte
867 4246 1056 4338 significatus
1077 4274 1149 4320 nar·

86 4358 181 4424 rende
205 4361 256 4424 sit.
314 4362 410 4444 Atqui
445 4363 596 4445 proximis
625 4361 763 4430 versibus
794 4365 885 4443 poeta
906 4362 1043 4426 Turnum
1076 4379 1149 4439 „ex-

86 4470 183 4531 tremo
220 4467 253 4530 in
289 4474 427 4549 sequere*
463 4453 663 4581 uersantemlh
677 4468 953 4543 commemoravit*-
989 4467 1026 4531 ad
1060 4484 1150 4547 quem

449 4764 478 4803 41
