2648 5084
243 299 303 363 572
586 296 647 352 nir».
665 295 741 352 rur.
755 294 819 365 esp.
837 295 885 351 vr.

203 521 273 567 nem
307 519 366 566 uon
399 498 547 582 optimam
578 495 691 567 fuisse,
724 496 774 561 vel
813 515 848 561 er
883 494 1041 561 Ciceronis
1087 492 1256 558 erationibus

203 607 331 692 agrariis
355 608 485 670 constat.

304 711 368 777 lbd.
396 711 453 773 20:
499 710 634 775 Cetera
655 710 764 783 item,
787 727 865 793 qnae
886 708 1027 790 cuique
1049 707 1260 780 libuissent

204 818 420 903 dilargitus
443 821 510 882 est.
554 818 683 881 Prorsus
705 814 873 880 insolenter
893 814 951 878 hoe
972 813 1090 879 dieitur
1115 821 1181 897 (pro
1197 814 1260 897 pla·

205 925 406 1000 coissent),
429 924 576 1005 longeque
603 922 683 987 alius
704 922 826 1005 generis
848 926 901 986 'est
922 922 1008 1005 proed
1031 921 1114 987 libet.
1167 921 1260 987 Sueto

205 1033 274 1097 nius
296 1030 362 1095 sine
384 1028 475 1092 dubio
497 1028 662 1108 scripserat
684 1028 868 1091 libuisset
900 1029 940 1103 (ei
962 1027 1076 1112 suique
1111 1029 1261 1112 dilargiri);

208 1137 240 1201 id
263 1135 414 1221 quomodo
437 1137 611 1218 corruptum
647 1134 697 1211 sit,
731 1137 872 1218 apparet,
908 1134 1104 1217 meminique
1136 1136 1262 1200 similiter

205 1244 278 1308 alibi
302 1261 355 1326 pro
378 1239 525 1325 eoquod
547 1245 610 1306 est:
634 1240 871 1324 querridsretum
887 1239 1007 1322 secere,
1030 1240 1186 1323 seriptum
1207 1261 1261 1324 pue

206 1349 387 1411 uidebatur,

307 1454 374 1519 lbb.
397 1453 452 1516 22:
496 1452 544 1516 lix
581 1453 681 1516 omni
714 1452 1001 1535 prouinciarum
1036 1453 1151 1535 copia
1186 1455 1262 1521 Gal·

207 1562 283 1627 lias
318 1560 564 1643 potissimum
602 1560 736 1642 elegit,
779 1560 889 1624 ouius
932 1558 1198 1627 emolumento
1235 1563 1263 1625 et

207 1665 499 1751 opportunitate
536 1665 674 1730 idonea
706 1667 759 1731 sit
787 1664 949 1731 materia
975 1663 1261 1752 triumphorum.

207 1774 351 1837 Extrema
381 1773 475 1837 verba
506 1772 612 1836 multis
635 1773 734 1838 modis
756 1772 920 1838 manifesto
942 1770 1056 1836 uitiosa
1080 1775 1130 1849 (in
1154 1776 1261 1844 euius.

135 1868 136 1871 '
208 1880 239 1944 in
265 1879 328 1955 sit,
351 1879 381 1942 in
403 1879 466 1943 hist
503 1878 759 1943 emolumento
781 1876 920 1942 idonea
942 1879 1111 1945 materia
1134 1883 1263 1947 trinn-

209 1986 415 2069 phorum)¹)
447 1984 573 2049 lacobus
606 1984 776 2050 Gronovius
809 1988 893 2049 reete
928 1984 973 2050 sie
1005 1988 1201 2061 emendavit,
1236 1991 1264 2052 ut

192 2090 331 2175 *cuivis
354 2092 386 2154 et
405 2089 565 2155 idoneas
587 2091 749 2163 seriberet;
771 2091 826 2156 sed
846 2090 927 2174 quod
949 2110 1004 2175 pro
1027 2094 1083 2157 sit
1104 2096 1207 2177 posuit
1226 2096 1263 2171 et,

209 2198 381 2282 ponendum
415 2198 498 2275 eret,
531 2198 612 2279 quod
634 2199 819 2262 eontrarium
847 2201 929 2263 esset
950 2200 1127 2281 pronomini
1152 2198 1263 2265 euiris

208 2309 240 2371 et
272 2307 337 2370 eius
352 2286 355 2293 ’
369 2304 460 2388 positi
493 2321 616 2369 oausam
650 2303 825 2370 ostenderet
867 2305 1016 2389 (alioquin
1051 2307 1137 2370 euim
1181 2304 1264 2387 serip-

207 2415 273 2477 tum
297 2414 394 2477 esset:
428 2410 560 2494 elegit,
596 2412 857 2476 emolumento
890 2415 977 2487 cett:
1015 2412 1142 2477 cuivis
1178 2402 1264 2477 emo·

208 2520 379 2584 lumento
410 2520 447 2581 et
473 2518 768 2600 opportunitate
793 2518 965 2594 idoneas,
999 2518 1080 2580 sibi
1110 2516 1264 2584 materia

209 2623 494 2705 triumphorum.

308 2727 453 2793 lonae:
477 2733 513 2793 et
533 2747 575 2794 ne
597 2730 773 2796 absentis
792 2732 893 2798 ‘ratio
915 2730 1098 2797 comitiis
1115 2717 1264 2797 babere·⁴
1310 2753 1312 2768 2

209 2840 289 2912 tur,
311 2833 461 2917 quaudo
482 2853 550 2900 neo
571 2836 781 2919 plebiscito
807 2845 878 2921 (quo
900 2838 932 2902 id
954 2836 1069 2903 Caesari
1091 2853 1263 2903 eoncessum

208 2941 287 3024 erat)
311 2940 515 3023 Pompeius
537 2945 672 3024 postea
692 2945 928 3028 abrogasset.
983 2943 1160 3027 Negatioue
1183 2947 1264 3019 (nee)

208 3048 393 3114 seutentiam
417 3048 512 3112 everti
534 3048 707 3129 Gronovius
735 3050 847 3133 aliique
870 3048 1024 3125 alternum
1058 3036 1113 3114 sed
1138 3051 1263 3117 seriben-

208 3155 280 3219 dum
306 3172 364 3220 uon
400 3155 546 3236 quaudo
578 3159 629 3230 et,
662 3154 717 3221 sed
738 3156 885 3239 quando
918 3161 952 3219 se·
971 3156 1181 3238 plebiscito
1202 3163 1263 3239 (quo

207 3260 238 3328 id
260 3260 445 3338 iubebatur).
490 3261 557 3347 [Sio
578 3261 819 3346 Torrentius.]²)

307 3365 376 3431 Ibd.
420 3366 476 3432 31:
528 3367 616 3434 Cum
657 3388 746 3454 ergo
788 3370 980 3435 sublatam
1025 3371 1261 3437 tribunorum

209 3596 406 3605 ...q-..m

238 3727 258 3791 ¹)
277 3724 346 3779 Mire
373 3724 489 3780 Rothius
519 3740 543 3794 p.
571 3723 671 3780 XXXV
700 3725 805 3783 videtur
833 3728 939 3796 putasse
968 3684 1077 3783 tautum
1106 3729 1158 3783 sit
1185 3741 1263 3798 repre·

278 3816 368 3873 bandi.

235 3931 257 4000 ²)
279 3932 393 3986 Rothius
405 3932 532 3988 Gronorii
550 3933 736 3999 coniecturam,
755 3933 909 3990 Burmanno
928 3938 956 3990 et
975 3936 1102 3993 Ernestio
1122 3937 1260 4007 probatam·

203 4106 205 4110 7
277 4024 387 4079 silentio
406 4026 586 4095 praetermisit,
615 4027 691 4096 quusi
719 4025 790 4099 nihil
808 4032 879 4083 esset
902 4028 1075 4085 difficultatis
1093 4033 1143 4084 sut
1165 4029 1263 4084 dubita·

277 4117 368 4172 tionis.
406 4117 534 4173 Pluribus
554 4119 681 4190 exemplis
698 4119 830 4176 abstineo.
892 4178 895 4184 ,
962 4132 963 4135 ’
