2678 5018
1 4426 3 4503 p

539 638 656 695 Ovidius.
1041 641 1080 703 67

56 835 221 917 (epistolas
264 836 425 901 heroidum
465 836 556 901 ctiam
595 855 664 901 cnm
702 836 946 905 adolescentibus
987 842 1123 922 pertrac-

56 944 178 1016 tarem,
210 962 279 1016 eas,
308 961 378 1025 quae
400 961 478 1006 verae
503 945 601 1017 sunt),
624 942 684 1007 alia
705 944 800 1008 semel
824 948 856 1011 et
878 945 1022 1023 celerius,
1043 946 1123 1011 infra

58 1068 193 1133 ponam,
233 1049 385 1114 librorum
420 1049 558 1130 tempora
593 1050 625 1112 et
659 1048 795 1115 ordinem
828 1069 965 1134 sequens.
1037 1053 1123 1117 Non·

60 1156 170 1229 nnlla‚·
197 1155 231 1219 in
262 1174 328 1239 qnae
351 1154 498 1238 putabam
520 1171 568 1218 me
590 1152 723 1235 primum
743 1155 898 1235 incidisse,
932 1159 995 1223 iam
1017 1177 1122 1244 margo

61 1260 206 1326 editionis
240 1261 425 1326 Bersmanni
457 1265 651 1344 praeceperat,
684 1261 762 1344 quod
800 1262 868 1328 idco
899 1263 977 1342 dico,
1009 1283 1048 1330 no
1082 1267 1122 1332 ab

62 1366 129 1431 aliis
163 1386 202 1431 ea
232 1367 415 1452 negligatur.
470 1367 580 1431 Rectas
609 1367 814 1451 scriptumst
841 1369 988 1435 Merkelio
1010 1370 1122 1436 eiectas

61 1474 211 1557 plurimas
233 1474 350 1539 omitto.

162 1579 316 1645 Amorum
338 1579 392 1644 lib.
418 1580 442 1652 1,
467 1580 494 1652 6,
518 1577 557 1640 23
573 1598 638 1663 sqq.
660 1578 793 1661 primum
806 1580 947 1646 codicum
962 1581 1120 1665 scriptura,

63 1704 155 1769 qnam
167 1684 335 1750 Merkelins
347 1686 488 1759 mutavit,
503 1682 672 1759 retinenda,
685 1685 738 1749 sed
750 1685 795 1751 sic
805 1686 1047 1770 interpungenda
1057 1691 1121 1754 est:
1135 1764 1138 1770 ⁸

161 1791 270 1858 Redde
291 1791 390 1856 vicem
414 1790 548 1866 meritis3
570 1793 657 1874 grato
674 1790 746 1856 licet
768 1810 846 1873 esse,
869 1793 950 1876 qnod
972 1796 1070 1878 optas.
1131 1773 1136 1781 ¹

210 1897 361 1979 Tempora
383 1895 481 1961 noctis
503 1899 585 1962 eunt.

61 2003 168 2087 lpsnm
203 2002 366 2067 ianitorem
388 2005 511 2086 gratnm
534 2020 601 2068 esse
623 2021 733 2086 cupere
756 2000 844 2086 dicit;
879 2002 943 2070 eius
976 2006 1021 2070 rei
1042 2025 1122 2071 nnnc

61 2110 255 2175 occasionem
278 2127 355 2175 esse.
399 2109 458 2174 Sed
480 2108 559 2192 qnod
581 2108 735 2192 sequitur:

496 2286 498 2289 ,
665 2216 770 2279 eroute
791 2217 876 2299 poste
897 2235 1007 2295 seram,

196 2324 322 2389 excute!
342 2321 386 2386 sic
407 2339 552 2406 umquam
576 2321 668 2405 longa
688 2321 822 2386 relevere
843 2323 959 2397 eatena,

58 2429 129 2495 ferri
160 2430 194 2493 in
217 2428 350 2511 optando
372 2450 507 2512 capum
531 2446 585 2509 pro
611 2426 777 2512 aliquando
799 2428 882 2493 nullo
902 2430 991 2510 pacto
1010 2428 1122 2512 potest,

58 2534 216 2618 scribique
241 2534 333 2600 debet
351 2534 479 2595 utinum.

161 2640 231 2705 Ibd.
254 2641 280 2716 Ι,
304 2640 332 2712 l,
355 2640 411 2702 58:

197 2746 421 2830 Suspensaeque
443 2746 495 2810 din
518 2745 654 2811 lacrimae
675 2747 786 2812 flnrere
811 2766 866 2831 per
887 2766 949 2827 ora,

244 2853 375 2936 qualiter
396 2852 516 2917 abiecta
538 2851 575 2916 de
596 2853 665 2918 nive
686 2854 793 2918 manat
812 2873 900 2938 aqua.

161 2957 216 3023 Sic
238 2959 358 3024 codices
381 2957 460 3027 boni,
480 2959 513 3022 in
535 2958 650 3021 obiecto
672 2960 813 3043 corrupti,
842 2977 976 3043 proquo
998 2957 1120 3023 Merke-

54 3064 115 3130 lins
138 3076 262 3128 amera
282 3065 402 3148 posuit,
436 3083 544 3130 vocem
566 3065 655 3155 valde
679 3064 862 3135 dissimilem
883 3082 940 3128 nec
962 3062 1120 3130 Ouidianae

56 3172 161 3237 atatis
185 3191 243 3236 nec
256 3173 339 3238 'satis
362 3174 483 3255 aptam;
517 3171 711 3237 scribendum
734 3173 799 3236 erat
820 3170 949 3253 adfecta,
985 3172 1041 3236 hoc
1063 3171 1121 3246 est,

57 3281 134 3345 solis
156 3280 189 3343 ni
211 3278 275 3343 ianr
296 3280 381 3342 tacta
402 3278 434 3340 ot
453 3276 639 3342 labefactata
658 3278 881 3364 (anyeynffeu).

160 3384 230 3450 Ibd.
253 3386 278 3459 I,
300 3385 331 3463 8,
353 3382 389 3446 31
415 3384 511 3448 oratio
532 3384 576 3449 sic
598 3383 840 3469 interpungenda
861 3383 924 3446 est:

501 3489 595 3573 Signo
615 3510 695 3556 nuno
719 3492 822 3556 Venus
845 3492 917 3573 apte
939 3504 1002 3551 suo.

198 3595 304 3661 Prosit
324 3597 359 3659 nt
380 3594 555 3672 adveniens,
577 3615 613 3660 en
636 3598 751 3680 aspice!
794 3597 887 3662 Dives
909 3599 1027 3661 amator

236 3705 268 3767 te
290 3701 393 3784 cupiit.

59 3809 199 3874 Effectus
222 3808 271 3873 hic
294 3808 341 3872 est
356 3807 483 3872 Veneris
505 3807 702 3875 advenientis.
717 3811 742 3888 ¹)
792 3808 859 3894 [Sic
882 3810 1021 3892 qnaedam
1041 3808 1122 3893 edd]

62 4036 262 4044 Μ...-

88 4170 112 4235 ¹)
130 4167 280 4238 Indignum
299 4170 348 4230 est,
368 4167 458 4237 sperni
476 4182 502 4222 v.
520 4169 558 4222 45
579 4165 715 4237 egregiam
739 4168 766 4218 et
784 4163 959 4219 necessariam
975 4162 1123 4219 Burmanni

129 4260 348 4317 emendationem
379 4259 442 4324 (etsi
475 4259 552 4314 nulla
580 4258 649 4314 bona
679 4260 737 4320 est,
774 4257 826 4312 uisi
862 4257 1032 4325 necessaric):
1069 4259 1126 4310 Hac

128 4375 231 4424 quoque,
249 4373 304 4421 qum
325 4355 422 4421 secutis
439 4372 512 4421 nepus
530 4356 555 4405 iu
572 4355 657 4404 uertice
683 4361 781 4418 portant
809 4352 868 4420 (pro
889 4370 949 4418 quac
968 4389 974 4403 .
995 4353 1123 4417 ‚portast

128 4462 219 4504 aeuo.
253 4446 316 4501 Non
344 4461 408 4500 snas
426 4445 524 4516 puella,
544 4462 623 4515 qnam
642 4444 740 4514 Dipsas
752 4459 836 4514 ‘mma
853 4442 1009 4512 alloquitur,
1028 4442 1124 4513 prater

895 4535 929 4588 o*
