2626 5070
190 278 296 351 4280
592 275 858 348 convnoaprn.

125 479 129 486 '
192 480 324 544 essent
356 493 409 560 pro
431 474 519 541 sunt
540 476 715 556 posuerunt.
770 462 1014 542 Fuitfortosso}
1060 479 1153 546 Hac
1188 491 1263 545 lam

171 583 299 648 'facte
319 581 467 649 suntin
489 599 525 659 a,
548 598 765 666 magnaque
787 599 851 664 spe
873 585 911 645 et
931 580 1005 647 laet
1029 602 1055 651 o.
1080 585 1110 653 d.
1139 606 1167 652 e.

291 689 358 754 Ibd.
380 685 455 751 103:
473 685 697 769 duobusque
716 684 893 753 millibus
914 685 1110 758 hominum
1133 711 1260 760 arma·

189 796 253 868 tis,
275 794 418 879 partim
434 811 529 878 qnos
546 810 586 857 er
602 791 775 856 familiis
796 792 1032 861 societatum
1047 796 1259 883 delegerat,

189 901 330 985 partim
353 919 372 965 a
395 898 706 983 negotiatoribus
721 901 917 982 coegerat,
934 918 1158 985 quosqueex
1180 905 1259 972 suis

191 1007 352 1091 quisquo
385 1005 548 1071 adhunc
569 1023 647 1071 rem
669 1003 826 1071 idoneos
848 1006 1116 1072 existimabat
1178 1009 1259 1076 Scri·

189 1112 338 1178 bendum:
362 1132 454 1196 quor
474 1130 516 1176 ex
538 1110 622 1176 suis
644 1111 806 1194 quisque
835 1112 905 1187 cet,
934 1113 971 1177 ut
991 1111 1183 1197 significetur
1205 1115 1258 1181 de·

191 1218 298 1284 lectus.
343 1218 426 1283 Nam
456 1235 623 1300 quosque
654 1236 753 1302 neque
774 1236 829 1299 pro
852 1219 890 1283 et
921 1236 1012 1301 qnos
1034 1219 1134 1301 accipi
1156 1223 1258 1303 potest

190 1343 288 1415 neque
309 1317 365 1408 pro
388 1341 639 1407 quoscunque
661 1323 734 1401 (vid.
756 1322 796 1388 ad
817 1322 878 1389 Cio.
898 1323 952 1390 tin.
975 1343 1037 1390 exc.
1052 1325 1096 1390 VI
1118 1345 1148 1408 ρ.
1171 1325 1256 1409 832),

191 1433 223 1496 et
245 1430 272 1496 si
294 1431 410 1512 posset,
433 1447 561 1512 pravum
586 1430 617 1494 h.
639 1429 662 1495 l.
688 1430 772 1495 esset
793 1446 1050 1512 quoscunque.

289 1535 357 1600 Ibd.
381 1533 441 1598 106
473 1534 569 1599 miror
601 1553 660 1600 non
689 1535 790 1601 notari
821 1534 1028 1601 certissimum
1053 1536 1255 1602 mendumin

188 1640 253 1705 lris:
284 1626 580 1723 compluresque
609 1640 761 1706 milites
794 1641 906 1706 huius
942 1640 1051 1712 oreis
1079 1643 1255 1711 omnibus

188 1747 365 1830 partibus
401 1747 751 1814 interficiebantur.
809 1745 870 1811 Cur
906 1746 988 1812 enim
1017 1746 1049 1812 in
1082 1747 1188 1812 media
1218 1748 1255 1813 de

188 1851 374 1916 Alexandria
396 1854 572 1919 narratione
593 1852 694 1918 subito
716 1851 793 1918 haec
813 1853 887 1917 urbs
908 1871 928 1917 a
949 1851 1059 1918 ceteris
1088 1852 1256 1937 nstingui-

188 1957 260 2019 tnr?
306 1956 386 2036 Quid
418 1957 521 2023 Caesar
553 1957 726 2041 scripserit,
763 1959 917 2025 incertum
939 1962 1002 2036 est;
1034 1961 1138 2043 potest
1158 1961 1256 2043 scrip·

186 2060 264 2127 sisse
286 2061 325 2122 in
346 2063 422 2126 uiis
444 2065 573 2140 urbis,⁴
597 2067 633 2128 nt
658 2083 714 2147 per
735 2082 769 2129 se
791 2065 923 2131 addatur
955 2066 1135 2131 omnibus
1169 2084 1257 2151 par-

185 2167 306 2245 tibus,
330 2188 391 2235 non
413 2189 473 2236 uno
493 2171 561 2236 loco
585 2189 684 2236 unare
706 2171 839 2254 regione.

285 2273 353 2340 lbd.
380 2276 455 2342 108:
499 2277 608 2342 Hunc
642 2269 855 2342 incitatum
884 2278 965 2343 suis
995 2279 1032 2342 et
1062 2277 1170 2362 regis
1192 2277 1258 2342 in·

183 2379 325 2447 flatum
356 2382 516 2466 pollicit
501 2381 733 2459 tationibus‚
771 2401 850 2465 quae
882 2383 972 2449 fieri
1007 2382 1146 2459 vellet,

76 2476 81 2494 ‘
180 2486 354 2558 edocuit
397 2490 475 2554 Mire
496 2489 562 2554 haec
592 2487 895 2572 distinguuntur‚ut
880 2489 1043 2555 talterius
1072 2487 1259 2570 pollicitati-

183 2595 294 2660 onibus
326 2595 437 2661 incitat
439 2614 473 2661 us
486 2594 650 2671 Achillas,
681 2592 809 2658 ulterius
830 2598 935 2660 autem
968 2594 1093 2659 inflatus
1126 2594 1258 2659 dicatur

184 2699 334 2767 Gaesar
310 2721 374 2768 srne
397 2700 489 2765 dubio
512 2702 656 2782 posuerat
678 2701 818 2764 tantum.
864 2698 976 2763 Hunc
1011 2700 1093 2764 suis
1127 2703 1166 2763 et
1196 2718 1258 2763 re·

183 2806 243 2891 gis
263 2807 454 2873 inflatum
475 2804 855 2888 pollicitationibus.
904 2804 986 2869 Huic
1008 2805 1141 2869 alterum
1157 2805 1258 2869 inter-

185 2914 371 2994 pretamenti
393 2913 460 2977 loco
483 2910 623 2975 additum
639 2912 697 2976 est.
731 2909 796 2993 [Sic
810 2910 996 2994 Kranerus.]
1011 2908 1088 2990 (uo.
1111 2908 1142 2973 b.
1164 2910 1257 2975 Alex.

187 3016 227 3079 16
248 3017 573 3100 ριι]ειε...ικοιὶι,
595 3015 648 3080 nbi
679 3015 793 3079 rectius
823 3015 1103 3083 Forehhammorus
1135 3015 1256 3080 vietis

186 3123 271 3190 delet
292 3144 384 3208 qnam
406 3121 611 3208 Nipperdeius
632 3121 784 3203 pulsis.)
829 3123 896 3189 Nec
917 3124 1019 3208 magis
1041 3121 1157 3198 dubito,
1180 3120 1257 3203 quin

282 3228 350 3296 Ibd.
375 3230 434 3294 109
456 3230 502 3296 sic
525 3229 627 3294 (laesar
647 3228 820 3310 scripserit:
852 3248 1014 3313 quornm
1046 3228 1150 3293 altor
1185 3245 1256 3291 ac-

183 3338 293 3421 cepto
315 3338 478 3403 vnlnere
500 3353 569 3419 per
589 3352 677 3399 snos
709 3352 777 3417 pro
800 3335 930 3401 occiso
959 3334 1159 3407 sublatus,
1193 3332 1257 3398 al·

182 3443 241 3506 ter
277 3442 528 3508 interfectus
552 3442 626 3519 est,
648 3459 681 3518 ‘a
710 3441 795 3506 malo
824 3460 918 3507 manu
951 3440 1117 3506 accesserit
1137 3457 1256 3504 ocen-

182 3538 299 3628 patus
321 3548 401 3614 inter
416 3549 575 3614 vulnere
597 3547 630 3612 et
650 3564 726 3630 per.
777 3545 919 3625 (Codices
946 3546 980 3611 in
1012 3545 1061 3612 his
1088 3545 1177 3611 libris
1200 3564 1256 3629 ορ-

187 3654 256 3719 timi
277 3674 337 3720 non
362 3655 477 3720 habent
497 3655 590 3720 narba
611 3654 777 3736 accepto
798 3652 960 3718 vulnere
988 3701 996 3718 .
1018 3700 1054 3716 ..
1083 3651 1256 3735 alter.)¹)

210 3997 231 4062 ¹)
251 3995 317 4066 Gap.
340 3998 391 4053 112
414 3998 483 4052 mira
505 3997 638 4067 patientia
655 3957 786 4053 solentur
804 3994 1009 4066 regionibus
1027 4009 1076 4063 pro
1097 3993 1256 4062 regibus,

254 4087 326 4159 qnod
343 4088 408 4143 olim
426 4091 567 4146 inventum
587 4094 638 4149 cst.
