2656 5056
244 298 306 361 520
417 343 422 351 .
600 293 659 349 nn.
668 292 744 348 v111.
755 292 821 362 cap.
835 277 937 347 v.‘

191 516 307 566 aarum
338 496 488 578 seriptum
510 494 620 585 leniter
647 492 754 558 adiuta
783 469 848 556 liaeo
869 492 1004 556 efficitur
1025 494 1138 559 melior
1160 494 1253 558 torma:

114 663 116 667 ,
140 648 147 663 .
204 604 423 669 tumetium
448 599 621 664 nantium
644 597 959 682 serpentiumque
982 600 1113 681 pastis
1136 598 1254 682 (sieedd.

204 713 305 785 vett),
320 706 484 772 hiberna
504 703 869 787 destitutauligine
891 702 1026 788 [erano]
1055 709 1090 770 et
1112 705 1256 770 termen-

203 817 300 888 tata,
331 810 519 876 colluvies
541 811 751 876 venenatas
783 807 841 882 (sie
870 809 939 873 edd.
972 812 1065 886 vett.)
1101 812 1256 879 emittit,

204 940 247 985 er
289 918 430 1002 quibus
453 918 511 980 eat.
576 915 723 980 Nautium
753 913 1004 996 serpentiumque
1040 917 1179 1001 reliquia
1212 916 1258 980 nli·

203 1026 274 1109 gine
308 1022 485 1097 destitutae,
521 1023 630 1085 astate
662 1020 870 1094 fermentata,
916 1018 1069 1086 colluvies
1109 1027 1257 1087 venenatas

205 1130 326 1194 edicere
370 1127 521 1191 dicuntur.
593 1124 740 1188 Colluvies
787 1124 896 1206 plurali
928 1143 1059 1191 numero
1105 1127 1258 1193 Columella

206 1235 291 1309 dixit,
313 1236 349 1297 ut
371 1231 479 1294 eluvies
501 1232 633 1297 Curtius.
687 1226 801 1296 Coeno
835 1228 872 1293 ed
895 1229 1048 1313 uligine
1083 1231 1258 1313 adscriptum

206 1341 337 1406 videtur.
379 1337 494 1402 Eodem
537 1337 638 1419 eapite
675 1337 696 1422 ξ
729 1336 749 1400 8
785 1334 956 1424 afferunt
995 1354 1050 1418 pre
1098 1337 1259 1402 afferant

206 1445 402 1512 scribendum
425 1461 492 1507 esse
514 1443 579 1506 tam
603 1445 651 1506 est
671 1446 828 1524 apertum,
863 1446 898 1505 ut
920 1441 969 1506 vix
989 1444 1134 1508 annotari
1156 1443 1259 1506 debeat

308 1548 373 1614 lbd.
397 1547 426 1624 6,
453 1549 506 1611 15:
543 1548 718 1612 Possunt
740 1548 862 1612 etiam
884 1546 1049 1611 defossa
1072 1549 1260 1624 frumenta

206 1656 371 1721 servari.
427 1654 504 1719 Edd.
528 1656 603 1718 vett.
639 1656 672 1719 at
692 1652 768 1717 eod.
794 1651 952 1735 Saugerm.
978 1654 1116 1734 possit
1138 1656 1170 1718 at
1189 1671 1260 1718 ser·

207 1780 310 1825 vare.
353 1759 549 1844 Significant:
584 1759 722 1822 Posala
754 1759 874 1823 etiam
908 1757 936 1821 d.
960 1757 1001 1821 fr.
1026 1777 1194 1824 serrare.
1233 1758 1259 1821 In

208 1866 313 1931 eodem
336 1866 479 1932 secundae
503 1865 688 1930 coniunctiri
710 1881 846 1946 parsonae
869 1883 925 1928 usu
947 1864 1069 1927 erretur
1092 1864 1133 1938 ΙΙ,
1174 1864 1217 1940 10,
1232 1850 1259 1935 3,

207 1990 260 2054 pro
292 1989 480 2054 repones,
517 1969 599 2053 quod
631 1969 698 2034 eod.
732 1968 825 2053 Sang.
868 1971 900 2033 et
932 1967 998 2031 edd.
1039 1970 1117 2033 vett.
1150 1970 1260 2034 habent.

209 2076 375 2143 substituto
397 2076 570 2159 reponis.
615 2075 764 2153 [Possis
786 2073 987 2138 Schneidarus
1010 2073 1043 2136 in
1068 2073 1152 2156 not]

308 2182 374 2246 lbd.
408 2183 438 2255 8,
467 2181 501 2242 4:
545 2182 680 2247 Potest
712 2181 830 2245 etiam
867 2178 1131 2255 illitteratus,
1167 2179 1262 2242 dum·

208 2287 320 2353 modo
342 2288 607 2353 tenacissimae
629 2287 685 2352 sit
707 2285 908 2375 memoriae,
937 2301 1019 2348 rem
1043 2285 1148 2350 satis
1172 2303 1261 2349 oom-

208 2392 315 2461 moda
351 2392 639 2460 administrare.
697 2392 793 2456 Miror
830 2390 1063 2472 superlativum.
1121 2389 1182 2455 Sed
1216 2390 1263 2454 sit
1308 2455 1309 2460 ,

209 2496 273 2561 eod.
301 2496 393 2581 Sang.
431 2500 463 2562 et
498 2501 570 2563 vett.
604 2498 674 2563 edd.
701 2489 858 2563 omittunt.
921 2494 1127 2561 scribendum
1163 2497 1262 2580 igitur:
1310 2507 1311 2559 l

208 2603 416 2668 Dummodo
445 2605 590 2665 lenacia
606 2604 672 2664 eit
693 2601 895 2667 memorie.
953 2600 1128 2667 Geminatae
1150 2604 1219 2683 (me)
1239 2603 1264 2665 et

209 2708 346 2772 conflatae
368 2708 479 2773 littere
501 2711 583 2785 sunt,
606 2727 666 2773 una
688 2707 811 2771 omissa.

309 2812 376 2878 Lib.
399 2813 439 2890 ΙΙ,
466 2816 491 2887 1,
527 2815 561 2877 5:
606 2796 825 2878 Asseverat
857 2810 1095 2878 Tremellius
1118 2815 1265 2880 intaeta

209 2923 248 2983 et
270 2917 478 2983 silvestria
513 2919 616 2994 loca,
653 2937 737 2983 eum
771 2919 930 3000 primurn
964 2920 1156 3001 coeperint
1191 2918 1264 2984 eul-

114 3074 117 3078 .
209 3029 285 3087 tum
332 3024 558 3097 exuberare,
603 3043 683 3088 mox
727 3023 868 3089 deinde
913 3042 982 3088 non
1024 3025 1081 3091 ita
1120 3043 1264 3108 respon-

209 3129 297 3193 dere
333 3128 456 3193 labori
489 3128 723 3196 colonorum.
780 3127 880 3193 Soribi
912 3131 1050 3211 oportet:
1090 3147 1264 3196 ...oum

209 3235 375 3318 primum
437 3234 606 3316 ceperint
668 3235 836 3313 cultum,
899 3235 1132 3310 exuberare,
1175 3252 1265 3310 ‘mur

116 3416 124 3423 ,
209 3339 429 3404 deindaeet.
1015 3424 1016 3427 Ἴ

299 3443 428 3519 -1bd.2‚
454 3442 508 3506 13:
542 3443 666 3510 filicis
700 3446 862 3528 (pernicies
896 3448 956 3529 est)
990 3446 1177 3529 frequens
1209 3467 1266 3512 er·

210 3550 413 3631 stirpatio,
454 3567 537 3632 quae
559 3549 620 3613 rel
643 3552 774 3617 aratro
795 3551 883 3617 lieri
905 3553 1054 3635 potest,
1089 3553 1267 3634 qnoniam

209 3655 314 3720 iutra
335 3654 529 3724 biennium
562 3657 703 3737 sepius
735 3659 932 3722 convulsae
970 3657 1154 3722 moritur.
1199 3657 1269 3722 Rec-

208 3759 271 3825 rins
293 3759 404 3824 litterae
420 3760 605 3824 dividendae:
628 3760 807 3825 oo'noulaa
831 3763 1029 3826 emoritur.
1076 3763 1162 3827 Infra
1183 3763 1204 3849 ξ
1228 3763 1270 3836 19,

208 3865 370 3947 postquam
404 3864 441 3929 de
473 3869 556 3931 terra
592 3868 708 3952 pingui,
744 3869 828 3947 erili,
872 3868 1018 3934 mediocri
1058 3868 1273 3954 distinguenda

211 3970 416 4051 experimento
453 3970 569 4035 dietum
599 3971 670 4070 asta
693 3970 758 4036 haee
780 3971 811 4035 in
842 3972 1026 4039 editionibus
1056 3976 1273 4042 subiiciuntnr:
