2662 5062
237 285 300 347 444
600 283 879 354 snnuuoapuu

196 482 272 559 (etr.
296 482 359 547 cio.
381 480 421 546 de
441 483 520 546 orat.
541 482 583 557 ΙΙ,
605 481 661 546 594
710 481 771 544 Ubi
786 492 864 556 aucei,
886 482 942 566 qai
961 481 1132 544 Antonium
1158 478 1249 543 (14444

196 597 308 670 nepam
328 587 426 649 scs're?
455 587 488 650 et
508 587 633 652 similia.
676 588 854 652 Pinciannsz
897 587 943 651 llt
974 589 1077 662 sunt,
1110 586 1172 668 qui
1203 586 1250 650 cet.

197 693 257 757 Sed
291 696 359 758 tum
391 694 532 774 putant
562 693 657 757 scribi
684 692 839 770 debebat.)
881 691 943 756 Sed
965 692 1094 776 41414414,
1126 691 1207 775 quod
1224 709 1254 755 44

195 797 389 880 interpolatis
414 797 582 873 codicibus,
602 798 636 862 in
657 797 768 881 quibus
789 802 838 864 est
860 797 1025 862 occisum
1047 815 1164 880 super
1197 815 1255 861 ce·

196 922 296 982 nam,
338 903 473 986 intelligi
506 904 664 987 nequibat,
693 903 841 968 4441111444
875 903 1061 986 intelligitur
1093 921 1129 968 ar
1152 903 1187 966 ·Ε
1220 903 1256 978 (44

197 1009 414 1087 Memmiano).
449 1009 544 1074 scribi
575 1008 700 1074 debere:
736 1027 806 1074 uec
838 1027 949 1073 coenae
978 1026 1095 1073 causa
1124 1008 1255 1075 occidi,

196 1113 262 1175 sed
282 1131 397 1195 super
418 1132 579 1189 cunam,
614 1117 675 1179 cet
702 1115 770 1178 ..ut
790 1116 895 1179 tamen
919 1113 1085 1189 Pincianus
1108 1113 1175 1179 4441
1196 1133 1257 1196 rep·

196 1220 327 1301 peterat.
371 1217 441 1284 Non
475 1219 521 1308 ita
551 1220 655 1301 pande
682 1219 756 1285 locis
789 1220 884 1285 etiam
905 1218 981 1284 olim
1008 1218 1125 1283 menda
1153 1216 1259 1283 correxi

195 1327 265 1388 orta
296 1341 331 1388 ex
359 1324 512 1406 particula
541 1326 594 1388 aed
624 1344 694 1390 uum
725 1326 826 1391 uerbis
848 1324 988 1391 44441444
1034 1322 1173 1404 (Super
1193 1340 1259 1386 ce·

196 1448 283 1493 nam
304 1428 411 1494 codem
434 1429 526 1495 modo
548 1430 667 1497 Plinius
688 1432 762 1495 min.
785 1431 842 1507 ill,
865 1429 895 1506 5,
920 1431 969 1505 11,
991 1428 1045 1501 lv,
1069 1428 1120 1501 22,
1142 1429 1188 1501 θ.)

298 1533 364 1599 lbd.
395 1533 504 1611 18,·1
534 1536 568 1601 in
594 1538 620 1600 Ε
645 1536 805 1602 4441414444
857 1534 964 1599 Nibil
1001 1536 1080 1611 444,
1123 1534 1258 1616 inquit,

196 1640 315 1705 mullo
337 1639 558 1722 exspirante
587 1643 673 1706 illic
701 1640 920 1715 formosius3
954 1638 1043 1720 ipsa
1070 1632 1259 1706 collucta-

198 1745 305 1810 tione
327 1745 458 1809 animae
479 1764 566 1810 sese
587 1747 795 1812 afficiente
825 1746 892 1824 (ant
913 1743 1130 1826 efficienti)
1153 1746 1260 1810 rubor

197 1850 381 1930 primum,
405 1850 545 1916 deinde
566 1852 690 1933 pallor
711 1850 966 1917 suffunditur.
1001 1850 1088 1914 Nihil
1111 1852 1161 1915 est
1183 1866 1259 1916 sese

197 1953 413 2022 afficiente.
458 1956 674 2022 Scribendnm:
707 1958 794 2041 ipsa
815 1954 1102 2022 colluctatione
1127 1957 1258 2021 anime

198 2077 282 2124 sess
309 2061 513 2144 inficianti
533 2064 632 2146 (pisci,
654 2064 711 2128 boo
735 2065 797 2138 est,
821 2063 953 2127 colorem
982 2061 1122 2142 ducenti)
1145 2064 1257 2127 rubor

197 2167 379 2247 primum,
401 2167 432 2232 d.
453 2168 582 2250 pallor
604 2167 894 2242 suffunditur.²)

198 2388 396 2399 2——0--.

218 2520 240 2582 Ι)
266 2519 331 2588 Cap.
361 2523 404 2581 18,
435 2521 452 2573 3
479 2518 518 2570 414
548 2516 630 2571 verba
658 2517 772 2585 editores
799 2519 979 2587 coniungunt,
1008 2517 1087 2585 quasi
1117 2519 1197 2569 neseio
1226 2517 1264 2567 4444

269 2613 377 2663 endere
394 2609 468 2664 idem
485 2609 526 2663 sit
549 2625 592 2663 uc:
620 2629 667 2662 nen
691 2630 787 2678 possum
817 2610 917 2678 (4444144)
942 2612 986 2661 obi
1005 2610 1103 2662 credere
1128 2613 1174 2674 (ut
1196 2606 1263 2678 apud

271 2702 364 2759 Gallos
382 2707 410 2769 je
429 2721 456 2753 ne
473 2706 571 2754 soumis
589 2706 691 2768 4444))
722 2717 815 2758 verum
833 2702 890 2756 eius
908 2716 974 2756 usus
993 2701 1101 2756 nullum
1119 2705 1163 2756 est
1180 2717 1263 2757 erem·

269 2795 358 2864 plnum
384 2794 467 2849 aliter
484 2795 556 2849 cuiun
582 2794 656 2864 apud
678 2793 833 2849 Iuvenalem
858 2794 959 2849 dicitur
982 2798 1077 2847 menois·
1100 2798 1195 2859 444414,
1219 2794 1265 2848 hoc

268 2892 318 2953 est,
337 2886 486 2941 mentiendi
504 2889 591 2942 444444
608 2902 661 2941 nou
678 2889 757 2941 tenso
776 2889 819 2952 (ut
836 2889 931 2942 contra
948 2890 1042 2939 4444414·
1057 2888 1134 2954 scio).
1172 2887 1266 2955 Itaque

269 2997 317 3050 per
335 2994 363 3033 44
383 2980 458 3048 (post
476 2979 615 3049 piscatoris
633 2977 724 3034 rerba:
755 2975 866 3033 Hodie
893 2978 1039 3033 eductus
1064 2981 1131 3045 444)
1158 2980 1267 3049 ponitur

271 3073 297 3142 (4
316 3087 430 3140 persona
448 3071 588 3140 luxuriosi)
609 3072 735 3138 nescio;
753 3069 893 3133 credere
912 3086 971 3124 cnm
997 3073 1136 3140 oportet
1155 3070 1268 3125 coniun-

270 3164 354 3235 gitur,
386 3162 432 3217 sed
460 3163 549 3218 locum-
577 3167 649 3218 certo
667 3161 808 3218 emendare
825 3179 879 3217 uon
899 3178 1020 3232 possunn
1048 3160 1165 3216 fortasse
1184 3162 1270 3232 scrip·

270 3255 474 3312 seratSenccc:
509 3254 648 3321 Nescio;
674 3255 712 3310 414
736 3271 770 3310 44
793 3270 912 3325 magun
935 3253 1005 3309 tibi
1035 3257 1101 3321 ipsi
1131 3257 1273 3325 oportet

271 3349 400 3412 credor,
417 3347 480 3401 bne
499 3346 536 3401 41
540 3346 683 3413 lerator,
693 3348 834 3418 verbisque
843 3364 896 3403 non
906 3349 978 3402 recte
986 3346 1138 3400 coniunctis
1146 3345 1274 3401 additum

271 3442 315 3496 est
344 3438 491 3507 credere.
541 3439 594 3494 Sed
620 3439 732 3495 codices-
751 3440 819 3495 boni
844 3441 895 3507 411)
926 3438 1029 3495 hubent
1054 3441 1197 3507 oportet
1225 3455 1274 3494 rue

271 3531 401 3588 credas.
442 3531 526 3587 Paulo
558 3535 620 3601 post
645 3532 822 3588 revocandum
850 3537 904 3596 est,
933 3530 1003 3602 quod
1033 3529 1099 3585 olim
1125 3530 1274 3608 edebatun

272 3625 422 3680 Tantum
446 3623 482 3690 (E
501 3625 770 3694 quartum‚·quod
787 3637 796 3677 4
815 3627 876 3694 post
893 3637 902 3677 4
920 3621 1062 3689 4441414444)
1081 3622 1121 3677 441
1142 3624 1275 3678 soller-

272 3719 357 3772 tiam
375 3717 520 3773 luxuria
538 3717 719 3788 pereuntis
738 3716 890 3781 accedit,
910 3719 1078 3784 tantoque
1096 3714 1276 3770 subtilius

272 3811 322 3865 cet.
363 3809 440 3875 Quod
464 3826 486 3865 c.
506 3812 548 3875 19,
576 3814 658 3879 lpro
685 3808 929 3864 subterraneis
956 3806 1072 3862 occuli
1105 3806 1276 3879 eprosu·

272 3903 353 3956 erunt
379 3901 464 3957 subt.
492 3904 663 3970 occultis,
693 3903 834 3974 egregium
862 3905 904 3957 est
919 3901 1069 3970 exemplum
1087 3901 1159 3955 mala
1178 3901 1276 3956 utendi

271 3991 350 4048 bonis
368 3993 519 4052 codicibus.
546 3996 635 4067 Idymi
653 4002 751 4050 nomeu
773 3992 802 4060 (4
825 3998 855 4061 3)
878 3995 1014 4064 Hauptius
1042 3994 1148 4049 erudite
1170 3995 1277 4049 confir·

223 4113 227 4120 ·
273 4086 360 4140 mavit
377 4086 418 4152 (11
439 4102 465 4156 p.
483 4089 539 4154 20).
564 4119 566 4124 ,
