2656 5056
523 739 554 808 Q·
574 726 691 796 cnunc.
1035 742 1097 807 533
1165 755 1196 768 ·’

73 939 199 1023 primo
221 940 387 1016 haeseranh3
410 939 464 1004 sed
485 938 564 1023 quud
586 959 681 1023 nuper
698 939 864 1006 Hedickins
886 942 1002 1007 crude
1025 945 1138 1010 substi-

72 1046 146 1122 tuit,
173 1045 293 1130 lougius
315 1046 465 1111 alitteris
492 1045 637 1120 discedih3
666 1047 742 1112 mihi
773 1047 806 1113 in
839 1050 975 1113 mentem
997 1054 1134 1122 venerat.

72 1152 206 1217 latere
237 1153 401 1235 aprime
433 1154 596 1217 struunt
626 1152 700 1234 (vid.
722 1153 760 1218 ad
784 1153 846 1219 (iic.
868 1153 920 1218 fin.
943 1154 1007 1233 ΙΙΙ,
1043 1154 1083 1218 32
1107 1176 1137 1240 p.

73 1257 162 1335 397).
220 1258 279 1323 Sed
300 1257 410 1323 deinde
434 1257 608 1323 offensionis
630 1257 746 1341 aliquid
767 1259 861 1325 habet
882 1260 1034 1327 ablativus
1056 1280 1136 1328 ma-

73 1364 195 1438 teria,
218 1363 295 1447 plna,
317 1384 384 1448 qnae
408 1383 468 1430 uon
489 1367 754 1437 commemoratur,
776 1365 947 1455 praepeeihic
969 1365 1009 1430 in
1033 1370 1135 1450 (quasi

73 1474 144 1536 tota
165 1472 248 1554 regie
269 1471 299 1535 iu
323 1470 404 1535 nudc
430 1469 562 1546 „etiam“
586 1472 701 1536 montis
723 1471 811 1537 dorae
833 1472 896 1550 sih).
936 1471 1136 1540 scribendum

73 1579 143 1643 sine
172 1577 263 1642 dubio
297 1577 361 1640 ast:
398 1572 551 1642 sterilis
586 1579 646 1642 θεῖ
678 1579 782 1643 terra
814 1579 997 1653 macerie,
1037 1580 1136 1646 nudo

75 1684 196 1748 etium
239 1683 380 1747 montis
428 1682 544 1748 dorae
590 1682 683 1766 (quod
726 1685 819 1749 etiam
863 1685 975 1750 montis
1011 1684 1135 1750 dorsum

73 1789 192 1854 nudum
214 1791 272 1865 θεῖ,
294 1807 352 1853 nun
375 1788 475 1854 sulum
495 1788 609 1870 plana).
633 1789 810 1856 Materiae
833 1793 882 1856 θεῖ
896 1791 1009 1855 inedd.
1022 1793 1097 1856 reth.
1110 1794 1136 1871 ¹)

177 1895 243 1961 Ihd.
278 1893 318 1957 23
339 1894 390 1971 (5,
423 1892 494 1972 31);
538 1895 705 1960 Postero
742 1897 805 1961 die
836 1897 1135 1964 occurrentibus

73 2000 318 2067 Branchidae
340 2020 469 2066 seeum
493 2000 708 2084 procedere
729 2002 849 2068 iubet.
876 2010 879 2016 ’
913 2002 972 2082 Qui
997 2023 1134 2070 occurre·

73 2109 151 2174 hauh
172 2108 230 2172 nisi
251 2107 310 2191 ipsi
331 2107 535 2173 Branchidae?
566 2112 597 2172 et
618 2109 670 2192 qni
691 2109 737 2175 illi
761 2108 972 2192 procedunt
991 2111 1023 2175 in
1046 2130 1134 2177 uuam

73 2213 135 2296 ipsi
157 2214 289 2290 urbemi,
332 2213 448 2279 Scrihr
492 2215 656 2280 Postero
678 2216 738 2280 die
760 2217 1060 2282 occurrentibus
1083 2218 1135 2300 (ex

72 2321 150 2385 urbe
172 2319 211 2384 ad
233 2319 427 2385 salutandum
454 2327 574 2404 regem)
608 2320 867 2392 Branchidis.
900 2341 1028 2388 secum
1051 2342 1134 2406 prc-

71 2427 213 2507 cedere
244 2426 360 2491 iubet
384 2426 553 2502 (Milesios,
585 2426 624 2492 de
654 2427 762 2509 quibua
784 2429 918 2509 proxime
940 2428 1055 2520 dictum
1078 2432 1135 2503 θεῖ

71 2533 241 2617 quibusque
265 2531 438 2596 Alexander
457 2552 516 2624 aa,
549 2533 620 2617 quid
657 2533 808 2617 optimum
841 2533 926 2631 iachn
947 2535 1038 2607 θεεθῖ,
1061 2553 1134 2600 con·

71 2639 276 2706 siderahurum
287 2637 484 2716 ostenderat).
493 2638 627 2704 Venerat
637 2638 695 2703 hcc
706 2658 824 2723 qnoque
834 2640 866 2705 iu
876 2643 1009 2706 mentem
1018 2639 1133 2719 Medio,

71 2746 134 2830 qui,
155 2744 291 2810 ubivera
307 2744 435 2821 invenit,
457 2744 521 2809 fere
537 2742 716 2809 Cassandrae
731 2764 852 2829 poeuum
874 2764 981 2829 pasena
1004 2745 1052 2810 θεῖ
1073 2764 1132 2810 ncn

70 2871 146 2918 saue
158 2851 223 2916 siue
235 2851 332 2932 culpa.
369 2849 612 2935 [Branchidis
635 2851 728 2916 etiam
742 2851 827 2917 codd.
840 2851 931 2936 deth]
954 2851 1049 2917 Paulo
1064 2852 1134 2933 post

70 2958 139 3037 (35)
153 2957 319 3040 permirum
332 2961 388 3034 θεῖ,
403 2957 503 3022 iudea
515 2957 655 3041 Zumptin
667 2976 746 3022 nnuc
758 2957 993 3041 ediqnudaune
1006 2959 1038 3023 in
1050 2949 1133 3024 cudi·

70 3064 231 3157 cihuseah:
255 3062 359 3128 Nunc
376 3064 530 3147 culpam
548 3064 741 3129 maiorum
756 3064 904 3147 posteri
926 3065 1050 3141 luere,
1066 3063 1133 3147 qui

70 3191 117 3235 ne
139 3169 322 3235 viderant
343 3170 493 3253 quidem
515 3169 713 3243 Miletum,
748 3168 834 3234 iden
863 3170 901 3234 θῖ
922 3168 1036 3235 Xerxi
1057 3188 1132 3235 nnn

69 3276 283 3358 potuerant
314 3276 482 3359 predere.
541 3275 622 3341 Nam
660 3276 848 3346 nouaclum
885 3295 1060 3360 perversum
1083 3278 1132 3341 θεῖ

69 3382 158 3447 iden
190 3382 244 3457 θῖ,
276 3382 330 3447 sed
352 3383 473 3448 etiamsi
495 3383 612 3449 scribas
635 3383 796 3460 chineo,
818 3382 896 3448 nihil
916 3381 1051 3478 ineptius
1072 3381 1130 3446 hac
1224 3469 1227 3474 ¹

69 3487 256 3558 adiectionez
290 3489 453 3572 requiritur
474 3489 647 3555 huiuamodi
669 3490 839 3555 sententia:
876 3487 986 3576 nedum
1008 3486 1051 3551 X.
1069 3507 1132 3570 po·

69 3595 193 3657 audeaut
211 3593 354 3678 prodam
382 3614 450 3660 eam
483 3596 527 3661 sic
548 3598 680 3678 positam
710 3595 804 3660 fnisse
836 3592 998 3658 aCurtic:
1035 3593 1129 3654 adeo

68 3700 189 3766 Xerxi
221 3719 291 3764 uun
327 3702 538 3785 potuerant
569 3701 746 3784 prodere,
779 3700 884 3764 Iunius
913 3701 944 3763 θῖ
966 3700 1037 3781 post
1058 3716 1131 3763 aum

68 3808 163 3873 ceteri
184 3806 407 3894 intellexerant,
429 3808 587 3872 notissimo
609 3805 689 3890 apud
701 3805 843 3871 Tacitum
853 3804 1012 3886 ‘particulae
1034 3803 1129 3869 adeo

67 3914 223 3998 negationi
256 3913 401 3980 subiectae
433 3933 499 3988 usn,
532 3913 586 3978 sed
622 3910 708 3977 cuins
740 3911 880 3994 exempla
921 3911 1013 3976 etiam
1048 3909 1129 3994 apud

66 4137 266 4147 ...-—-—-—

96 4291 119 4356 ι)
138 4290 203 4361 Cap.
227 4294 245 4347 2
268 4294 303 4359 (1,
332 4295 376 4359 15)
402 4292 485 4349 mirer
510 4292 592 4348 tacite
615 4292 748 4362 preteriri
776 4291 975 4362 apertissimum
1000 4290 1130 4346 orationis

137 4385 247 4440 uitium:
272 4384 312 4440 ad
331 4385 399 4441 hnc
425 4385 600 4450 accedere,
627 4385 711 4457 quud
804 4384 1042 4455 respondisse,
1069 4400 1129 4439 cnm

138 4479 287 4548 prasertim
313 4479 367 4534 iam
400 4479 582 4548 Heusingerus
608 4479 848 4549 respondiaueh
874 4477 1043 4533 scribendum
1071 4493 1129 4533 θθεθ

137 4571 283 4626 monuerit.
