2656 5056
251 258 310 321 164
609 248 726 304 Ilib1L
747 250 819 319 Cap.
834 251 892 306 ΙΙΙ.

211 453 362 537 scriptum
400 451 485 517 earet
520 449 792 526 (mutuinter)‚
841 448 975 516 vocalis
1023 467 1089 514 nou
1123 451 1196 512 recta
1221 465 1265 527 aar»
1301 519 1303 523 v

209 562 294 645 plata
315 561 371 623 eat.
917 609 923 618 .

313 663 394 730 ibid.
416 661 473 740 XI,
498 661 608 737 10,1:
638 659 721 725 Non
744 657 848 724 milri
871 679 965 725 rem
993 661 1194 744 publicam
1211 659 1267 742 plm

213 771 357 837 debere
392 767 573 834 arbitror
606 785 717 850 quam
752 783 810 830 mc
842 767 944 835 tibi.
987 768 1267 835 Gratioremma
1306 835 1307 840 ἵ

214 895 303 943 esse
324 875 363 941 in
386 876 424 939 te
447 891 582 957 posse,
607 890 719 956 quam
740 871 815 937 isti
839 876 1047 954 perversi
1072 875 1159 941 sint
1178 875 1267 936 imme.

214 977 623 1064 exploratumhabea;
646 979 680 1044 si
702 979 835 1042 tamem
860 977 951 1044 haec
976 976 1268 1065 temporisrile

214 1089 333 1152 antur
355 1083 439 1149 dici
462 1082 733 1162 oauaa,malle
753 1102 811 1149 me
832 1087 956 1149 tuum
981 1087 1269 1168 iudiciumque

215 1189 914 1271 exalterapartcomniumistorum
933 1194 1001 1257 cet
1033 1191 1269 1259 Ridiculellmtm

214 1295 383 1380 gratiorem
405 1313 438 1360 ee
466 1314 534 1361 esse
565 1314 681 1379 posse
714 1296 806 1374 dicit;
839 1298 978 1380 gratum
1003 1306 1040 1364 se
1065 1317 1136 1364 ease
1157 1296 1270 1361 affirmem

217 1402 318 1468 debet.
368 1399 468 1467 Senem
497 1403 603 1467 carent
624 1403 731 1468 verba:
761 1401 795 1466 ai
821 1403 963 1467 tamem
994 1403 1084 1471 haec
1112 1400 1272 1485 temporis

216 1508 434 1574 videantur
468 1507 549 1573 dici
583 1526 717 1584 causa,
751 1507 783 1571 in
817 1506 932 1590 quibus
976 1510 1051 1592 ipse
1096 1507 1271 1576 coniunctim<

216 1613 347 1679 vitiosas
378 1614 435 1679 est.
478 1611 552 1693 Quae
585 1612 696 1679 deinde
728 1611 938 1679 subiiciumtur
974 1617 1123 1692 (malle
1145 1635 1199 1681 me
1216 1614 1271 1685 eo

216 1737 351 1803 prorsus,
374 1719 454 1784 unde
475 1719 636 1802 pendeant,
659 1719 738 1785 mihil
759 1719 885 1785 habent.
934 1721 975 1785 In
999 1721 1038 1786 M
1061 1722 1221 1789 scribitur:
1238 1717 1271 1783 ait

217 1844 262 1891 am
295 1825 368 1891 hoc
397 1828 576 1910 tempore
603 1826 637 1891 is
659 1825 887 1892 uideantur.
932 1826 1025 1893 Hinc
1047 1829 1187 1912 primum
1207 1824 1271 1891 aba·

217 1933 283 1998 tur:
327 1933 591 2015 Exploratum
625 1931 748 1997 habes
783 1931 851 1999 vita
886 1937 943 2008 (no
981 1933 1069 2000 bac
1107 1931 1271 2016 temporis

217 2037 436 2105 videantur
458 2036 540 2104 dici
561 2045 709 2116 causa),
738 2037 858 2104 malle
879 2057 939 2103 mo
960 2043 1025 2106 oet.
1084 2041 1200 2107 Utrum
1217 2035 1271 2102 arte

217 2147 264 2211 sic
296 2146 412 2210 Brutus
446 2144 533 2210 vita
563 2145 699 2226 posuerit
729 2163 767 2210 an
798 2145 884 2209 tota
917 2144 1009 2209 vita
1041 2147 1210 2231 scripserit,
1233 2161 1271 2209 roa

217 2250 339 2316 definio.
394 2250 515 2317 Deinde
547 2251 578 2315 im
612 2268 727 2333 posse
754 2250 863 2316 subeat
888 2251 1036 2329 verbum,
1060 2255 1147 2319 uude
1168 2251 1271 2336 pendat

216 2357 371 2422 sententia
399 2356 522 2423 infinita
550 2357 770 2441 gratiorem
794 2373 849 2420 me
872 2373 961 2421 esee
983 2355 1029 2422 im
1056 2361 1107 2425 te.
1154 2358 1203 2424 ad
1222 2375 1271 2421 aer·
1295 2390 1297 2395 ·

217 2462 348 2528 tentiam
372 2462 567 2545 aptissimam
591 2464 640 2528 est
660 2477 782 2528 mesces.

316 2566 637 2647 lbid.X111‚66,1:
670 2565 849 2633 Atehoc
882 2569 1043 2648 ..peto
1076 2565 1272 2650 ...,mtal

218 2691 277 2752 ea,
308 2691 390 2755 qua
412 2674 481 2739 tua
502 2676 644 2756 sponte
665 2674 751 2739 sine
774 2672 1013 2754 cuiusquam
1039 2675 1273 2742 commenda·

216 2779 329 2845 tione
357 2778 512 2846 laceres
542 2779 804 2845 inhominem
834 2779 994 2843 tantum
1017 2786 1061 2847 et
1085 2783 1272 2849 talemca·

162 2924 163 2928 =
215 2885 467 2975 lamitoaum,
489 2885 665 2970 aliquem
686 2883 866 2950 afferant
887 2886 1097 2953 cumulum
1119 2887 1273 2954 mealit·

214 2993 309 3058 torae
332 2994 390 3058 cet
441 2992 554 3057 lmiuria
581 2991 613 3057 im
642 2991 848 3074 suspicionem
877 2993 1024 3056 vocatum
1049 2998 1104 3060 est
1125 2991 1274 3061 calami·
1315 2988 1316 2998 ’

213 3098 362 3173 tosmm;
387 3100 435 3164 est
456 3096 537 3163 emim
560 3095 654 3174 idem,
676 3116 713 3163 ac
734 3097 760 3161 si
782 3095 934 3189 scribatur
955 3096 996 3161 im
1028 3099 1273 3169 calamitate,

215 3203 428 3285 postquam
464 3203 731 3269 calamitosus
768 3202 901 3268 lactus
937 3201 1004 3268 sit.
1071 3205 1137 3272 Sed
1172 3223 1274 3291 prorsus

212 3308 317 3391 inepte
353 3309 448 3375 cliens
485 3308 636 3374 inferioris
672 3308 788 3374 ordinis
826 3311 858 3373 et
892 3309 1075 3392 negotiator
1120 3313 1274 3398 appellator

213 3418 355 3481 tamtus
389 3415 511 3481 homo.
562 3412 743 3480 Proximum
775 3417 823 3480 eat
844 3413 957 3481 litteris
979 3419 1013 3482 et
1034 3418 1078 3483 ad
1102 3417 1273 3485 sententiam

211 3520 385 3603 probabile:
408 3521 447 3585 im
470 3520 668 3586 hominem
694 3522 761 3587 tam
782 3521 873 3588 taum
896 3525 935 3588 et
955 3523 1096 3588 talem.
1149 3556 1154 3563 »

312 3638 392 3704 lbid.
414 3637 497 3718 xlv,
522 3640 550 3718 l,
573 3639 612 3703 t:
639 3639 695 3717 ct,
717 3640 752 3705 ai
773 3656 842 3705 mos
863 3644 1021 3722 premet
1043 3644 1184 3709 eadem
1203 3643 1271 3707 for·

212 3746 324 3826 tuma,
348 3745 442 3828 quid
468 3763 588 3829 puero
611 3745 757 3811 misere
780 3745 878 3810 liet?
907 3743 1135 3824 Quaesthaec
1157 3748 1271 3815 eadem

210 3850 375 3915 fortuna
396 3850 428 3916 et
449 3870 517 3934 quae
538 3849 604 3917 eius
626 3852 793 3935 oppressio,
815 3850 927 3934 quidve
950 3870 986 3916 ca
1009 3853 1052 3919 ad
1070 3873 1201 3937 puerum
1215 3872 1272 3940 per·

210 3954 312 4019 timet?
358 3955 426 4022 Una
459 3957 566 4024 addita
597 3955 702 4023 littera
729 3959 815 4024 recta
842 3958 1000 4023 sonantia
1029 3959 1148 4028 oritur:
1176 3964 1225 4038 et,
1245 3956 1272 4023 ai

210 4077 280 4125 mos
316 4061 451 4145 perimet
486 4063 824 4146 eaoemfortuna,
847 4065 905 4131 eet.
955 4064 988 4131 Si
1010 4066 1270 4153 utrumqueidem
