2656 5056
471 703 609 758 Ciceronis
627 703 738 757 Brutus.
1042 702 1096 764 lOl

70 901 134 966 fere
156 901 450 975 controversia)
475 903 633 978 nature,
652 905 777 995 artem
800 901 839 965 et
860 903 1060 982 praecepta
1081 898 1141 963 si-

70 1007 184 1071 culos
222 1006 408 1071 Coracem
447 1009 485 1071 et
520 1007 671 1072 Tisiam
708 1004 1015 1088 conscripsisse.
1081 1003 1140 1083 Qui
1212 1031 1214 1035 ·

70 1114 197 1197 gentem
221 1115 441 1178 controversias
457 1114 590 1179 libenter
603 1113 772 1196 agitantem
789 1110 899 1177 Latine
914 1114 1139 1178 controversam

69 1219 219 1301 appellari
256 1238 346 1302 posse
381 1218 536 1295 defendat,
576 1238 666 1284 nemo
700 1219 772 1293 iam,
810 1218 926 1300 opinor,
961 1220 1024 1292 est;
1056 1216 1138 1300 *quod

68 1327 176 1390 autem
210 1325 364 1390 lacobsius
397 1325 694 1390 controversiis
728 1326 821 1388 nata
853 1323 945 1390 scribi
967 1324 1064 1388 voluit
1085 1341 1141 1388 nec

69 1450 195 1514 paucos,
218 1433 269 1514 qui
291 1432 520 1506 assentirentur,
544 1431 662 1511 habuit,
679 1429 809 1495 mutatio
824 1430 914 1513 plane
928 1427 1139 1511 improbabilis

71 1539 130 1611 est,
153 1538 285 1601 maxime
306 1538 336 1600 in
366 1536 660 1601 controversiis
685 1555 737 1618 pro
759 1533 1042 1601 controversia
1063 1534 1133 1598 sub·

68 1643 238 1722 stituendo‚
270 1646 307 1707 ut
339 1643 481 1707 omittam
515 1643 563 1706 vix
591 1643 674 1707 recte
703 1642 916 1707 controversiis
938 1642 1045 1705 uatum
1068 1658 1137 1703 enm

69 1749 140 1825 dici,
174 1750 225 1830 qui
255 1748 473 1814 controuersias
502 1752 593 1812 amet.
648 1746 749 1814 Multo
771 1747 871 1813 leuius
894 1746 1035 1824 efficitur,
1058 1745 1139 1828 quod

68 1858 103 1921 et
124 1854 257 1920 orationi
286 1857 318 1919 et
345 1853 506 1920 sententiae
528 1855 723 1936 aptissimum
745 1855 801 1929 sit;
837 1852 1030 1919 scribendum
1054 1852 1135 1916 enim

67 1962 137 2027 siue
159 1961 252 2026 dubio
274 1962 342 2025 est:
372 1959 475 2043 quod
505 1963 615 2024 esset
635 1962 753 2025 acuta
774 1960 848 2024 illa
869 1978 965 2043 gene
988 1963 1026 2022 et
1048 1976 1137 2022 con-

68 2072 254 2131 troversa
274 2069 310 2132 in
331 2082 371 2132 oa
391 2065 474 2145 iura,
496 2066 621 2130 artem
647 2069 703 2130 cet.
739 2066 779 2129 Et
792 2065 950 2149 ingenium
967 2064 1137 2128 Siculorum

68 2174 102 2236 et
130 2170 199 2235 iure
227 2172 258 2235 in
288 2190 324 2236 ea
348 2174 440 2256 gente
462 2172 580 2237 incerta
601 2172 789 2242 occasionem
813 2171 934 2236 dedisse
956 2171 1031 2236 artis
1053 2186 1137 2252 quae·

68 2278 172 2343 rendae
201 2277 383 2345 Aristoteles
411 2278 539 2344 dixerat.
584 2277 683 2355 Quam
717 2278 806 2342 facile
839 2296 874 2342 er
906 2277 945 2341 iu
978 2295 1022 2341 ea
1052 2276 1139 2339 iure

68 2384 153 2449 nasci
176 2386 310 2472 potuerit
331 2385 490 2460 natura,
513 2384 647 2467 apparet.

170 2490 248 2556 lbid.
272 2491 327 2554 73:
358 2493 396 2555 in
431 2509 504 2572 quo
535 2492 674 2554 tantus
703 2507 815 2555 error
843 2489 957 2555 Accii
979 2488 1074 2564 luit,
1097 2488 1140 2551 ut

67 2595 132 2659 his
165 2595 403 2662 oonsulibus
436 2596 499 2661 XL
528 2614 650 2660 anuos
680 2597 800 2660 natus
822 2594 974 2660 ldnnius
996 2595 1139 2669 luerit;

66 2701 132 2766 oui
167 2701 201 2766 si
237 2704 406 2786 aequalie
440 2701 566 2766 suerit
600 2701 754 2779 Livius,
789 2702 915 2765 minor
947 2701 1027 2766 ruit
1059 2699 1138 2765 ali·
1250 2717 1253 2722 ·

66 2809 217 2889 quanto
238 2808 289 2882 is,
312 2809 378 2891 qui
402 2809 553 2890 primus
580 2805 757 2870 fabulam
788 2804 919 2880 dedit,
950 2823 1063 2889 quem
1088 2804 1136 2881 ii,

66 2913 136 2996 qui
177 2915 327 2980 multas
363 2913 584 2980 docuerant
620 2913 711 2974 aute
750 2911 819 2975 hos
855 2913 1058 2989 consules,
1096 2912 1137 2976 et

66 3019 239 3085 Plautus
274 3022 314 3085 et
349 3020 519 3085 Navius.
575 3007 764 3098 Simpliciter
797 3016 1001 3089 scribendum,
1031 3035 1137 3099 quem·

65 3126 237 3194 admodum
266 3124 420 3191 sententie
446 3124 593 3208 postulat,
620 3121 694 3204 quid
724 3123 811 3203 praui
833 3122 935 3206 posita
956 3124 1011 3189 illa
1032 3123 1136 3188 condi-

65 3234 153 3299 cione
182 3237 338 3316 sequatur,
367 3230 546 3296 ostendens:
576 3230 639 3295 cui
662 3227 696 3293 si
719 3231 888 3312 aequalis
909 3228 974 3297 fnit
996 3230 1135 3294 Livius

64 3342 125 3405 oet.
170 3338 311 3403 Fuerit
332 3354 367 3401 er
388 3354 477 3401 uersu
498 3335 685 3419 precedenti
707 3353 806 3400 errore
827 3335 888 3401 huc
909 3335 1042 3419 irrepsit.

169 3461 246 3525 lbid.
270 3461 324 3523 79:
359 3459 393 3523 P.
420 3461 540 3525 etiam
572 3459 798 3541 Scipionem
831 3459 1033 3537 Nasicam,
1069 3457 1136 3540 qui

66 3570 131 3633 est
166 3567 375 3632 Corculum
413 3566 664 3649 appellatus,
709 3567 773 3648 qui
809 3565 907 3631 item
943 3566 1007 3632 bis
1045 3583 1136 3631 oon·

66 3673 130 3740 sul
160 3677 199 3738 et
230 3691 370 3737 censor
399 3672 494 3745 fuit.
525 3671 708 3736 habitum
729 3672 986 3755 eloquentem
1008 3674 1135 3746 aiunt,

64 3779 204 3856 illius,
235 3777 301 3861 qui
331 3795 446 3843 sacra
467 3776 689 3860 acceperit,
715 3776 860 3844 lilium.
910 3780 988 3844 Mire
1011 3784 1043 3844 et
1064 3795 1136 3858 per-

64 3904 154 3952 verse
175 3885 207 3949 in
230 3885 363 3949 notando
392 3885 457 3949 siue
486 3883 548 3947 ulla
578 3883 768 3948 dubitatione
799 3886 882 3949 certo
910 3884 1035 3949 homine
1064 3900 1136 3947 oon-

64 3992 222 4058 iunotivus
262 3990 399 4072 ponitnr;
442 3991 546 4054 utrum
582 3990 708 4077 accepit
743 4010 781 4055 an
819 3991 995 4076 acceperat
1030 3988 1134 4054 Cicero

65 4098 234 4180 scripserit,
257 4096 391 4162 dubitari
413 4099 563 4180 potesse

120 4366 147 4431 *l
165 4365 197 4419 In
206 4364 336 4434 proximis
347 4363 430 4418 etiam
440 4364 548 4423 sublato
563 4365 692 4431 dicunt,
705 4364 857 4432 quodcum
870 4366 967 4419 aiunt
985 4367 1013 4420 in
1032 4366 1136 4421 elium

167 4458 345 4527 depravatum
365 4463 447 4526 esset,
466 4458 589 4513 additum
604 4475 663 4513 esec
676 4458 755 4512 multi
768 4458 964 4513 intellexerunt
976 4466 1004 4514 et
1016 4460 1075 4529 ipse
1087 4476 1135 4529 po·

167 4550 237 4606 silue
250 4552 342 4619 arguit
360 4551 404 4618 (-
419 4552 574 4607 necessario
594 4552 664 4607 enim
682 4551 766 4605 verba
784 4550 885 4606 etiam
904 4551 934 4605 L.
954 4552 1135 4606 Lentulum
