2656 5056
250 305 312 370 560
605 299 879 368 senuero-pur.

312 507 377 574 lud,
428 500 484 564 31:
542 501 726 585 Dilapsis
772 499 1109 582 speculatoribus
1152 501 1274 566 cetere

209 615 351 680 cohors
374 633 441 680 non
465 610 673 694 aspernata
700 606 1015 680 contionantem,
1039 611 1086 671 ut
1109 606 1275 671 turbidis

208 721 322 785 rebus
338 719 480 792 evenit.
505 719 607 782 forte
629 714 750 799 magis
770 715 809 779 et
830 711 939 778 nullo
962 711 1093 778 adhuc
1116 713 1274 780 consilio

208 844 275 908 par
296 825 576 909 signasquam,
611 821 710 905 quod
740 822 876 902 postca
895 817 1100 885 creditum
1124 821 1201 895 est,
1221 818 1273 882 in·
1319 872 1320 888 ,

208 931 324 996 sidiis
353 934 390 996 et
418 928 684 997 simulatione.
718 927 774 993 Sic
800 926 882 1001 (inde
914 946 933 991 a
966 945 1044 992 voce
1074 934 1160 1010 par)
1192 927 1274 992 codex
1319 919 1320 930 ’

211 1037 293 1102 Med.
336 1037 445 1102 Editur
466 1057 501 1101 ex
523 1035 673 1119 Agricola
693 1033 878 1098 coniectura:
906 1032 1015 1097 nullo
1039 1033 1168 1099 adhuc
1193 1054 1274 1099 con·
1319 1034 1320 1040 ’

210 1144 306 1210 silio
340 1143 455 1226 parat
490 1143 611 1227 signa.
663 1138 724 1205 Sed
756 1136 830 1221 quid
873 1139 915 1203 sit
945 1137 1038 1221 oipna
1076 1163 1199 1225 parare
1228 1146 1273 1206 aul
1319 1211 1320 1217 χ

211 1269 303 1335 quem
333 1247 462 1314 cohortis
490 1249 639 1313 actionem
663 1247 693 1331 h.-
723 1246 744 1310 l.
773 1243 936 1329 significet,
969 1264 1081 1328 parum
1114 1249 1273 1331 exponitur.

212 1357 337 1421 Litterae
368 1375 472 1419 verum
503 1352 686 1419 ostendunt:
717 1353 820 1416 forte
854 1352 977 1435 magis
1012 1353 1052 1417 el-
1085 1354 1201 1420 nullo
1222 1354 1273 1418 ad-

209 1462 282 1526 huc
304 1461 468 1527 consilio
490 1481 587 1546 pare
618 1481 755 1542 mapsa
784 1476 891 1540 quarn
914 1460 971 1523 cet.
1021 1458 1192 1544 Plerosque
1215 1461 1272 1526 sine

210 1570 317 1635 fraude
342 1567 567 1633 contionantem
590 1564 691 1647 quiete
714 1568 837 1629 etcum
860 1574 1004 1629 assensus
1028 1568 1134 1647 specie
1157 1568 1272 1633 audisse

210 1675 337 1740 Tacitus
370 1673 459 1746 dicit,
493 1671 654 1738 nonnullos
687 1669 865 1747 insidiarum
900 1670 1027 1736 crimine
1062 1690 1124 1737 non
1158 1674 1271 1740 liberat.

140 1855 144 1865 Ι
209 1781 289 1865 [Iam
312 1776 728 1862 Puteolparsingens]
1091 1780 1094 1787 '

309 1883 375 1949 Ibd.
395 1883 451 1948 37:
474 1885 601 1949 etiam
624 1884 711 1967 plus
733 1881 864 1965 rapuit
886 1877 1017 1946 Icelus
1040 1904 1153 1968 quam
1177 1886 1271 1971 quod

121 1983 123 1988 ’
212 1990 403 2076 Polycliti
433 1995 473 2056 et
506 1988 659 2056 Vatinii
691 1990 728 2053 et
755 1987 920 2071 AEgialii
944 1987 1270 2072 (Ryclrius,'Ritterus

209 2164 407 2172 —.-—---.

281 2285 367 2329 eram:
396 2266 505 2323 nimia
523 2263 845 2334 voluptatesscum
873 2266 1024 2329 vacaret,
1051 2268 1218 2334 quotiens
1243 2286 1270 2318 ss

278 2362 484 2433 expedierat
501 2357 684 2433 (Germanicez
701 2376 731 2414 so
750 2358 912 2421 osterrich
930 2358 1094 2428 losgerissen
1114 2360 1203 2423 hatte,
1229 2376 1271 2431 pro

278 2457 442 2528 quotiens
469 2451 687 2523 expedierat),
706 2468 831 2522 magna
850 2451 1013 2528 virtutes,
1046 2453 1075 2508 id
1094 2470 1170 2526 nunc
1188 2456 1270 2510 siae

278 2567 323 2605 rus
338 2547 486 2620 occuparit.
530 2545 643 2598 Frustra
660 2559 766 2612 prorsus
784 2542 940 2613 expediendi
952 2536 1038 2599 ¹verbo
1056 2546 1203 2618 affingitur
1220 2552 1270 2620 sig·

281 2642 400 2697 sificatio
423 2640 452 2692 in
471 2632 572 2692 bellum
599 2639 627 2690 et
645 2635 841 2706 expeditionem
860 2638 948 2703 eundi,
967 2641 997 2692 et
1014 2655 1076 2693 cum
1095 2658 1196 2713 magns
1213 2660 1269 2698 oon·

280 2733 383 2788 fusione
401 2729 436 2785 ad
454 2746 511 2784 eam
535 2727 698 2800 probandam
718 2732 853 2800 ponuntur
870 2732 891 2785 ii
910 2731 977 2797 loci,
996 2733 1024 2786 in
1043 2735 1147 2803 quibus
1165 2738 1270 2805 αριᾰίνι·

275 2826 405 2896 (passive)
431 2823 464 2878 de
491 2821 683 2893 properatione
707 2822 741 2877 ad
767 2823 820 2877 iter
845 2823 1049 2893 ingrediendum
1072 2827 1192 2896 (Germ.:
1217 2829 1267 2883 sich

275 2918 360 2988 iertig
378 2916 500 2987 macheu)
518 2915 627 2971 dicitur.
674 2913 704 2970 C.
724 2919 759 2973 88
776 2920 920 2987 pervagato
938 2931 1034 2983 errore,
1053 2937 1136 2990 quem
1156 2923 1267 2978 Faernus

274 3011 396 3076 sustulit,
409 3027 456 3082 pro
468 3009 627 3080 expediri
641 3007 865 3086 inluet((larm.:
879 3010 936 3071 sich
946 3010 1028 3080 lertig
1038 3027 1072 3067 aa
1082 3015 1266 3081 maohmsiclu

250 3178 252 3182 y
274 3104 402 3159 boraitau
415 3103 527 3170 halma),
546 3118 609 3175 ,cum
617 3101 799 3177 factumemm
816 3103 1060 3176 expediriubet,
1080 3109 1264 3164 scribiturex·

274 3196 392 3267 pedire
405 3196 511 3266 iubet
519 3200 590 3268 reete
598 3195 726 3251 scribitur
734 3197 771 3264 ΙΙ,
779 3198 813 3251 99
821 3181 1007 3268 (corruperunt
1015 3198 1145 3256 Halmius
1155 3201 1265 3267 etHer.),

273 3287 514 3357 1V,83(ann.lll⁷,
527 3278 727 3359 loexpe'diri
740 3289 785 3343 iti
794 3290 884 3357 neri),
893 3289 1088 3361 respondetque
1098 3292 1144 3347 his
1153 3293 1263 3348 activum

274 3381 437 3452 expedire
462 3383 582 3453 copias
608 3374 830 3451 (ann.X111‚i)‚
855 3397 928 3437 sese
946 3382 1107 3452 expedire
1126 3385 1212 3452 (XIV,
1228 3388 1263 3448 8).

273 3473 336 3530 Nou
354 3474 480 3530 bellicam
493 3472 610 3530 'tantum
640 3474 759 3530 Muciani
778 3470 955 3537 industriam,
980 3491 1013 3529 ne
1036 3475 1142 3532 maiore
1161 3468 1260 3549 quiden

272 3585 304 3623 ax
332 3571 421 3639 parte,
448 3568 594 3637 significari
628 3571 705 3639 patet
729 3585 761 3624 ex
784 3569 827 3634 11,
853 3572 878 3625 t.
926 3569 1058 3623 Praeterea
1083 3570 1259 3626 scribendum:

179 3719 181 3724 ,
272 3663 383 3717 variis
408 3660 592 3716 illecebris
616 3666 740 3731 potans
771 3676 818 3717 ses
838 3667 899 3733 (pro
922 3665 967 3728 et)
993 3663 1049 3717 oni
1068 3663 1259 3734 expeditius

272 3754 381 3810 luerit
406 3753 550 3809 tradere
580 3756 764 3824 imperium
794 3773 891 3826 qnam
916 3755 1089 3813 obtinere.
1140 3757 1259 3813 artem

271 3847 360 3916 capite
378 3845 546 3903 scribendum
564 3849 645 3917 puto:
681 3848 825 3905 Occulta
848 3847 913 3903 lati
941 3853 972 3901 oi
999 3851 1033 3902 at
1056 3850 1259 3905 oetentisuc

271 3939 451 4009 responsis
472 3938 688 3995 destinatum
701 3941 1172 4012 Vespasiano...imperium
1187 3941 1257 4012 post

271 4029 448 4087 fortunam
466 4031 687 4104 credidimus.
711 4032 781 4089 Nasu
791 4035 848 4102 lece,
859 4034 930 4105 quod
940 4033 1049 4091 additur
1058 4036 1087 4090 in
1099 4035 1176 4093 codd
1186 4035 1256 4095 dett,

271 4122 361 4176 minus
378 4122 456 4181 laeda
469 4124 587 4182 aedera
598 4127 717 4194 poteram
728 4128 890 4196 ,excussat
897 4129 992 4182 creden
1003 4127 1127 4186 nihileet
1136 4128 1186 4184 hoc
1197 4125 1255 4183 loeo.
