2656 5056
385 729 523 783 Ciceronis
542 729 575 784 de
594 736 703 783 oratore
721 729 767 782 lib.
788 730 808 783 Ι.
1047 728 1086 791 89

8 979 10 984 ,
60 922 256 994 demesso
278 928 523 998 consultum,
546 927 762 1008 praeclaras
786 909 882 990 duas
904 927 1014 991 artes
1037 943 1127 990 con·

1 1058 4 1059 ⁷
59 1030 262 1095 stitueres
285 1034 343 1096 cet.

161 1181 236 1247 Ibid.
262 1183 337 1247 248:
362 1184 413 1246 De
436 1203 491 1249 me
514 1187 647 1249 autem
670 1185 774 1267 ipso,
798 1185 863 1249 cui
886 1184 954 1248 uni
977 1187 1018 1247 tu
1041 1202 1128 1248 con-

58 1285 189 1360 cedis,
213 1290 253 1352 ut
275 1289 356 1353 sine
379 1290 463 1353 ulla
485 1290 589 1356 iuris
618 1292 801 1357 scientia
831 1292 962 1354 tamen
992 1291 1128 1354 causis

59 1393 310 1459 satisfacere
332 1395 499 1477 possim,
524 1394 604 1460 tibi
625 1394 885 1469 humerosae,
904 1395 1129 1478 respondeo,

57 1518 185 1582 neque
218 1519 274 1565 me
308 1520 491 1584 umquam
523 1503 585 1566 ius
616 1503 740 1567 civile
770 1501 973 1566 didicisse
1003 1519 1127 1583 neque

59 1609 192 1669 tamen
215 1607 250 1669 in
275 1607 329 1671 iis
351 1608 500 1677 causis.
524 1627 622 1691 quas
648 1610 685 1673 in
708 1609 799 1672 iure
821 1626 970 1689 possem
994 1607 1128 1672 defeu-

58 1711 169 1782 dere,
191 1730 373 1794 umquam
395 1716 516 1779 istam
538 1714 757 1779 scientiam
782 1714 1034 1779 desiderasse.
1057 1713 1127 1777 Non

58 1816 163 1899 agitur
194 1819 231 1881 de
264 1820 372 1897 causis,
406 1839 482 1903 quas
505 1821 660 1885 Antonius
693 1821 725 1883 in
757 1819 831 1893 iure,
868 1820 924 1884 hoc
959 1821 1016 1893 est,
1046 1820 1126 1902 apud

57 1923 233 2002 praetorem.
268 1929 434 2007 antequam
467 1926 506 1990 ad
540 1926 656 1992 iudices
684 1927 848 2002 veniretur,
880 1925 1043 1990 defendere
1074 1946 1128 2008 po·

58 2029 166 2106 tuerit,
190 2029 243 2093 sed
266 2031 303 2094 de
325 2030 372 2102 iis,
394 2035 425 2096 in
448 2034 558 2115 quibus
580 2033 665 2109 iuris,
689 2052 748 2097 uon
771 2032 846 2096 facti
870 2031 1000 2115 quaestio
1024 2032 1126 2098 fuerit.

57 2135 189 2198 Sublata
211 2136 307 2218 igitur
328 2137 541 2218 praepositione
564 2138 775 2203 scribendum:
806 2158 902 2221 quas
925 2139 1012 2203 iure
1035 2158 1128 2222 pos·

55 2260 138 2306 sem
162 2240 392 2306 defendere.
429 2243 470 2307 Et
493 2264 540 2309 res
562 2264 721 2328 genusque
745 2263 905 2310 causarum
928 2249 959 2310 ot
981 2244 1125 2328 loquendi
1182 2322 1187 2340 x

56 2366 133 2411 rasus
156 2345 338 2428 perspicitur
360 2350 411 2416 lib.
436 2350 477 2424 ΙΙ,
503 2351 571 2415 106.

159 2487 239 2552 Ibid.
280 2490 355 2552 254:
394 2489 653 2574 Quamquam,
689 2491 880 2574 quoniam
918 2492 1043 2558 multa
1079 2495 1123 2558 ud

54 2594 239 2660 oratoris
273 2594 595 2663 similitudinem
629 2599 672 2662 ab
706 2617 780 2662 uno
808 2596 977 2663 artifice
1003 2600 1129 2664 sumi·

56 2719 159 2778 mus,
192 2700 298 2765 solet
331 2702 433 2765 idern
467 2703 636 2768 Roscius
670 2703 805 2768 dicere
838 2722 894 2785 se,
933 2723 1005 2786 quo
1040 2705 1130 2787 plus

56 2808 139 2871 sibi
173 2807 310 2871 aetatis
343 2809 576 2881 accederet.
608 2827 651 2872 eo
684 2809 894 2873 tardiores
931 2809 1130 2876 tibicinis

57 2913 194 2977 modos
230 2917 268 2977 et
304 2916 446 2979 cantus
482 2914 744 2979 remissiores
782 2932 869 2978 esse
914 2915 1128 2981 facturum.

56 3018 352 3085 Manifestissimum
377 3025 424 3086 est
446 3021 538 3087 scribi
562 3021 703 3085 debuisse
726 3020 809 3101 (post
832 3017 949 3095 solet)
979 3024 1033 3084 aut
1064 3041 1127 3087 ac·

58 3126 237 3190 cesserit
269 3128 324 3191 aut
362 3129 543 3201 accedat,
582 3124 766 3192 coniunctivi
804 3126 1020 3207 imperfectum
1056 3129 1127 3192 ferri

58 3229 145 3294 nullo
169 3230 260 3296 modo
278 3251 383 3314 posse,
407 3253 505 3317 neque
533 3237 638 3298 tamen
654 3233 756 3296 minus
774 3237 890 3296 certum
907 3234 954 3297 est
970 3232 1127 3298 librarium

58 3338 118 3401 hoc
140 3355 193 3417 pro
215 3336 337 3403 illorum
362 3341 530 3404 alteroutro
553 3359 610 3403 non
634 3338 841 3403 substituisse.
889 3340 980 3404 Latet
994 3359 1129 3420 praesens

58 3448 184 3525 tempus
217 3446 303 3509 verbi
335 3447 426 3527 paulo
460 3448 561 3510 minus
591 3445 696 3508 usitati
719 3449 750 3508 et
772 3445 862 3508 simul
885 3444 970 3509 lusus
993 3446 1128 3527 quidam.

59 3552 216 3633 Scriptum
232 3553 314 3617 enim
330 3553 444 3616 fuerat:
468 3572 524 3623 ee,
547 3570 620 3634 quo
643 3551 733 3633 plus
756 3550 834 3616 sibi
858 3552 992 3615 aetatis
1016 3568 1129 3618 acce·

57 3657 186 3729 leret,
218 3677 260 3723 co
292 3659 497 3724 tardiores
530 3662 588 3722 cet.
641 3658 778 3722 AEtatem
808 3658 994 3722 submoleste
1016 3660 1131 3724 aduen-

57 3766 181 3828 tantem
203 3766 329 3830 Roscius
352 3765 445 3829 simul
468 3766 499 3828 et
522 3783 652 3846 querens
675 3763 809 3828 molliter
831 3766 865 3829 et
885 3765 993 3828 ludens
1014 3765 1128 3829 arcela·

59 3887 127 3934 rare
151 3869 228 3935 dicit
250 3873 337 3955 eique
360 3890 392 3935 se
415 3870 565 3935 celeritati
588 3870 734 3935 tarditate
757 3871 987 3935 subventurum.

165 4012 241 4077 lbid.
275 4013 350 4075 256:
389 4011 562 4094 Reliqua
594 4030 685 4076 vero
708 3997 883 4077 'etiamsi
918 4012 1128 4086 adiuvant,

58 4117 281 4181 historiam
315 4117 402 4182 dico
435 4121 474 4181 et
506 4117 762 4200 prudentiam
790 4119 892 4183 iuris
916 4118 1070 4200 publici
1093 4119 1131 4180 et

59 4223 332 4305 antiquitatis
369 4226 447 4288 iter
491 4226 529 4287 et
572 4226 842 4306 exemplorum
885 4222 1053 4304 copiam,
1098 4221 1130 4286 si

59 4328 218 4411 quando
248 4349 345 4411 opus
373 4331 468 4404 erit,
495 4350 513 4394 a
539 4329 627 4393 viro
655 4330 835 4412 optimo.
860 4379 928 4394 ...
953 4327 1131 4412 Longino

61 4436 274 4501 mutuabor
290 4438 348 4501 cet.
381 4435 581 4509 Vocabulum,
598 4436 679 4517 quod
695 4439 743 4500 est
757 4437 849 4508 iter,
868 4436 939 4500 ferri
955 4455 1020 4500 non·
1031 4454 1130 4516 posse,

60 4559 161 4624 neque
176 4561 231 4625 per
245 4561 277 4607 se
293 4561 390 4624 noque
406 4561 475 4607 curn
498 4542 768 4625 exemplorum
791 4560 833 4606 co
843 4542 907 4624 pia
926 4543 1131 4618 coniunctum,
