2656 5056
436 705 574 761 Ciceronis
593 706 738 763 orationes.
1023 705 1082 770 139

57 899 219 967 subiicitur
241 902 396 969 sententia
416 902 544 987 simplex
570 905 602 969 et
628 903 878 985 demonstrativa,
908 905 947 970 ab
976 903 1034 970 hoc
1052 904 1121 971 loco

13 1060 31 1087 ,ζ
55 1005 159 1073 aliena
180 1007 288 1086 est.)*)

4 1298 8 1300 ‚
157 1219 757 1288 ltedomoitliictnmeetiam
782 1269 951 1287 ......
973 1215 1123 1290 hostem

14 1363 18 1382 .
59 1324 336 1410 Capitolinum
362 1326 570 1411 appellare
597 1347 716 1394 ansus
744 1349 800 1408 es,
836 1331 954 1415 quod,
983 1350 1065 1395 cum
1086 1331 1125 1395 in

57 1431 266 1514 Capitolio
295 1436 478 1500 senatum
511 1433 584 1498 dno
616 1435 801 1503 consules
839 1437 1051 1515 baberent,
1082 1454 1125 1501 eo

23 1579 25 1617 :
57 1538 257 1604 venirem?
301 1539 368 1606 Hoc
400 1538 445 1606 sic
473 1539 595 1618 dicitnr,
618 1544 776 1625 tamquam
798 1525 924 1608 Clodius
946 1541 1125 1608 Ciceronem

6 1688 17 1729 3
56 1644 127 1706 tum
153 1642 264 1725 ipsum,
297 1664 367 1710 cnm
399 1646 429 1711 in
456 1647 608 1721 senatum,
639 1647 692 1729 qni
722 1647 755 1712 in
777 1647 930 1730 capitolio
953 1648 1125 1730 haberetur,

2 1796 19 1838 3
58 1749 203 1829 venisset,
224 1749 270 1816 ita
291 1751 488 1834 appellasset.
541 1752 601 1818 Sed
631 1752 736 1837 agitur
757 1752 796 1818 de
818 1754 953 1822 convicio
976 1772 1072 1837 nuper
1093 1755 1125 1818 in

8 1941 18 1944 ,
56 1854 233 1921 Ciceronem
266 1859 305 1924 ab
337 1857 444 1924 Clodio
479 1859 627 1924 coniecto.
684 1859 794 1943 ltaque
829 1858 1023 1926 scribendum
1061 1858 1124 1923 est:

16 2013 19 2019 .
58 1962 162 2045 qnod
186 2008 291 2025 .....
314 1963 467 2030 venerim.
491 1965 633 2048 (thoptar
648 1964 777 2031 eandem
794 1985 915 2032 causum
932 1950 963 2031 in
980 1963 1125 2050 proximis

57 2069 162 2134 uerbis
183 2071 336 2135 retentum
358 2071 502 2152 oportuit,
530 2074 567 2136 ut
594 2088 676 2137 nunc
698 2070 787 2137 video
809 2073 917 2139 fecisse
939 2072 1124 2157 Kapscrum,

55 2176 234 2255 venisse,
268 2194 322 2260 pru
354 2195 415 2259 quo
447 2177 478 2242 in
508 2177 603 2242 Pest
624 2177 817 2253 venistis,
840 2197 900 2244 non
921 2178 1124 2268 substitutum

15 2332 18 2338 ,
55 2281 220 2360 venire.)

160 2448 238 2514 lbid.
252 2449 307 2514 18:
331 2447 427 2514 Num
447 2448 577 2533 igitur
598 2453 634 2517 in
658 2451 728 2517 hoc
750 2449 910 2530 officio,
933 2451 1127 2535 qnodlnit

57 2554 260 2638 praecipne
283 2574 424 2632 meum,
452 2557 660 2622 sententia
682 2576 765 2623 mea
787 2557 1125 2640 reprehenditur?

58 2661 153 2726 Rem
182 2661 387 2726 maximam
417 2660 545 2728 luisse
566 2665 763 2746 (potuisse
786 2663 824 2739 Ρ)
846 2664 986 2728 summi
1016 2662 1128 2746 peria

59 2766 145 2832 culi
179 2785 252 2832 non
286 2766 413 2833 solum
448 2786 466 2833 a
498 2767 616 2841 lame,
647 2767 715 2834 sed
738 2767 1043 2844 etiamncaede,
1065 2770 1126 2834 in·

60 2873 236 2963 saudim,
264 2873 480 2947 vastitate,
508 2893 619 2941 nemo
649 2877 770 2957 negat
795 2875 853 2939 cet.
897 2875 974 2940 Post
995 2874 1124 2941 tuisse

59 2996 160 3061 nuper
180 2998 197 3044 e
218 2978 415 3046 Mommsenii
437 2980 611 3046 coniectura
631 2979 773 3045 additum
796 2980 846 3045 ost
866 2981 921 3058 et,
952 2982 1001 3045 vix
1025 2981 1127 3046 occul·

57 3088 138 3162 tato,
167 3085 281 3151 nedum
312 3085 432 3151 subluto
462 3087 588 3164 mendo;
614 3087 688 3170 qnid
711 3091 759 3152 est
780 3086 860 3151 enim
884 3086 950 3166 buc,
972 3086 1127 3152 neminem

59 3210 277 3276 nogaretum
300 3194 506 3259 maximam
523 3192 665 3259 fuisseet
686 3213 763 3258 rem
787 3193 929 3259 summi
950 3192 1127 3276 periculi

57 3318 79 3365 a
101 3299 226 3363 tame?
269 3298 360 3364 lirror
387 3303 473 3365 ortus
501 3299 624 3365 uidetur
645 3318 682 3365 ex
702 3317 849 3366 concursu
870 3299 1020 3365 similium
1042 3298 1128 3365 litte·

59 3422 167 3471 rarnm
199 3424 267 3471 cnm
302 3405 517 3473 terminatione
549 3406 635 3472 verbi
667 3405 868 3488 precedentis
896 3404 1126 3488 (reprehen-

55 3509 187 3588 ditur)
199 3512 408 3596 soriptnmqne
423 3511 533 3578 luisse:
550 3512 800 3595 <lerro>rem
814 3511 984 3578 maximnm
999 3512 1129 3578 fnisse

57 3617 206 3684 summi
228 3618 412 3702 periculi.
462 3619 507 3685 Ex
526 3620 712 3703 potuisse
735 3619 863 3684 tortasse
884 3616 1058 3683 laciendum
1081 3623 1129 3685 est

54 3850 296 3861 ,-.----.

115 3981 178 4051 *25
203 3982 237 4036 16
260 3990 334 4037 recte
357 3997 421 4049 me,
448 3979 522 4049 qnod
549 3980 577 4033 in
604 3977 744 4035 codicibus
769 3985 832 4047 post
858 3984 924 4033 tum
953 3977 1069 4046 additur,
1090 3982 1130 4033 'ex

164 4081 304 4143 postrema
321 4076 381 4131 eins
399 4073 541 4145 particulae
559 4074 653 4129 littera
671 4079 768 4140 ortum,
787 4088 805 4127 a
821 4071 960 4142 prioribus
979 4069 1129 4126 editoribus

165 4169 302 4224 sublatum
322 4183 391 4235 esse,
413 4167 573 4237 pravissime
592 4182 609 4221 a
627 4166 825 4223 recentioribus
844 4165 963 4222 deletum
982 4179 1042 4220 ease
1060 4180 1130 4229 ros,

165 4263 207 4318 vel
235 4262 309 4318 solus
336 4263 480 4317 verborum
506 4259 574 4315 ordo
602 4259 729 4327 ostendit,
755 4276 816 4315 cum
839 4258 995 4315 necessario
1020 4258 1129 4313 coniuu-
1187 4308 1189 4311 .

164 4363 267 4425 panum
283 4356 355 4411 brec:
375 4362 441 4410 tum
459 4355 491 4409 in
509 4352 698 4424 perorando
717 4353 845 4422 posuit,
864 4351 1010 4408 sedmulto
1027 4351 1130 4407 elarius

166 4449 316 4518 sententia;
335 4448 436 4504 dicitur
452 4448 532 4514 eninr,
545 4454 664 4516 quantus
683 4446 802 4502 omnium
821 4460 971 4502 consensus
988 4445 1016 4500 in
1027 4446 1130 4515 populo

165 4557 214 4610 pro
237 4540 366 4597 Cicerone
384 4539 505 4609 rogando
523 4538 614 4595 irrorit.
