2662 5062
395 109 425 162 L.
445 108 544 164 Seneca
562 111 669 178 quaett.
687 60 775 162 enstorf
1018 108 1079 169 457
1130 117 1134 123 ’

60 311 127 387 olii:
151 309 221 375 edd.
244 308 391 373 diuisus
414 306 466 373 sit
487 325 556 371 rrec
575 292 683 381 hauc)
701 322 813 368 uuam
836 303 991 372 deterat
1013 309 1123 373 semi·

59 420 144 481 tam.
190 415 349 480 Efficitur:
375 414 417 476 ut
445 414 484 476 in
503 411 635 476 multa
662 407 815 493 itinerq
838 409 988 479 diuisus
1015 415 1122 477 micet

61 541 125 587 neo
148 540 262 586 unam
285 519 436 584 deterat
457 517 643 582 semitam.

162 626 229 691 Ibd.
254 625 304 699 25,
327 623 346 685 6
368 623 454 704 (uam
476 623 514 688 de
536 621 556 708 ξ
579 622 597 683 2
619 620 761 685 dirivol.
784 622 799 685 Ι
821 642 850 703 p.
874 623 993 701 capsis
1017 626 1121 690 scribi-

58 734 123 798 tur:
155 732 184 796 N
193 750 237 796 ou
259 731 354 795 licet
375 733 480 795 staro
502 727 727 794 celestibus
750 730 981 815 necesarii:
1009 731 1122 813 prod·

59 841 151 903 ouut
185 836 326 913 omnia,
359 838 400 900 ut
432 835 554 901 semel
582 833 823 909 missasunt,
856 833 1009 899 radunt.
1054 835 1122 901 Non

60 944 171 1009 dicitur
177 941 306 1027 prodire
326 959 380 1024 pro
402 958 446 1013 eo,
469 939 550 1023 quod
573 939 622 1003 ost
643 936 804 1020 procedere
826 937 939 1015 stirs:
968 939 1121 1017 vadunt,

59 1051 93 1114 ut
123 1066 205 1112 nuuc
234 1050 292 1121 est,
324 1065 447 1130 prorsus
481 1045 589 1110 vitiose
623 1044 845 1125 superponitur.
889 1044 1004 1111 Seneca
1025 1048 1120 1123 scrip·

58 1155 156 1218 serat:
176 1162 376 1236 proteruus,
399 1154 440 1216 ut
462 1149 583 1215 semel
605 1149 728 1213 missa
748 1152 851 1221 sunt,
878 1150 1027 1218 vadunt
1050 1163 1120 1226 (uuo

58 1263 88 1323 ot
121 1276 181 1322 non
215 1257 384 1339 interrupto
425 1259 551 1333 tenore).
606 1253 641 1318 Id
677 1253 858 1318 uocabulum
904 1257 997 1322 etiam
1042 1258 1122 1340 apud

59 1362 195 1428 Gellium
225 1362 328 1438 XVII,
363 1361 399 1438 8,
435 1362 454 1424 5
488 1360 635 1425 ascribis
664 1360 818 1422 mutatum
841 1359 1041 1426 videbimuss
1065 1362 1121 1428 Se-

59 1472 194 1552 quuntur
226 1470 246 1548 5
280 1468 352 1532 uir
385 1468 446 1532 fine
468 1467 576 1550 capitis
594 1464 712 1529 >osuin
735 1463 904 1530 codicibus:
948 1467 1036 1532 Erit
1055 1470 1122 1551 qui

59 1573 304 1639 demonstret
331 1572 549 1656 aliquando,
586 1570 730 1654 quibus
758 1571 911 1636 cometae
942 1575 1121 1655 partibus

57 1679 231 1755 currant,
264 1697 346 1743 cum
376 1682 451 1744 tarn
480 1677 634 1744 seducti
664 1693 682 1739 a
709 1677 852 1740 ceteris
876 1682 983 1744 erret
1005 1682 1060 1760 (sic
1084 1682 1118 1757 Ε,

56 1802 95 1847 m.
119 1782 139 1844 2
163 1784 286 1857 errat:
320 1782 400 1859 Coi,
424 1782 450 1847 P
471 1783 506 1847 4:
541 1785 673 1846 errent
701 1799 782 1845 cum
806 1784 880 1847 tarn
904 1785 1073 1864 seducti,
1097 1788 1122 1851 B

57 1888 217 1954 currant
250 1906 332 1953 cum
364 1891 440 1953 tarn
479 1887 641 1952 seducta
669 1886 816 1951 ceteris
847 1894 958 1967 eant),
991 1895 1123 1973 quanti

57 1994 269 2078 qualesque
299 1993 390 2059 siut.
438 1993 507 2059 Nou
530 1994 613 2058 recte
635 1992 666 2057 h.
687 1994 708 2058 1.
730 2012 748 2058 a
770 2013 861 2059 cursu
883 2013 965 2059 error
989 1998 1122 2077 separari

57 2101 187 2166 videtur.
223 2100 368 2165 Fortasse
388 2099 505 2165 Seneca
520 2098 660 2182 scripsit:
682 2099 774 2177 Erit,
797 2101 860 2183 qui
882 2099 1123 2167 demonstret

56 2204 287 2289 aliquando,
320 2206 454 2288 quibus
477 2207 638 2271 cometae
660 2205 842 2287 partibus
865 2196 1034 2282 currant,
1056 2225 1123 2272 cur

57 2312 116 2395 (sio
145 2311 305 2391 ium-alii)
340 2315 415 2376 tam
444 2311 598 2376 seducti
638 2329 656 2375 a
688 2310 849 2388 ceteris,
882 2322 1121 2396 coercetque,

57 2417 198 2501 quanti
219 2416 433 2499 qualesque
455 2418 543 2482 sint.
588 2414 676 2496 (Quo
699 2416 840 2482 Geertrio
862 2417 1012 2496 debetur.)

160 2522 227 2587 Ibd.
253 2520 308 2599 28,
342 2523 361 2583 2
391 2541 407 2586 e
435 2523 460 2585 B
484 2523 694 2588 scribendum:
732 2522 801 2587 scd
834 2522 975 2588 habere
1011 2542 1123 2606 repo·

57 2630 140 2694 sits
162 2632 202 2694 et
224 2628 510 2712 comprehensa
532 2634 784 2710 (comprensa,
815 2646 868 2712 pro
890 2635 1122 2712 compressa)

56 2722 221 2820 legibus
244 2731 388 2797 muudi.
437 2732 523 2797 Idem
547 2732 688 2799 Koelerus
712 2734 834 2817 assequi
856 2733 995 2799 volueret
1019 2753 1123 2819 cour-

58 2841 172 2924 plexa
194 2837 364 2903 scribendo.

161 2943 221 3026 (De
243 2962 269 3008 o.
293 2941 343 3020 30,
366 2944 385 3006 5
410 2943 525 3008 dictum
550 2946 597 3010 est
620 2945 676 3011 vol.
701 2943 716 3006 Ι
743 2965 772 3026 p.
802 2943 856 3018 393
878 2942 932 3009 sed
955 2944 1009 3010 eir.
1033 2963 1124 3028 supra

57 3071 85 3134 p.
109 3049 173 3112 338
197 3068 225 3112 n.
252 3050 292 3132 1.)

160 3154 228 3220 Ibd.
263 3153 314 3230 31,
352 3154 387 3219 2:
432 3127 593 3221 Color'es
636 3155 882 3222 meretricios
929 3155 1124 3219 matronis

56 3259 216 3344 quidem
257 3278 331 3323 nou
374 3260 589 3326 induendos
636 3260 711 3324 viri
754 3261 952 3326 sumimus.
1010 3259 1125 3325 Seneca

58 3367 242 3448 scripserat:
275 3383 318 3430 no
338 3343 530 3430 matronis
561 3363 714 3447 quidem
745 3364 979 3438 induendos:
1012 3366 1125 3430 omisso

59 3491 106 3536 ne
130 3470 270 3535 additum
294 3472 443 3535 estnon.
483 3470 557 3547 (Cir.
581 3470 709 3534 adVell.
725 3471 841 3547 Peon,
865 3469 914 3547 864
938 3469 997 3554 ep.
1011 3469 1071 3533 307
1084 3477 1126 3545 n.)

62 3576 162 3642 Paulo
184 3579 263 3658 post,
286 3576 338 3640 ubi
361 3577 391 3640 in
414 3578 439 3642 E
463 3579 525 3641 est:
559 3576 656 3641 alius
677 3576 714 3640 in
737 3577 956 3642 obscoenam
979 3578 1124 3658 partem

57 3681 147 3747 ludi
180 3681 285 3766 fugit
317 3685 354 3747 et
384 3682 536 3748 locatus
564 3682 610 3748 ed
637 3687 798 3754 mortem
823 3681 1126 3747 iniamearma·

56 3793 138 3865 tur,
172 3806 231 3851 uon
253 3788 355 3872 agitur
378 3788 414 3853 de
437 3789 600 3868 armando,
634 3791 665 3854 in
689 3808 747 3873 quo
780 3791 864 3855 nulla
888 3788 1042 3853 virilitatis
1064 3787 1127 3853 iac-

55 3898 130 3960 tura
155 3895 212 3973 est¹
236 3913 334 3978 nequo
367 3895 458 3959 dese
482 3894 519 3958 ad
542 3899 673 3960 mortem
697 3895 831 3970 locando,
866 3894 921 3959 sed
944 3893 981 3958 de
1003 3895 1126 3977 pathice
