2654 5010
244 226 305 290 m
606 218 877 290 mmmm

206 423 353 489 deinde
375 421 486 486 leues
507 421 754 492 armaturas,
781 421 876 500 post
903 416 1160 482 iaculatores
1177 413 1252 478 nlti-

207 548 370 612 masque
405 523 661 592 subsidiales
696 522 822 601 acies,
871 523 908 588 ei
951 522 1043 588 fors
1086 520 1285 605 adegerit„

208 639 440 707 iuraturus,
462 632 522 698 ita
552 629 788 713 prepositis
809 631 975 696 urbauae
1009 628 1259 694 familiaesuu·

209 759 343 826 peuaae
378 736 666 823 digerentibus
702 736 910 811 sollicite,
958 755 1064 819 quos
1107 735 1260 818 insigues

213 848 370 914 iaciunt
408 845 529 927 virgae
564 842 745 909 dexteris
782 846 950 927 aptatae,
982 842 1104 907 velut
1135 843 1265 905 tessera

214 955 307 1020 data
349 948 553 1016 castrensi
596 949 707 1013 iuxta
742 946 925 1013 vehiculi
962 949 1146 1014 frontem
1181 963 1268 1010 omne

213 1057 436 1125 textrinum
466 1055 627 1120 incedit
653 1058 710 1119 cet.
760 1053 839 1119 Cum
869 1052 1012 1119 exercitu
1035 1055 1187 1120 instructo
1206 1070 1269 1116 com

214 1168 340 1248 paretur
355 1162 518 1227 seruitium
533 1161 681 1227 urbanum
698 1162 868 1245 generatim
881 1159 1078 1242 dispositum
1093 1162 1127 1226 et
1140 1158 1271 1225 incedens

215 1272 420 1352 Suspensa
441 1267 562 1333 familia
584 1287 638 1334 cur
659 1266 840 1351 appelletur,
860 1284 920 1332 uon
944 1267 1150 1351 intelligitur.
1192 1263 1274 1328 liaui-

214 1378 333 1443 iestum
347 1378 395 1440 est
410 1372 577 1440 desiderari
588 1373 856 1458 significationem,
872 1373 949 1456 quid
964 1372 1116 1458 digerunt
1130 1368 1275 1454 praepediti

218 1481 436 1549 scribendum:
474 1482 533 1546 ita
567 1478 801 1563 prepositis
833 1481 995 1545 urbanae
1032 1478 1201 1546 familie
1232 1493 1277 1541 ara

217 1607 321 1675 pensu
343 1586 630 1672 digerentibus
652 1586 847 1652 sollicite.
1320 1567 1321 1572 ¹

321 1717 400 1784 Ibid.
424 1718 453 1796 7,
474 1718 509 1782 5:
532 1716 675 1783 Gallus
697 1762 861 1778 ......
883 1713 1147 1780 consularem
1171 1710 1277 1796 Spriu

221 1823 493 1906 Theophilum
522 1841 644 1905 prope
673 1824 874 1889 astantem
907 1821 1061 1885 ultima
1095 1816 1278 1885 metuenti

221 1927 485 1994 multitudini
506 1928 620 1994 dedit
642 1922 750 2006 (codex
775 1929 940 1994 Vaticanus
964 1925 1119 2005 dediti)
1141 1923 1280 1991 assidue

222 2035 478 2117 replicando,
508 2036 607 2119 quod
639 2036 771 2101 invito
803 2040 963 2101 rectore
1000 2032 1147 2099 nullus
1178 2047 1280 2116 egero

221 2142 353 2222 poteri
363 2143 383 2226 t
399 2141 519 2207 victu.
555 2140 756 2208 scribendum
772 2142 891 2207 videtur
903 2137 1030 2206 dedidit
1041 2140 1096 2216 (ut
1110 2138 1280 2222 supplicium

224 2245 262 2310 de
285 2265 320 2312 eo
343 2250 481 2312 sumeret
503 2249 678 2327 multitudo,
702 2254 736 2314 ut
757 2246 933 2326 ostendunt,
955 2264 1027 2330 quae
1049 2246 1240 2329 sequuntur).

325 2388 402 2454 lbid.
428 2388 477 2463 10,
502 2388 540 2450 12
562 2391 605 2466 (in
628 2389 765 2456 oratione
780 2387 951 2455 Constantii
969 2385 1200 2470 imperatorio:
1220 2384 1282 2450 Pro

225 2512 295 2560 suo
317 2496 420 2560 enim
443 2495 530 2561 loco
553 2500 591 2562 et
612 2496 742 2561 auimo
769 2496 939 2579 quisque
969 2496 1154 2560 vestrum
1176 2510 1282 2574 repu-

223 2603 314 2668 tans
337 2602 377 2666 id
398 2603 583 2668 inveniet
602 2621 753 2680 rerum,
772 2600 1005 2686 quodmiles
1022 2600 1282 2684 ubique...so

225 2708 351 2774 solum
375 2710 581 2792 vitamque
612 2710 812 2793 propriam
839 2706 1132 2790 circumspicit
1160 2711 1199 2770 et
1222 2702 1281 2767 de·

226 2814 375 2892 fundit,
408 2816 630 2898 imperator
661 2832 754 2881 uero
786 2813 1020 2878 officiorum
1055 2812 1145 2877 dum
1178 2808 1279 2894 equis

226 2922 410 2987 omnibus
435 2922 578 2988 alieuae
607 2924 747 2987 custos
768 2920 917 2985 salutis
940 2918 1048 2983 nihil
1071 2938 1146 2983 non
1168 2917 1214 2983 ad
1233 2914 1281 2980 sni

225 3030 412 3109 spectare
433 3027 604 3094 tutelam
629 3027 736 3092 ratio
759 3071 864 3091 .....
887 3025 1012 3101 (lacuna
1039 3026 1080 3088 25
1106 3024 1281 3096 litter-amm)

225 3136 264 3197 et
288 3134 465 3201 remedia
486 3140 645 3209 cuncta,
675 3151 758 3216 que
786 3136 921 3198 status
945 3130 1204 3213 negotiorum
1223 3127 1284 3193 ad·

226 3308 310 3313 —.
322 3306 458 3314 -——-———

326 3407 400 3461 nuda
427 3405 627 3476 interpolarent
655 3404 740 3474 magia
769 3416 850 3472 quum
878 3398 1070 3467 emendarunt,
1097 3406 1194 3454 nostra
1214 3403 1286 3451 etate

327 3499 449 3556 codicum
467 3498 726 3568 manuscriptorum
745 3494 866 3554 subsidia
884 3493 995 3563 egregia
1013 3499 1116 3563 paratu
1133 3499 1206 3558 sunt,
1222 3489 1286 3544 Vati·

296 3646 299 3651 .
328 3595 386 3649 cani
416 3595 531 3655 maxime
565 3601 594 3649 et
626 3592 743 3656 Petriui;
777 3587 957 3667 subsidiorum
984 3587 1178 3656 prestantium
1203 3596 1287 3654 parum

327 3694 471 3757 aequarunt
489 3682 624 3742 editorum
642 3687 778 3756 ingenium
797 3690 825 3739 et
841 3681 968 3737 iudicium
980 3679 1173 3749 oradoniaqne
1184 3673 1288 3745 turgide

327 3790 356 3835 en
372 3780 449 3846 mire,
467 3780 517 3836 sed
536 3796 597 3835 cum
620 3781 712 3849 aliqua
735 3776 842 3834 artificii
864 3773 1021 3830 constantia
1043 3779 1182 3828 contortse
1202 3767 1288 3824 iutelli-

327 3874 427 3942 genuia‚
455 3873 553 3943 quibua
580 3890 650 3943 opus
678 3878 739 3927 erat
766 3870 801 3925 ed
826 3867 948 3923 eruenda
965 3882 1008 3933 oa,
1027 3881 1091 3935 quse
1110 3866 1229 3920 laterent
1244 3859 1288 3916 sub

326 3968 476 4022 litterarum
506 3965 628 4035 vestigiis
657 3966 724 4021 satis
752 3962 904 4030 tenacibus,
926 3960 977 4016 nisi
998 3959 1047 4014 nbi
1066 3958 1156 4013 errori
1174 3955 1292 4012 adunus

326 4067 369 4114 est
387 4059 504 4115 omissio.
