2626 5070
360 703 391 759 L.
412 704 504 762 eene.
522 704 556 759 ad
574 705 710 760 Martiam.
964 705 1025 769 349

25 899 85 965 Dua
104 906 266 984 pontremae
287 919 378 966 voees
410 901 449 966 ob
471 901 644 966 litterarum
675 903 733 967 vie
760 905 791 966 et
813 903 865 968 rie
888 905 1068 972 similitudi·

24 1023 80 1070 nen
104 1008 240 1072 mnfiatae
273 1007 304 1070 in
336 1025 430 1071 unam
463 1008 543 1072 eunt.
598 1007 716 1073 Deinde
745 1012 816 1091 poet
845 1011 898 1077 illa
913 1014 950 1091 ,ξ
980 1011 1008 1086 2,
1029 1011 1066 1076 de

24 1113 197 1192 quibuedixi
214 1132 313 1195 supra
332 1132 362 1194 p.
384 1110 456 1184 343,
489 1116 521 1176 et
542 1113 634 1177 aliam
657 1114 841 1179 sententiam
863 1136 881 1180 a
903 1118 1066 1197 superiori-

24 1214 69 1281 bm
86 1218 290 1291 emendatam,
300 1219 325 1298 ¹)
345 1218 363 1300 ξ
385 1216 405 1280 3
427 1217 471 1282 eie
492 1217 712 1302 interrogatur:
735 1219 832 1296 Quid
854 1226 914 1286 est
936 1221 1068 1287 homo?

24 1323 279 1406 mrpondeturque:
309 1323 519 1400 Quodlibet
540 1342 724 1406 quassum
747 1342 812 1388 vae
835 1331 872 1391 et
893 1327 1069 1408 quolibet

26 1427 144 1512 fragile
179 1430 345 1502 iactatu,
382 1429 480 1511 plane,
527 1430 554 1495 ei
585 1429 738 1504 attendas,
772 1431 910 1495 ridicule.
966 1431 1067 1498 Homo

26 1533 91 1598 erim
112 1552 165 1600 uae
193 1539 252 1609 eet,
282 1552 342 1599 uon
364 1535 523 1617 quodlibet
556 1553 620 1611 vae,
651 1553 708 1599 neo
739 1554 885 1618 quassum
916 1555 979 1609 ree,
1012 1536 1067 1601 eed

26 1637 88 1717 qnod
108 1641 192 1722 quati
213 1642 246 1704 et
266 1639 366 1723 frangi
387 1639 477 1705 facile
506 1641 610 1722 poeeit.
666 1640 820 1726 Apparet,
843 1641 1065 1722 quodlibet,

27 1745 94 1808 utin
116 1745 211 1810 altero
233 1746 374 1811 membro
397 1747 507 1828 (quoi.
531 1747 708 1822 iactatu),
730 1746 776 1836 sie
799 1747 891 1811 etiam
914 1747 946 1810 in
968 1746 1068 1829 priore

27 1865 72 1913 nun
91 1850 127 1916 ad
149 1852 250 1935 ipsum
285 1870 349 1927 rae,
381 1852 436 1917 sed
458 1851 497 1915 ad
523 1852 622 1916 levem
645 1851 711 1916 eins
733 1851 919 1916 dissolvendi
941 1869 1065 1916 oausam

28 1958 165 2033 pertinere.
213 1955 328 2022 Omnes
349 1957 455 2022 turbae
478 1956 563 2022 dedit
584 1956 738 2022 ablativus
760 1956 932 2021 adiectione
953 1957 1065 2022 litterae

27 2080 49 2120 n
67 2062 161 2128 finalis
183 2063 215 2126 in
230 2062 426 2146 participium
449 2066 587 2127 mutatus
609 2060 701 2127 etad
723 2078 787 2126 rae
810 2061 1065 2128 aeoommodatue.

27 2163 175 2250 Sonipeemt
196 2167 280 2233 enim
304 2167 435 2233 Seneca:
486 2164 660 2244 Quolibet
680 2187 819 2250 quareo
841 2185 903 2230 uae
926 2170 958 2232 et
980 2186 1068 2250 quo·

26 2267 105 2338 libet
124 2273 266 2356 fragile
295 2273 459 2351 iactatu,
496 2273 656 2356 aptissime
678 2272 848 2337 coniunctis
870 2291 1014 2355 quassu
1037 2276 1071 2340 et

25 2373 164 2444 laetatu.
220 2378 267 2455 (Si
301 2398 393 2462 quem
423 2384 547 2445 movent
578 2380 608 2442 in
631 2396 663 2441 re
686 2376 899 2461 amplificanda
920 2379 1071 2454 voeabula

27 2487 147 2564 separatu
170 2462 207 2547 et'
223 2486 368 2558 traiecta,
401 2489 558 2568 comparet
581 2484 618 2547 de
643 2483 697 2548 vit.
720 2483 748 2548 b.
772 2483 824 2558 26,
847 2483 883 2547 8:
921 2483 1069 2548 laurum

26 2583 200 2669 linteatus
243 2609 358 2655 senex
401 2595 438 2655 et
478 2589 602 2655 medio
644 2588 837 2655 lucernam
882 2589 940 2653 die
977 2608 1069 2670 pree·

26 2690 153 2770 serens.)
200 2695 279 2760 Tum
304 2697 354 2760 ubi
376 2697 407 2760 in
430 2699 459 2760 A
481 2699 543 2761 eet:
576 2694 761 2759 alimenta
793 2699 1067 2773 metuenseua,

26 2815 162 2877 quorum
199 2801 349 2865 modum
385 2802 422 2865 in
457 2801 585 2883 inopia
618 2801 822 2882 rumpitur,
864 2805 994 2882 apparet
1029 2800 1066 2863 ad

25 2898 83 2969 banc
104 2908 233 2971 formem
256 2906 403 2972 Senecam
435 2908 610 2989 eeripsieee:
644 2925 803 2988 quorum
837 2905 948 2971 modo
978 2906 1065 2970 ino·

26 3009 74 3085 pia
93 3011 349 3094 [antennarum
372 3014 479 3076 modo
501 3011 624 3096 eopia]
647 3011 855 3094 rumpitur·;
886 3030 941 3075 neo
964 3013 1067 3076 fenea

26 3118 208 3196 superioribus
231 3118 404 3184 dubitatum
427 3123 502 3191 erat,
535 3118 607 3201 quin
633 3117 726 3200 oopiae
747 3115 865 3183 mentio
889 3116 1066 3191 exeidieeet;

26 3219 52 3282 rd
70 3241 134 3287 eam
157 3213 333 3289 necessario.
350 3224 542 3306 rumpitur
565 3224 707 3305 pertinet.
763 3221 891 3299 (Ooulue
913 3221 1065 3287 alitteris

25 3327 90 3405 epia
110 3330 147 3392 ad
171 3329 297 3394 eaedem
318 3331 350 3393 in
373 3331 479 3413 eopia
503 3328 671 3404 transiliit.)
726 3327 902 3411 Sequuntur
924 3328 956 3403 (3
977 3332 1009 3393 et
1028 3327 1065 3408 4)

23 3425 1064 3519 mozanxiaeeollieitaequetutelae(eorpuehoeeetmnimel),

21 3542 169 3613 precarii
209 3541 377 3625 spiritus
413 3547 452 3607 et
477 3541 576 3605 mule
609 3540 807 3618 haerentie,
840 3558 1065 3623 queparum

21 3649 245 3726 repentinum
269 3637 412 3731 audiet
443 3650 480 3712 et
510 3647 720 3729 improviso
745 3646 875 3711 ‘eonne
905 3644 1064 3710 auribus

21 3753 131 3829 gravis
179 3756 336 3821 excutit.
387 3755 437 3820 Sin
478 3755 560 3818 euim
602 3753 669 3817 haeo
713 3754 848 3817 extrema
892 3752 978 3831 (iude
1023 3751 1063 3816 ab

21 3971 197 3986 “ww—w*-

31 4144 49 4209 ¹)
68 4137 596 4198 Reateeuimindeabluretoedebotnr:
615 4138 681 4193 Hoc
698 4137 797 4191 iubet
822 4135 1064 4207 illaPythioie

69 4235 223 4289 ora‘onlin
249 4232 427 4303 adeeripta
454 4247 528 4287 ror:
560 4231 669 4286 Noeee
702 4233 743 4285 te.
790 4229 859 4283 Nam
892 4246 978 4299 neque
1002 4247 1062 4286 uox

68 4328 161 4383 abew
179 4330 275 4397 potent,
295 4325 367 4396 quod
384 4330 448 4380 ante
468 4340 527 4379 non
544 4322 659 4384 excidit,
686 4337 771 4391 neque
795 4322 877 4377 verbo
896 4339 984 4380 oerore
1001 4341 1063 4394 poe·

67 4436 169 4483 rumne,
196 4419 268 4489 quod
294 4435 353 4473 oum
373 4420 424 4473 uid.
443 4420 636 4473 commutatum
654 4418 695 4470 eet
718 4415 785 4481 (rid.
805 4415 933 4472 Garatom
954 4418 987 4473 ad
1007 4417 1062 4473 Cio.

64 4531 115 4586 pro
134 4513 224 4568 Plano
244 4518 286 4576 30,
308 4515 361 4580 m).
