2678 5018
540 601 677 662 Horatius.
917 638 932 677 ,
1056 598 1096 667 55

74 806 156 868 recte
181 802 247 867 haec
272 800 514 887 coniunguntur:
539 801 706 887 negligens,
718 822 811 886 parce
845 822 979 864 cenae·
1016 800 1139 867 Tollen·

73 910 146 974 dum
169 912 219 995 est
240 927 375 981 comma,
405 911 442 973 ut
473 908 631 993 negligens
665 910 697 972 et
728 907 897 974 incuriosus
918 907 984 990 ipse
1005 907 1136 989 populus

76 1015 205 1091 dicatur,
242 1012 295 1098 qni
328 1031 371 1077 ne
401 1013 455 1077 illa
475 1013 543 1095 ipsa
566 1014 754 1099 negligentia
782 1013 884 1097 aliqua
903 1012 935 1077 in
957 1032 989 1078 re
1010 1013 1137 1093 laboret,

76 1121 168 1186 nimis
190 1136 299 1186 carere
321 1101 637 1202 Maeoenatem'poeta
657 1138 719 1185 nou
740 1120 816 1184 vult
1242 1206 1244 1210 v

174 1226 277 1291 Carm.
310 1225 367 1298 ΙΙΙ,
405 1226 453 1300 14,
490 1209 529 1287 10
561 1224 674 1290 frustra
703 1225 907 1290 defenduntur
933 1243 1004 1290 cum
1033 1223 1136 1309 pueris

79 1334 248 1399 coniunctae
265 1329 380 1416 puolo
401 1331 466 1390 iam
485 1330 585 1391 virum
607 1341 752 1419 ceperim
798 1331 931 1410 Excidit,
963 1350 1031 1415 quae
1062 1329 1137 1396 alibi

78 1458 196 1523 quoque
219 1439 250 1502 in
272 1438 333 1502 fine
355 1454 460 1501 versus
481 1420 594 1501 omissa
616 1438 673 1512 est,
696 1448 723 1499 et
742 1438 892 1522 particula
911 1437 987 1521 (ipse
1003 1435 1136 1520 Vergilio

77 1546 197 1611 restitui
225 1543 297 1608 AEn.
318 1544 378 1617 Vl,
411 1541 469 1605 601
476 1554 505 1616 l:

557 1666 622 1723 uos,
644 1667 661 1713 o
683 1651 768 1731 pueri
790 1652 821 1715 et
845 1649 953 1733 puellae
975 1655 1003 1708 et

246 1757 309 1821 inm
331 1755 430 1820 uirum
452 1756 593 1838 experta,
617 1757 674 1819 cet.

77 1861 242 1927 llatronas‘
258 1864 348 1946 poeta
369 1861 515 1945 adiungit.

176 1969 279 2034 Carm.
313 1967 406 2033 seonl.
440 1966 490 2031 65.
542 1966 739 2032 nliemssina
777 1952 826 2031 est
866 1966 905 2031 eb
942 1984 978 2031 ea
1011 1984 1084 2048 spe«
1104 1968 1136 2031 et

75 2066 272 2147 confidentia,
304 2094 364 2159 qna
384 2076 475 2158 poeta
507 2073 612 2140 omnia
642 2073 706 2138 iam
737 2072 838 2139 fausta
864 2074 1039 2157 auguratur,
1062 2089 1135 2136 con-

75 2181 203 2247 dicionis
230 2182 262 2245 in
284 2183 350 2247 solo
383 2180 523 2264 Apolline
545 2183 577 2245 et
601 2179 800 2245 dubitationis
833 2176 1025 2263 significatio,
1049 2196 1136 2243 max·

73 2289 136 2353 inre
176 2288 209 2352 in
228 2288 454 2365 Palatinarum
489 2305 611 2351 ararum
642 2287 804 2352 mentione.
861 2285 1030 2370 Scripserat
1068 2285 1135 2351 sine

72 2393 166 2460 dubio
188 2393 356 2459 Horatius:
544 2463 545 2467 ,
745 2430 749 2435 -

190 2499 275 2567 ‚Hie
295 2500 364 2582 (pro
384 2499 424 2583 a)
446 2499 602 2565 Palatinas
624 2499 709 2564 videt
729 2515 832 2581 aeqnus
853 2515 932 2562 aras.

174 2606 271 2689 Epod.
294 2607 319 2679 Ι,
342 2605 398 2669 29:

275 2712 341 2777 Nec
363 2714 400 2800 ut
421 2711 543 2795 superni
564 2710 637 2776 villa
661 2709 795 2776 candens
817 2708 941 2775 Tusculi

377 2817 491 2883 crrcaea
512 2818 621 2901 tangat
641 2816 764 2881 rnoeuia.
855 2847 858 2851 >

173 2922 271 2988 Recte
305 2923 461 2989 Bentleius
495 2923 655 3001 intellexit,
677 2941 736 2988 non
757 2940 848 3005 posse
869 2920 976 2986 urbem
997 2918 1132 3001 aliquam

73 3030 214 3094 absolute
247 3030 395 3112 appellari
424 3051 596 3114 supernam,
631 3030 686 3094 hoc
708 3031 766 3104 est
797 3028 828 3092 in
862 3025 1016 3110 superiore
1044 3025 1132 3107 parte

71 3135 236 3200 iacemem.
280 3137 395 3201 Verum
418 3156 478 3201 non
499 3136 602 3221 supini
626 3133 827 3208 scribendum,
849 3132 929 3217 qnod
949 3131 991 3212 ad·
1009 3131 1133 3197 Tusculi

72 3242 168 3306 situm
192 3260 252 3307 non
273 3247 357 3308 recte
378 3242 520 3308 aTibure
540 3243 733 3318 transiertm,
754 3240 808 3306 sed
831 3259 848 3305 e
870 3237 1023 3304 codicibus
1044 3236 1132 3303 bonis

71 3356 105 3434 ly
133 3352 166 3414 et
190 3374 215 3413 π
249 3349 330 3431 apud
351 3349 537 3423 Heliorum,
573 3367 634 3414 sec.
661 3348 707 3413 XI
731 3348 762 3412 et
794 3346 837 3421 X,
868 3345 926 3409 etsi
952 3345 983 3408 in
1009 3343 1063 3409 illo
1085 3343 1133 3407 est

70 3458 242 3540 napserim:
622 3449 624 3453 ’
704 3475 706 3478 ’
862 3460 863 3463 ’

252 3560 317 3625 Nec
339 3561 373 3625 ut
393 3580 520 3644 sapone
539 3561 613 3626 villa
634 3559 766 3626 candens
790 3555 916 3622 Tusculi

343 3665 457 3733 Ciroaea
478 3668 586 3750 tangat
606 3667 728 3731 rnoenia.

173 3771 310 3854 Snpome
331 3774 415 3838 urbis
436 3773 547 3838 moenia
568 3773 669 3857 tangit
684 3770 766 3844 uilla,
790 3788 856 3853 quea
877 3768 909 3833 in
932 3766 1010 3831 colle
1031 3764 1132 3830 vicino

70 3877 201 3945 adiacet
267 3874 268 3877 ’

171 3983 227 4067 Ep,
251 3984 282 4061 5,
304 3982 348 4046 87.
368 3984 412 4066 (in
434 3985 520 4068 pueri
541 4003 560 4049 e
581 3983 709 4049 (ianidia
733 3981 846 4048 defossi
866 3978 998 4064 querelis
1020 3979 1052 4044 ot
1073 3976 1132 4042 im·

70 4089 325 4174 precationibuslr

269 4196 399 4263 Venena
420 4215 567 4280 magnum
588 4195 635 4260 fas
656 4195 802 4277 nefasque
823 4213 883 4259 noo
903 4192 1008 4259 ualent

372 4306 546 4368 convertere
565 4301 732 4366 humanam
753 4299 860 4365 vicem.
