2656 5056
483 729 570 786 Taciti
589 730 716 809 naalon·
1030 729 1091 793 543
1155 682 1169 708 ,ι

66 944 124 992 ore
146 926 231 993 fluvii
254 929 383 994 classem
415 930 541 1013 reliquit
561 947 659 1012 neque
687 930 807 1014 longius
831 931 978 1003 subverit
1000 935 1032 997 et
1053 932 1134 1016 quod

66 1032 148 1098 laevo
172 1052 263 1108 amno
285 1036 424 1119 reliquit,
460 1021 529 1100 cuin
563 1036 595 1099 in
628 1035 749 1102 dextras
774 1039 877 1120 partos
910 1038 1008 1102 iturus
1041 1042 1131 1126 esset.

66 1137 141 1204 Non
169 1159 237 1205 raro
270 1141 412 1206 similiter
439 1142 520 1224 apud
556 1143 696 1207 Tacitum
730 1145 863 1209 erratum
901 1147 961 1220 est,
1004 1146 1040 1209 ut
1073 1146 1132 1225 III,

67 1247 88 1305 7
135 1248 290 1328 (animis
324 1247 501 1330 petendae
544 1266 598 1332 pro
643 1249 784 1314 animis
827 1268 893 1332 spe
936 1250 1133 1333 petendae,

66 1351 151 1435 qnod
184 1353 409 1420 Freinshemius
435 1343 586 1420 'restituit
645 1355 770 1420 Frustra
806 1357 888 1421 enim
926 1355 1132 1440 Nipperdeins

68 1480 165 1522 cauea
187 1460 285 1525 audiri
305 1460 381 1526 vult.
449 1462 554 1526 Animi
578 1481 638 1527 non
668 1461 969 1546 eriguntur-ultionis
992 1463 1132 1546 petendae

67 1570 184 1646 causa).
875 1573 878 1579 '

172 1673 239 1737 Ibd.
273 1673 330 1738 21:
366 1693 447 1739 cum
479 1674 613 1758 ingens
645 1672 859 1738 multitudo
897 1673 996 1739 artis
1030 1673 1132 1739 locis

67 1779 290 1863 praelongas
324 1781 462 1846 hastas
492 1798 564 1844 non
596 1776 866 1862 protenderet,
913 1797 982 1843 non
1015 1780 1131 1844 colli·
1227 1838 1236 1859 ,

66 1886 202 1969 geret,
227 1904 345 1970 neque
377 1886 604 1951 adsultibus
632 1888 670 1950 et
690 1885 909 1951 velocitate
931 1903 1130 1968 corporum
1215 1890 1218 1897 ’

67 1992 263 2057 uteretur.
322 1993 407 2072 Quod
440 1990 559 2054 batam
603 1989 759 2075 collipere,
792 1991 934 2055 Turnebo
967 1994 1130 2074 praeunte,

69 2101 217 2164 enarrant
248 2097 411 2173 retrahere,
444 2117 541 2182 noque
574 2097 713 2180 exempla
743 2097 808 2162 ulla
836 2115 872 2161 er
902 2099 987 2179 parte
1016 2097 1131 2162 similia

66 2205 265 2288 proferuntur
286 2223 384 2289 neque
405 2207 490 2291 origo
520 2203 749 2289 significationis
771 2202 972 2286 probabiliter
994 2202 1130 2268 declara·

66 2313 136 2387 tur;
170 2329 268 2393 neque
294 2313 392 2377 bastae
420 2313 563 2377 retractio
584 2311 623 2377 ad
653 2310 821 2376 nocendum
844 2309 926 2374 hosti
948 2309 1131 2392 pertinebat

67 2417 186 2501 Opinor
222 2417 330 2482 luisse:
374 2436 445 2483 non
479 2417 712 2482 collineant
738 2417 801 2493 -(et
833 2417 917 2480 certo
960 2415 1129 2500 dirigeret).

72 2521 244 2589 Collinum
264 2521 382 2587 hastam
404 2525 506 2610 aliquo
528 2524 631 2590 Cicero
652 2523 729 2588 dixit
749 2521 801 2586 fin.
824 2522 880 2593 ΙΙΙ,
905 2521 954 2586 22.

166 2629 231 2694 Ibd.
265 2628 304 2692 37
337 2631 579 2696 revocandume
615 2627 732 2692 codice:
776 2627 1004 2711 Censusque
1038 2647 1131 2712 qno-

65 2737 234 2801 rundam
272 2740 490 2802 senatorum
534 2736 659 2809 iuuit,
702 2735 799 2818 quod
835 2736 960 2819 magis
992 2735 1131 2800 mirum

64 2843 164 2917 fuit,
209 2843 302 2926 qnod
345 2861 480 2925 preces
523 2841 566 2906 M.
609 2840 769 2905 Hortali
920 2842 1131 2924 superbius

66 2952 303 3033 accepisset.
362 2949 432 3014 Non
466 2951 549 3014 recte
578 2966 683 3014 omnes
712 2944 893 3035 Rhenanam
927 2948 1023 3012 secuti
1059 2967 1131 3033 quo

66 3058 197 3141 magis
238 3056 433 3139 scripserunt.
496 3055 576 3119 Nam
609 3052 943 3138 plusquamperfectum
987 3055 1137 3132 ostendit‚'

66 3161 147 3245 quod
169 3162 241 3226 ante
263 3161 422 3244 superbius
451 3179 629 3247 responsum
652 3162 734 3226 esset
754 3160 891 3236 Hortalo,
915 3159 1042 3223 miratos
1064 3178 1131 3224 esse

66 3268 207 3334 homines
241 3266 411 3334 insecutam
445 3268 476 3333 in
499 3267 574 3333 alios
596 3266 825 3342 liberalitatem,
858 3284 919 3332 non
941 3267 1061 3331 inverso
1084 3285 1132 3331 or·

68 3373 136 3439 dine
166 3373 232 3438 haec
253 3372 344 3441 facta.
402 3374 618 3440 Coniunctivus
648 3374 757 3439 modus
790 3372 882 3437 nihilo
914 3372 1015 3437 minus
1048 3372 1131 3437 recte

69 3479 227 3546 bominum
250 3481 371 3546 illorum
391 3481 607 3566 cogitationem
629 3479 828 3564 significat.¹)
980 3472 984 3485 '

75 3687 267 3696 *—

100 3818 119 3886 ¹)
136 3817 196 3873 lbd.
216 3833 239 3872 c.
257 3819 292 3873 43
310 3832 372 3871 nera
390 3818 432 3869 eat
450 3814 601 3872 emendatio
628 3830 644 3869 a
662 3829 704 3867 me
721 3811 817 3866 iuvene
836 3813 871 3877 (a.
890 3811 972 3872 1828.
1002 3809 1030 3863 in
1050 3809 1129 3878 epist.

136 3911 171 3966 ad
190 3910 273 3967 Orell.
301 3927 327 3979 p.
354 3911 390 3965 80
408 3908 446 3979 n.)
464 3907 617 3977 proposita,
647 3906 675 3960 in
702 3921 782 3975 quam
810 3906 903 3974 postea
933 3901 1131 3970 Bezzenberger

138 4004 247 4060 incidit:
276 4006 310 4058 et
328 4002 527 4058 Plancinam
557 3997 770 4054 hauddubie
797 3998 958 4066 Angusta
980 3995 1129 4059 monuit,

138 4098 356 4155 aemulatione
374 4093 543 4150 muliebri
566 4092 793 4163 Agrippinam
811 4094 989 4156 insectorum
1015 4088 1143 4143 divisa

137 4207 278 4263 namque
305 4193 339 4245 et
371 4179 508 4244 discors
538 4186 615 4241 aula
643 4188 717 4241 orat
745 4189 812 4251 cet,
840 4200 889 4255 pro
916 4182 1130 4249 insectandi,

138 4286 207 4357 qnod
237 4284 335 4340 extrita
372 4283 466 4337 litters
496 4303 508 4334 a
537 4281 723 4350 geminataque
753 4279 873 4349 proxima
903 4277 1009 4349 syllaba
1039 4277 1129 4332 eodem

138 4379 215 4435 modo
249 4381 339 4433 ortum
366 4380 421 4444 est,
448 4392 501 4446 qno
529 4375 600 4445 apud
627 4374 732 4428 Livium
752 4372 852 4434 XXV,
880 4373 914 4436 8,
936 4357 979 4428 Ι10
1010 4386 1129 4442 repor-

138 4472 240 4528 tando
268 4471 416 4527 donabat
443 4486 490 4540 pro
513 4470 693 4538 reportans
717 4465 868 4521 donabat
888 4469 916 4520 et
934 4464 1035 4520 similia
1052 4464 1129 4520 alibi.
