2678 5018
547 680 698 736 Terentius.
736 643 739 648 ·
1073 682 1111 745 13

191 874 277 940 Nihil
308 875 413 960 agitur
448 876 485 941 de
520 879 605 961 pueri
636 878 796 953 felicitate,
836 876 889 942 sed
925 876 1038 949 Davus,
1062 876 1155 942 Pam-

98 982 208 1065 philum
244 983 362 1056 omnia,
398 983 548 1065 quaesibi
580 984 652 1048 laeta
673 1003 708 1048 ao
730 983 830 1048 felicia
851 982 1004 1060 eveniant,
1028 999 1156 1046 enume-

97 1089 209 1152 rantem
246 1087 389 1152 desinere
415 1088 534 1167 iubens,
557 1090 632 1154 satis
666 1108 725 1164 se,
747 1107 839 1171 quam
874 1088 916 1152 sit
945 1078 1070 1166 'boatus
1102 1086 1151 1150 in-

98 1194 230 1277 telligere
252 1193 315 1256 ait:

224 1298 312 1363 Solos
336 1318 376 1373 es,
399 1297 493 1379 qoem'
510 1298 641 1382 diligant
662 1298 704 1364 di.v
743 1297 826 1383 [Iam
848 1297 1031 1381 Basileios]

187 1403 332 1469 hnnnoh.
355 1403 416 1465 307
439 1405 490 1481 (II,
513 1405 542 1477 3,
567 1404 632 1476 16).
677 1404 804 1470 Codices
826 1403 957 1467 habent:

149 1510 215 1574 Ph.
261 1508 321 1587 Qui
342 1512 466 1592 quasso?
508 1509 573 1575 CH.
604 1511 692 1574 Amo.
738 1510 801 1574 ΡΑ.
834 1509 926 1572 Hom.
963 1506 1027 1571 CH.
1051 1507 1152 1587 Nono,

489 1614 659 1688 Parmeno,
681 1618 714 1680 te
736 1614 887 1686 ostendes,
910 1612 962 1695 qui
985 1613 1032 1676 nir
1055 1612 1124 1676 sies.

186 1719 283 1783 Deest
304 1719 406 1784 versui
428 1719 565 1802 syllaba3
594 1721 683 1803 (nam
706 1718 837 1802 duplicis
858 1719 889 1782 in
913 1717 1045 1779 osteodes
1068 1718 1150 1780 iotus

91 1824 281 1906 reprehensio
302 1825 346 1889 nil
367 1831 467 1890 eau'sae
482 1825 603 1900 habet;)
615 1825 718 1908 itaqua
731 1824 859 1889 editore
875 1823 1007 1886 Bentleii
1029 1818 1150 1886 coniec-

90 1929 157 1993 tum
170 1929 342 2006 ostmdersh,
363 1930 460 1994 multo
481 1931 583 1996 minos
604 1933 676 2012 apta
694 1930 783 1995 -verhi
804 1930 910 1993 forma.
949 1926 1149 1992 Soriheodum

91 2036 166 2098 dmi:
1171 2041 1177 2051 “

128 2139 133 2148 ’
219 2139 319 2217 Nono,
345 2141 507 2213 Parmeno,
532 2147 586 2201 ten
607 2139 760 2214 ostendes,
785 2141 836 2221 qui
858 2140 906 2203 oin
927 2140 995 2205 sies.

184 2244 250 2310 Ibd.
273 2243 334 2305 312
355 2246 409 2321 (II,
432 2244 461 2322 3,
484 2244 555 2321 21);
1046 2242 1049 2248 ’

485 2349 547 2413 Fao
570 2349 612 2413 sis
635 2368 714 2414 nuno
735 2349 887 2431 promissa
909 2348 1090 2431 adpareant3

167 2456 212 2519 sie
233 2456 309 2521 adeo
331 2455 494 2538 dignares
518 2457 573 2528 est,
596 2454 648 2517 uhi
674 2458 708 2519 to
729 2473 838 2519 neruos
859 2453 1001 2525 intendas
1023 2456 1102 2519 tuos.

182 2561 292 2643 Neque
320 2562 363 2621 aie
385 2577 493 2643 neque
515 2560 590 2622 adeo
622 2561 728 2642 aptum
752 2561 810 2635 est,
843 2559 1069 2641 ineptissimum
1102 2558 1146 2622 oio

90 2664 169 2727 odeo.
211 2666 412 2731 Serihendom
432 2666 498 2730 sine
521 2664 631 2730 dubio:
1183 2735 1185 2738 y

12 2800 14 2807 Α
81 2806 84 2811 «
146 2772 278 2833 suadeo:
303 2771 395 2854 digna
418 2788 468 2834 res
491 2771 548 2845 est,
569 2770 622 2833 uhi
643 2773 679 2833 tu
702 2787 811 2841 neruos
836 2768 977 2833 intendas
1000 2771 1078 2833 tuos.
1165 2765 1176 2836 ,’

182 2875 249 2939 Ihd.
296 2875 359 2937 520
390 2875 464 2951 (ΙΙΙ,
509 2873 537 2948 3,
565 2876 639 2950 ΙΙ).
696 2865 827 2955 Exponit
870 2873 1028 2949 Chremes,
1071 2872 1143 2955 quid

48 3064 51 3069 ι
87 2995 186 3043 seeum
218 2980 312 3044 Thais
335 2981 434 3044 locuta
468 2980 516 3052 sit,
552 2981 584 3044 et
616 2979 689 3062 quid
717 2979 784 3062 ipse
810 2980 874 3043 eius
901 2979 994 3043 verba
1016 2978 1144 3043 audiens

85 3083 274 3167 cogitaverit:
506 3072 510 3081 ⁴
923 3075 928 3083 ⁴
1058 3103 1061 3109 ·

164 3190 229 3254 Ros
251 3189 336 3255 Sunii
360 3189 475 3273 eoquod
497 3188 628 3253 habeam
651 3191 683 3252 et
704 3205 796 3269 qoam
818 3187 905 3271 longe
928 3207 946 3251 a
966 3192 1054 3257 mari.

163 3293 261 3358 Credo
283 3295 311 3359 ei
329 3295 450 3376 plaeere
471 3295 546 3367 hoc;
572 3295 677 3375 sperat
698 3312 730 3356 se
753 3311 771 3356 a
793 3311 843 3356 me
865 3295 1005 3361 avellere.

178 3398 249 3463 Non
280 3401 383 3482 potest
416 3401 446 3462 in
475 3400 532 3463 hac
565 3398 703 3463 oratione
729 3401 798 3482 post
820 3400 906 3462 oredo
924 3399 1047 3482 placere
1067 3400 1139 3464 ferri

82 3513 189 3585 spent
222 3507 367 3587 tanquam
404 3523 506 3591 soonm
545 3505 611 3585 ipse
637 3505 844 3569 sermocinans
877 3504 1048 3570 inducatur.
1091 3502 1139 3580 (Id

83 3608 125 3672 sio
159 3608 222 3673 iere
258 3611 421 3674 dicendum
453 3612 537 3673 enat:
577 3608 627 3673 Sic
659 3609 835 3674 oredehom:
868 3609 970 3691 placet
999 3609 1056 3672 hoo
1092 3607 1138 3681 εἰς

84 3716 183 3795 sperat
204 3718 284 3792 aet).
327 3714 527 3779 Scribendum
553 3718 609 3794 est,
632 3734 693 3778 ona
717 3715 820 3779 littera
841 3715 977 3777 mutata:

203 3820 299 3886 Credo
322 3821 350 3885 ei
371 3821 490 3903 plaeere
512 3822 580 3894 hoe,
603 3841 737 3904 operosos
758 3839 776 3883 a
797 3838 847 3882 me
870 3818 1010 3883 avellere.

202 3924 282 3988 Nam
305 3945 440 4008 sperasse
462 3927 509 3990 esh
530 3926 562 3986 ia
584 3946 666 4008 spem
687 3924 807 3997 vonisse,
829 3944 911 4006 spem
934 3921 1052 4004 cepisse.

176 4029 242 4094 Ibd.
268 4030 329 4090 722
355 4028 423 4111 (IV,
447 4031 476 4103 4,
500 4030 552 4107 54)
576 4028 739 4094 DORIAS.
783 4029 829 4091 Tu
851 4028 911 4110 pol,
934 4028 959 4092 si
982 4026 1075 4107 sapis,

86 4124 88 4131 ’
140 4131 226 4210 Quod
250 4117 328 4207 sois,
364 4133 475 4207 neseis,
507 4152 604 4216 neque
637 4134 674 4196 de
696 4134 830 4197 eunucho
864 4151 961 4214 neque
994 4132 1031 4195 do
1060 4126 1136 4195 uitio

951 4235 1088 4319 uirginis.

174 4341 209 4404 Io
231 4342 387 4408 suadendo
417 4345 448 4407 et
471 4342 603 4407 iubendo
627 4341 799 4406 necessario
822 4342 1017 4406 scribendum
1041 4339 1133 4405 aeaoi.

83 4441 201 4510 Poterat
220 4446 291 4512 ferri
312 4449 443 4520 nescim
465 4448 560 4509 aeneas
580 4447 654 4510 feni
676 4445 792 4526 nequit.
