2662 5062
393 107 425 164 n.
444 59 670 168 samsona
685 109 773 168 rau.
988 88 1082 180 ‘aas

42 348 50 395 ·;
97 298 291 377 inetautum:
313 308 506 388 raptorem
522 306 788 391 ingenuorum,
803 310 934 378 altulum
947 312 1123 380 declarandi

14 446 17 449 >
94 422 159 474 unsa
177 411 362 495 adscriptum
384 430 462 478 assa.
500 413 560 480 Sed
582 413 725 498 quicquid
746 413 784 481 de
805 415 863 483 hoo
882 419 1039 497 statuitur,
1062 437 1122 484 non
1160 426 1217 495 ,¹

89 512 239 601 ambigitur,
259 516 332 601 quin
354 518 387 583 in
407 518 457 596 iis,
478 538 547 602 quse
567 519 648 587 infru
671 520 717 600 (7)
739 520 898 605 leguntur:
922 523 1125 606 Suspicitt

33 647 34 663 ÷
49 682 59 717 r
88 619 252 689 virtutem
384 627 421 690 ct
453 625 575 709 ipsam
607 627 654 691 ut
683 625 774 693 daos
814 631 851 693 et
879 629 1124 712 professores

21 752 23 809 j
85 725 145 792 cios
178 730 218 793 nt
255 730 462 796 antistites
497 731 632 806 colite,
675 734 727 810 et,
760 734 941 816 quotiens
982 736 1125 803 montio

18 835 23 842 “
84 847 168 898 sacra
201 835 424 902 litterarum
465 838 743 917 intervenerit,
787 839 916 907 iurata
960 841 1131 925 linguis,

82 940 202 1006 mendum
226 943 281 1016 sit,
319 941 463 1024 quoniam
489 961 587 1028 neque
613 945 730 1010 mentio
758 964 846 1011 sacra
867 946 927 1011 dici
948 964 1014 1024 nec,
1044 947 1124 1029 quod

82 1040 232 1130 Stephanus
253 1048 367 1123 sensit,
401 1048 513 1115 litterae
547 1051 611 1116 uilo
641 1050 733 1116 modo
761 1052 805 1117 sio
837 1070 892 1134 pro
922 1050 1124 1134 philosophia,

81 1151 171 1218 nodum
206 1173 262 1236 pro
303 1155 372 1237 ipsa
410 1155 534 1232 uirtute,
578 1156 725 1241 appellari
756 1159 892 1239 possunt.
946 1156 1124 1222 Admodum

82 1258 353 1340 suspicorScnecam
368 1261 543 1344 scripsisse:
565 1283 778 1325 sacrarum
798 1262 973 1355 citarem
995 1269 1123 1339 (corum,

82 1362 184 1442 quiite
210 1365 357 1431 virtutem
381 1370 413 1432 et
442 1366 572 1452 professi
604 1375 635 1433 et
664 1367 780 1451 agendo
808 1369 942 1434 exsecet
973 1370 1056 1448 sunt,
1089 1370 1125 1433 ut

15 1526 18 1552 Νη
81 1483 145 1535 sacra
165 1471 307 1537 rideatur
326 1471 411 1551 rita).

158 1683 204 1751 lic
225 1683 468 1772 tranquillitate
488 1684 588 1752 animi
610 1704 675 1768 cap.
712 1685 738 1760 l,
772 1685 805 1747 2:
842 1684 962 1755 ,Illum
996 1687 1124 1752 tamen

80 1780 236 1857 habitum
270 1790 307 1855 in
339 1792 579 1857 momaximo
611 1790 802 1873 deprendo
928 1811 993 1859 nec
1026 1793 1126 1859 bona

17 1898 18 1903 ’
80 1888 139 1962 tide
159 1897 368 1964 liberatum
390 1897 460 1974 eis,
493 1917 572 1981 quae
596 1896 781 1963 timebam
804 1880 841 1963 o⁰t
861 1896 1032 1973 oderam,
1054 1916 1126 1963 neo

78 2013 194 2071 rursus
227 2003 438 2070 obnoxium.
492 2003 622 2087 Opinon,
662 2004 780 2070 dnabns
811 2004 924 2069 litteris
958 2002 1125 2087 geminatis

13 2128 15 2162 ε
78 2109 268 2176 uniendum:
304 2127 374 2175 nee
401 2110 499 2175 bona
525 2108 605 2175 tide
625 2111 833 2177 liberatum
863 2109 1010 2183 meeis,
1046 2127 1124 2192 qnae

41 2216 120 2278 ‚or
160 2217 231 2300 Ipsa
266 2217 368 2292 homo,
399 2234 459 2280 non
492 2214 616 2282 habitus
641 2215 798 2282 liberatur.
842 2214 874 2301 (ξ
904 2214 957 2279 1οε
990 2215 1127 2297 placet

76 2318 155 2387 rien
178 2324 458 2406 preceptorum
477 2321 603 2405 seqni;
636 2321 676 2387 ud
697 2321 759 2388 Cic.
784 2322 836 2386 fin.
860 2342 889 2405 p.
912 2319 975 2384 460
996 2321 1045 2388 ed.
1068 2322 1126 2405 ΙΙ.)

157 2428 227 2496 lbd.
250 2428 280 2506 2,
313 2428 439 2506 2(nnm
472 2429 488 2489 1
512 2428 590 2494 benc
613 2428 748 2494 Hsasius
770 2426 963 2503 emendarit,
996 2429 1032 2493 nt
1063 2425 1126 2491 dixi

70 2543 91 2608 p.
110 2533 168 2598 341
194 2541 238 2615 n.)
260 2535 374 2601 editur:
397 2534 498 2617 Opus
520 2537 579 2600 cst
600 2534 737 2618 itaque
758 2553 829 2600 non
852 2533 936 2598 illis
959 2532 1126 2599 duriori·

70 2629 143 2720 bns,
181 2660 263 2725 qnae
284 2642 399 2708 etiam
429 2641 801 2707 transcucurrimus.
845 2639 909 2706 Sor.
939 2658 1020 2723 quae
1053 2642 1127 2702 iam

68 2739 418 2814 transcucurrimus
470 2747 516 2827 (ot
563 2765 691 2830 quorum
742 2746 912 2812 necessitas
955 2745 1125 2829 preteriit).
1210 2751 1220 2762 ·

67 2845 204 2939 (Pingel).
217 2854 242 2928 ¹)
287 2853 372 2918 Infra
399 2852 464 2933 (6),
492 2852 545 2918 nbi
567 2852 682 2918 editur:
712 2853 776 2936 qui
803 2870 875 2919 non
899 2851 1127 2916 inconstan-

65 2951 120 3024 tiae
156 2958 259 3025 uitio
302 2976 433 3042 parum
475 2959 581 3025 leves
625 2959 730 3034 sunt,
772 2958 837 3024 scd
875 2957 1044 3032 inertiae,
1090 2956 1128 3022 ot

65 3063 193 3132 vivunt
224 3064 503 3147 nonquomodo
532 3065 687 3140 volunt,
724 3063 789 3131 scd
833 3061 1013 3148 quomodo
1053 3079 1125 3128 cuc·

66 3174 207 3249 perant,
239 3170 439 3237 manifestum
473 3174 532 3250 oet,
565 3173 596 3235 in
632 3171 688 3248 iis,
721 3170 773 3255 qui
802 3167 1022 3262 parumleves
1052 3175 1128 3245 (uon

68 3267 153 3354 leves)
177 3277 252 3355 sint,
284 3277 400 3343 nemini
431 3279 624 3344 iumentum
648 3275 752 3342 uenire
773 3272 1013 3341 inconstantiam
1035 3290 1127 3338 accu-

71 3488 258 3505 κὴ-.-

98 3645 115 3711 ¹)
132 3647 197 3704 Cum
215 3649 287 3704 hunc
304 3649 428 3705 libellum
455 3666 478 3705 a.
500 3651 569 3706 1855
596 3663 657 3702 cunr
682 3647 837 3718 philologia
862 3645 991 3703 studiosis
1009 3648 1129 3716 pertrac-

134 3744 223 3807 tarem,
243 3742 392 3811 complures
412 3741 465 3797 leoi
482 3742 517 3796 ab
534 3743 585 3805 iia,
611 3741 710 3812 partim
737 3757 780 3796 mc
804 3739 932 3795 mondum
949 3741 1126 3804 monstrante,

136 3835 232 3900 partim
256 3837 352 3905 sponte
374 3831 509 3889 emendati
538 3838 612 3889 sunt.
646 3834 687 3891 lis
713 3833 946 3889 emendationibus
970 3849 1061 3889 eornm
1079 3848 1129 3887 no·

137 3925 206 3980 nina
223 3929 307 3998 grata
326 3925 403 3982 illius
420 3926 549 3996 temporis
568 3926 702 3982 memorio
723 3942 803 3983 causa
820 3926 951 3983 mocrito.
1069 3918 1072 3925 ’
