2662 5046
306 291 368 356 208
663 287 723 347 nso.
741 289 804 344 vu.
822 287 889 358 cap.
903 288 941 344 11.

265 488 443 555 Ciceronem
475 484 580 568 populi
608 484 739 550 Romani
772 483 931 549 commoda
962 482 1133 561 defendere,
1172 484 1229 550 ssd
1260 484 1290 567 ip

265 591 381 666 Cicero,
402 589 568 673 postquem
589 589 674 655 Rulli
694 590 817 655 occulta
838 588 965 655 consilia
987 589 1124 665 nudavit
1158 607 1254 673 quom
1275 608 1290 655 s

263 697 337 763 hino
368 695 532 761 abhorre'ut
561 694 650 770 rato,
686 694 914 762 declaraturum
946 711 980 760 ee
1008 691 1165 778 promittit
1182 694 1228 768 ot
1258 711 1290 759 m

265 800 419 867 declarat:
446 800 609 884 populus
635 800 824 866 Romanus
845 798 1041 883 possidet3
1074 797 1290 865 defended

205 956 206 959 ,
264 907 374 990 Itaque
409 905 578 972 necessario
613 904 806 971 scribendum
837 907 903 971 ost:
945 905 993 971 llt
1028 906 1207 988 quoniam
1249 951 1290 969 ..

212 1047 225 1092 4
263 1010 440 1089 ostendi,
462 1011 600 1075 docebo
620 1010 826 1093 i'psenuoc,
849 1028 916 1095 ego
931 1028 1039 1094 quem
1060 1027 1291 1094 possessore

265 1116 471 1182 defendam
493 1117 553 1181 cet
588 1115 630 1180 Et
647 1132 748 1181 nuno
769 1115 833 1181 iam
854 1115 1076 1183 Mommsenius
1096 1114 1290 1182 restituendo

264 1220 366 1290 vidit.
396 1221 545 1286 Doceat
576 1223 679 1286 ortum
712 1223 761 1286 est
795 1240 831 1286 er
861 1223 943 1305 ipse
964 1223 1145 1306 pronomine
1172 1221 1256 1286 male
1289 1244 1290 1279 r

264 1327 390 1393 Rullum
411 1327 524 1405 relato;
546 1329 596 1392 est
618 1327 724 1392 autem
747 1328 932 1393 contrarium
953 1327 1132 1409 pronomini
1152 1325 1201 1391 ill
1214 1344 1241 1391 e.

364 1432 403 1499 lu
425 1431 517 1500 tatii.
542 1430 596 1514 lv,
621 1431 661 1494 10
683 1431 716 1495 in
737 1431 877 1498 codicum
898 1433 1050 1515 scriptura
1070 1434 1213 1516 (ipsum
1233 1432 1287 1497 Le

263 1536 392 1615 tulum
501 1555 572 1602 non
597 1538 724 1619 putat,
746 1557 860 1620 quum
882 1537 926 1603 de
945 1539 1121 1623 pernicio
1140 1537 1273 1620 populi

346 1642 550 1726 cogitarit,
586 1642 701 1707 etiam
732 1643 924 1727 appellari
956 1662 1069 1727 posse
1089 1643 1290 1728 populator

199 1744 205 1753 '
262 1748 337 1814 ferri
370 1748 485 1814 etiam
507 1747 623 1830 nequit,
650 1748 731 1830 quod
752 1749 907 1832 significat
927 1768 1013 1816 novae
1034 1749 1248 1833 appellationis
1272 1766 1290 1813 a

265 1853 440 1931 motionem,
461 1853 716 1937 seribendumque
738 1857 787 1920 est
807 1855 881 1917 iam
895 1857 977 1938 (post
997 1856 1119 1920 tantum
1139 1854 1243 1921 scelus
1264 1873 1290 1918 n

265 1955 412 2034 diutius);
438 1958 476 2021 et
504 1959 804 2042 expraeeedeutibus
825 1960 937 2026 litteris
958 1960 1071 2028 ortum.
1117 1960 1174 2038 (Ex
1206 1961 1254 2025 ed.
1286 1959 1290 2023 ἶ

265 2065 355 2130 oratt
379 2062 514 2141 selectt.)
982 2123 988 2133 ,
1100 2110 1102 2113 ψ

365 2169 430 2236 Pro
450 2167 586 2235 Murena
612 2169 669 2233 44:
712 2169 796 2236 Non
828 2171 962 2253 placet
993 2169 1089 2235 mihi
1118 2171 1290 2254 inquisit

265 2274 486 2351 candidati,
514 2321 522 2339 .
545 2320 554 2340 .
577 2321 601 2351 .‚
621 2293 692 2340 non
713 2276 876 2342 testium
897 2277 1157 2360 potiusquam
1179 2274 1290 2367 suffr:

264 2384 447 2466 gatorum
484 2381 739 2465 comparatio,
781 2400 853 2447 non
896 2383 1006 2448 minae
1049 2380 1173 2466 magis
1218 2400 1290 2464 qua

263 2486 480 2565 blanditie,
513 2492 585 2551 nori
621 2485 855 2551 declamatio
892 2487 1021 2569 potius
1053 2505 1163 2569 quam
1191 2505 1285 2569 pers

263 2591 423 2658 lutatio.
471 2591 669 2675 Ineptissime
689 2591 770 2669 inter
788 2609 833 2667 ea,
856 2610 923 2675 quae
944 2591 984 2656 ad
1005 2591 1234 2657 accusationem
1259 2609 1290 2657 ar

262 2698 347 2765 bitus
369 2696 564 2779 competitori
584 2695 752 2779 parandam
774 2697 938 2779 pertinent,
971 2695 1154 2762 declamatio
1182 2697 1291 2762 nomin

263 2807 324 2870 tur.
368 2801 578 2884 (Quorundam
600 2801 759 2867 hominum
781 2820 875 2868 causa
896 2801 1058 2868 dicendum
1078 2804 1136 2878 ost,
1168 2800 1290 2868 dechm

264 2909 381 2974 tionem
402 2896 462 2973 non
495 2924 563 2972 esse
585 2907 876 2973 commentationem
897 2925 1015 2986 cause,
1051 2925 1150 2991 noque
1170 2925 1290 2973 comme

263 3013 415 3080 tutionem
460 3010 529 3077 fieri
565 3013 597 3077 in
637 3011 771 3097 publico,
814 3012 868 3077 ubi
901 3014 1132 3096 persalutuntur
1174 3013 1290 3079 homin«

262 3117 361 3183 multo
404 3117 506 3184 minus
550 3117 806 3185 declamationem
843 3119 925 3202 apud
969 3118 1095 3185 Latinos
1133 3116 1290 3203 indignare

264 3224 432 3291 olamorem
455 3223 625 3307 appellari)
657 3225 861 3291 Scribendum
883 3226 948 3290 est:
984 3243 1058 3291 non
1079 3223 1288 3287 denunciat

262 3328 396 3412 potina
418 3347 529 3412 quam
550 3329 825 3414 persalutatio.
850 3329 917 3413 [Sic
932 3329 1047 3397 Belius
1062 3329 1155 3396 schol.
1179 3329 1290 3413 hyponi

260 3432 299 3506 V,
320 3431 408 3517 336]
977 3436 1007 3442 '‘

362 3542 410 3606 De
432 3541 450 3625 ᾖ
472 3542 513 3605 73
535 3542 715 3609 dirivol.l
735 3563 767 3625 p.
789 3542 839 3606 61.

311 3657 315 3663 '
362 3646 430 3713 lbd.
454 3647 511 3712 76:
545 3667 618 3714 non
653 3652 756 3714 amat
787 3648 968 3729 profusas
1011 3647 1158 3730 epulas,
1191 3646 1283 3711 sord

261 3756 299 3820 et
331 3753 662 3820 inhumanitatem
693 3753 980 3819 multominus:
1013 3752 1231 3836 distinguit
1263 3772 1290 3816 ro

260 3859 410 3925 tionem
435 3859 664 3926 officiorum
688 3876 729 3923 ac
749 3861 975 3942 temporum,
997 3856 1288 3925 vicissitudine

261 3963 418 4030 laboris
440 3980 484 4027 ao
505 3963 732 4046 voluptatis.
784 3963 891 4047 Neque
922 3964 1169 4049 distinguere
1190 3965 1284 4029 rati

261 4085 344 4133 nem
374 4066 594 4135 officiorum
620 4072 862 4154 (temporum)
885 4073 970 4138 reote
993 4069 1112 4143 dicitur,
1146 4069 1180 4133 et
1201 4086 1290 4151 prore
