2654 5010
455 648 596 704 Ciceronis
614 648 745 719 epistulae.
1018 651 1092 714 -199

64 846 130 910 sit.
180 845 283 929 Longe
315 846 399 911 aliud
432 846 590 930 siguificat
624 846 749 912 Brutus.
803 847 934 912 Verebar
967 846 1060 927 enim,
1095 867 1134 913 ue

64 951 254 1018 Octauianus
282 952 437 1017 Ciceronis
466 952 597 1018 decretis
626 956 690 1016 lam
720 953 781 1018 alte
810 973 844 1018 se
874 953 937 1017 iam
960 952 1134 1019 ascendisse

63 1057 162 1138 putet.
184 1059 221 1121 ut
241 1059 269 1122 ei
291 1077 349 1122 non
371 1059 555 1124 suffecturus
576 1059 617 1123 sit
640 1077 736 1124 novus
759 1058 830 1123 inde
851 1077 996 1125 ascensus
1020 1059 1133 1142 gradus

5 1228 7 1233 ,
67 1163 99 1227 in
121 1163 282 1229 consulatu
303 1164 434 1246 positus.
489 1165 600 1246 ltaque
633 1165 732 1242 timet,
767 1183 804 1229 ne
836 1168 937 1248 spreto
970 1166 1133 1231 consulatu

64 1270 167 1335 maius
199 1268 317 1351 aliquid
349 1273 447 1352 petat,
479 1270 667 1335 dictaturam
698 1289 897 1354 regnumque.
947 1271 1035 1337 Hanc
1066 1290 1132 1338 esse

62 1377 249 1441 senteutiam
271 1380 378 1457 aperte
402 1378 506 1450 etiam.
525 1395 594 1459 quae
607 1379 786 1459 sequuntur.
802 1376 1024 1442 demonstrant.
1066 1379 1133 1442 Duo

63 1480 163 1566 im'tur
183 1500 327 1546 ascensus
349 1482 462 1566 gradum
492 1482 697 1548 estimatione
720 1481 881 1548 Octaviani
907 1487 1132 1569 comparantur.

62 1589 285 1671 scupsaratqua
321 1589 608 1672 Brutus:·quam
644 1588 738 1653 inde
912 1606 1130 1658 escensurum.

63 1693 249 1758 Consulatus
281 1692 407 1775 adeptio
440 1695 467 1758 ei
500 1693 656 1759 videbitur
687 1695 791 1760 minus
819 1693 933 1760 addere
960 1695 1077 1780 fastigii
1100 1700 1132 1761 et

61 1797 288 1881 amplitudinis,
312 1818 402 1883 quam
426 1799 579 1866 Ciceronis
606 1800 729 1866 decreta
755 1801 938 1865 addiderint.
982 1801 1131 1886 [Eandem

62 1907 251 1970 sententiam
272 1911 396 1971 secutus
419 1905 577 1972 Manutius
599 1924 856 1972 ascensurum
879 1905 1063 1992 scripserat]
1072 1907 1104 1985 ⁴⁸)

162 2033 241 2101 Ibid.
266 2036 313 2112 ll,
336 2036 372 2099 1:
395 2053 483 2100 uam
505 2034 630 2118 quiin
655 2035 808 2099 Achaia
830 2053 1073 2118 congressus
1095 2036 1129 2100 P.

64 2138 282 2206 Dolabella
305 2141 462 2206 milites
485 2149 605 2225 atqua
629 2140 789 2226 equites
811 2141 984 2207 habente
1006 2143 1129 2226 quod·

62 2248 125 2311 uia
147 2245 261 2311 adire
289 2248 513 2329 periculum
543 2268 585 2313 ex
612 2246 782 2313 insidiis
804 2247 1061 2329 paratissimi
1084 2249 1129 2314 ad

63 2354 194 2418 omnia
216 2346 393 2417 latronis
419 2355 613 2420 maluerit
634 2374 746 2437 quam
768 2353 902 2420 videri
925 2357 992 2419 aut
1014 2373 1131 2420 coac·

62 2466 127 2524 tus
160 2477 246 2523 esee
278 2460 487 2541 pecuniam
523 2461 615 2526 dare
648 2466 716 2526 aut
748 2460 928 2526 libenter
965 2459 1129 2526 dedisse

62 2564 218 2629 homini
251 2564 502 2648 nequissimo
524 2612 532 2628 .
556 2613 574 2644 .,
599 2568 633 2630 ie
666 2567 782 2632 nobis
814 2567 922 2630 ultro
944 2572 998 2642 (-
1021 2565 1130 2631 ultra

65 2670 234 2754 typothetae
249 2670 342 2737 alicui
359 2671 556 2749 debetur—)
572 2673 611 2736 et
632 2670 855 2764 pollicitus
873 2676 934 2735 est
956 2674 994 2735 et
1016 2671 1131 2737 dedit
1234 2661 1240 2677 '

64 2779 123 2843 cet.
168 2776 369 2860 Participium
393 2795 462 2843 con
470 2797 637 2863 gressus
660 2779 704 2843 sic
725 2778 864 2842 absolute
886 2777 1021 2859 positum
1044 2795 1129 2858 pror·
1233 2806 1259 2870 j

3 2946 4 2949 ,
63 2903 117 2949 sue
151 2902 275 2966 pruvino
311 2885 374 2958 est3
408 2884 435 2947 si
468 2884 564 2949 addas
601 2903 683 2950 com
707 2882 862 2960 (cumP.
885 2881 1128 2958 Dolabella),

61 2988 254 3074 significetur
287 2989 443 3055 Antistius
476 2991 542 3072 ipse
574 2990 743 3056 Dolabellae
772 3006 970 3072 congressum
1002 2989 1128 3071 petisse.

60 3095 142 3160 Tota
164 3094 318 3159 sententia
338 3097 484 3177 postulat,
512 3099 548 3162 ut
569 3097 724 3164 Antistius
746 3095 938 3180 significetur
958 3094 1073 3160 inuitus
1095 3094 1128 3160 in

61 3200 232 3266 Dolabella
264 3203 447 3284 potestatem
480 3201 609 3268 venisse.
666 3203 837 3285 Scripserat
867 3199 966 3285 igitur
995 3202 1127 3266 Brutus:

59 3325 147 3372 nam
169 3307 234 3390 qui
256 3306 295 3372 iu
318 3307 471 3372 Achaia
492 3324 710 3393 comprensus,
733 3309 769 3373 P.
789 3307 1004 3373 Dolabella
1026 3307 1128 3372 mili·

59 3416 124 3478 tes
160 3414 279 3497 atque
313 3414 473 3498 equites
505 3414 697 3494 habente,
734 3414 906 3499 quodvis
935 3416 994 3482 cet.
1047 3412 1143 3495 Fieri

59 3519 175 3602 potest,
197 3521 234 3584 ut
254 3520 326 3585 aute
350 3521 383 3584 P.
406 3519 552 3586 exciderit
573 3521 628 3588 ab.

165 3624 1127 3712 lhid.16,5:Cetarumnequicquamperieritillo,

57 3728 177 3794 cuius
213 3730 390 3797 interitu
426 3732 521 3814 quid
557 3732 691 3816 gavisi
723 3752 875 3809 suiuus,
907 3733 941 3800 ei
973 3736 1128 3799 mortuo

56 3833 192 3899 nihilo
220 3837 351 3902 miuus
380 3839 578 3903 servituri
608 3858 782 3916 eramus,
809 3838 923 3904 nulla
943 3838 1128 3905 cura'ad·

113 4108 140 4177 *)
160 4108 175 4178 ξ
188 4107 205 4162 5
216 4109 369 4180 Kayserus,
382 4125 462 4178 quem
475 4115 532 4180 tam
544 4125 619 4180 saepe
632 4108 798 4179 reprehendi
816 4114 919 4165 temere
935 4107 1021 4163 verba
1033 4107 1127 4189 delen·

161 4207 224 4271 tem,
243 4203 326 4258 semel
345 4202 493 4272 aliquando
506 4218 599 4258 veram
611 4200 747 4273 ἀθέτησιν
761 4203 828 4257 mihi
839 4201 984 4272 praeripuit
997 4200 1126 4255 damnato

162 4295 288 4351 alienae.
325 4297 387 4351 Non
405 4311 519 4366 prorsus
537 4296 656 4350 alienam
674 4295 783 4366 culpam
802 4311 862 4351 esse
880 4297 982 4350 Brutus
1000 4293 1127 4361 affirmat,

160 4387 209 4443 aed
226 4404 341 4459 prorsus
359 4403 399 4457 ee,
422 4386 495 4457 qood
516 4389 641 4457 iniquum
665 4388 789 4443 Ciceroni
811 4389 899 4445 risum
923 4393 992 4457 erat,
1010 4387 1082 4443 hunc
1099 4387 1127 4441 iu

160 4480 304 4538 Octaviani
323 4481 412 4552 cnlpae
431 4480 592 4537 societatem
609 4480 788 4549 inclusarum,
806 4481 829 4537 si
846 4481 984 4552 provideri
995 4480 1126 4551 potuerit.
