2648 5084
243 305 303 367 eoo
593 298 651 352 mo.
672 297 720 351 nr.
739 295 804 366 cap.
822 296 876 351 111.

203 504 342 568 Meroerii
376 498 514 581 exemplo
546 499 635 586 utens
667 495 812 573 (uondrrm
843 495 945 564 enirn.
983 516 1057 561 cum
1092 498 1150 561 hoo
1178 482 1257 560 lacera

202 610 317 691 incepi,
351 604 504 674 Gerlaohii
536 610 567 668 et
589 601 693 666 Rothii
706 601 886 683 prodierat)
920 621 998 678 neo,
1035 604 1114 686 qnid
1137 604 1187 668 alii
1205 611 1259 685 post

203 715 386 779 Memorium
411 713 473 777 iam
496 709 686 785 effecissent,
721 701 910 791 anquirens‚‘
936 714 970 774 et
994 711 1121 794 quaein
1146 714 1259 775 menen

206 825 363 892 venerant,
397 821 427 884 in
450 817 638 901 marginibus
660 816 861 889 annotabam,
895 832 995 897 eaque
1017 819 1144 883 ratium
1165 817 1259 882 senon

204 931 302 994 totum
331 927 442 992 librum
471 923 665 1006 pertractavi.
710 919 827 985 Deinde
848 921 1001 1003 paulatim
1026 942 1102 988 cnm
1128 923 1260 989 Gerlaolrii

205 1033 377 1116 socerique,
411 1031 584 1113 nuperrime
606 1033 709 1093 autem
735 1028 827 1092 etiam
852 1026 1049 1104 Quiolreratii
1075 1030 1161 1106 (Par.
1187 1028 1260 1090 ltili
1293 1097 1294 1101 Ἰ

204 1139 370 1204 editionem
403 1153 612 1218 compararem
645 1137 678 1198 et
709 1153 810 1198 eorum
845 1134 955 1209 libros,
1003 1137 1058 1217 qui
1095 1139 1261 1218 scriptorum

205 1246 378 1328 fragmenta
399 1260 495 1325 nuper
516 1241 712 1324 collegerunt,
734 1258 794 1305 non
816 1258 887 1305 sane
905 1240 997 1305 huius
1015 1243 1111 1308 unius
1131 1246 1173 1307 rei
1189 1260 1263 1306 eamr

205 1351 428 1434 inspicerem,¹)
464 1349 610 1413 maiorem
640 1351 758 1428 partem
790 1365 903 1421 eornm,
937 1367 1008 1429 quae
1044 1354 1264 1414 annotarem,

199 1457 315 1545 delevi.
338 1458 490 1538 pleraque,
514 1453 594 1537 quod
608 1457 762 1536 praecepta
777 1455 833 1516 aut
845 1452 962 1535 pridem
980 1458 1038 1519 aut
1060 1473 1164 1538 nuper
1184 1459 1265 1519 erant

207 1562 355 1646 quaedam,
388 1561 467 1645 quod
489 1560 615 1626 meliora
640 1559 680 1624 ab
700 1559 770 1624 aliis
791 1561 915 1643 inventa
937 1558 1098 1628 ridebam.
1169 1561 1264 1643 Super·
1293 1579 1294 1583 ¹

208 1674 280 1735 sunt
312 1668 540 1734 emendationes
573 1684 670 1749 neque
703 1664 791 1730 valde
809 1657 929 1730 ‘multae
951 1667 984 1729 et
1006 1667 1156 1748 quaedam
1178 1667 1265 1737 ,minos

208 1776 346 1859 gravium
365 1773 537 1849 vulnerum,
560 1790 634 1855 quas
657 1774 759 1835 tamen
782 1771 840 1835 hoo
862 1774 997 1836 extremo
1022 1772 1090 1837 loeo
1117 1773 1266 1838 exolnden

176 1950 177 1953 Ἴ
210 1881 264 1945 das
277 1899 335 1944 non
352 1883 444 1969 potos
468 1880 529 1947 Sed
551 1881 714 1961 antequam
738 1896 789 1942 eas
811 1878 935 1960 profero,
958 1879 1183 1962 corrigendum
1204 1878 1266 1943 mihi

210 2007 270 2051 non
293 1987 359 2051 sine
382 1986 494 2068 pudore
509 1989 566 2057 est,
589 1983 667 2067 quod
690 1984 747 2048 vol.
769 1982 784 2046 I
807 1984 920 2064 p.152‚
943 2002 1014 2048 oum
1038 1987 1175 2070 Turpilii
1196 1987 1267 2068 frug·

212 2099 349 2158 mentum
361 2092 442 2175 apud
455 2092 583 2156 Nonium
596 2110 625 2171 p.
639 2089 840 2172 perpessum
864 2090 995 2173 alioquin
1023 2097 1112 2157 recte
1136 2092 1267 2157 emende-

210 2219 287 2275 rem,
309 2201 393 2284 gravi
417 2198 603 2283 negligentia
625 2201 785 2278 peccatum
808 2199 864 2261 est.
920 2195 1007 2260 Nam·
1027 2198 1103 2263 dum
1129 2199 1267 2264 lesinam
1296 2271 1297 2274 Ἴ

209 2306 300 2371 etde
334 2306 406 2371 solis
439 2305 540 2369 verbis
572 2303 785 2384 sententiaque
818 2300 954 2385 cogitans
987 2303 1091 2367 locum
1128 2304 1267 2370 umento.

207 2412 320 2478 oblitus
355 2430 434 2489 snm,
468 2410 547 2493 quod
581 2407 752 2474 iaciendum
786 2409 877 2474 simul
911 2426 979 2474 oum
1013 2410 1081 2491 ipsa
1114 2412 1267 2476 verborum

208 2517 419 2584 emendatione
449 2520 681 2590 annotaveram,
718 2533 859 2580 versuum
882 2522 997 2580 rectam
1024 2516 1162 2582 formam
1188 2517 1268 2582 resti·

207 2632 301 2689 tuere.
356 2624 430 2702 Qun
452 2624 533 2687 enirn
565 2623 595 2687 in
627 2625 691 2686 tres
720 2624 853 2687 senarios
885 2622 1102 2688 vitiosmsimos
1128 2625 1267 2690 distrion-
1304 2672 1306 2682 ,

208 2735 309 2809 untur,
332 2731 448 2794 dnobus
474 2731 608 2794 versibus
623 2729 785 2793 octonariis
808 2746 876 2792 cum
899 2731 985 2810 parte
1006 2730 1093 2794 tertii
1119 2736 1268 2797 mactant:

852 2835 941 2899 Forte
962 2852 998 2898 eo
1020 2835 1071 2900 die
1263 2922 1265 2927 ι

251 2943 429 3009 Meretrioes
452 2940 490 3004 ad
512 2959 562 3004 me
584 2941 622 3004 de
645 2942 801 3005 vicinitate
823 2940 931 3023 aliquae
953 2947 1168 3007 convenerant
1317 2924 1318 2927 ¹

250 3050 503 3131 condixerantque
526 3065 640 3111 eaenam
663 3052 742 3130 apud
766 3067 824 3119 me,
848 3047 941 3111 Thais
964 3050 1056 3129 atque
1082 3048 1233 3125 llrotinm.
1313 3040 1318 3151 l

253 3155 423 3237 Antiphila,
446 3154 581 3238 Pythias.
593 3154 621 3235 ²)
715 3182 720 3189 ·

238 3378 258 3445 ¹)
277 3308 438 3447 Comparari
452 3377 613 3432 scenicorum
633 3382 770 3447 poetarum
789 3379 941 3447 fragmenta
958 3394 974 3432 a
993 3377 1147 3436 Ribbeokio
1168 3341 1269 3437 collecte

210 3521 214 3528 .
276 3471 450 3541 (tragicorum
478 3471 622 3526 editionem
649 3471 783 3537 alteram),
811 3471 891 3525 Ennii
910 3487 926 3525 a
945 3472 1095 3538 Vahlenio,
1124 3476 1154 3531 in
1176 3476 1269 3531 noeto

278 3563 470 3620 Franckenium
483 3569 511 3619 et
523 3566 584 3621 Lna
594 3565 791 3629 Muellerum,
783 3581 811 3619 un
823 3565 939 3620 Varrone
949 3565 1126 3631 Vahleninnr
1147 3571 1269 3628 Riesiuur.

278 3657 305 3709 in
324 3657 509 3714 historicorum
529 3659 689 3728 fragmentis
709 3659 844 3718 Poteram

236 3749 258 3814 ²)
276 3750 307 3803 ln
337 3752 440 3821 vulgari
469 3769 592 3806 versuum
616 3751 792 3822 descriptione
820 3753 934 3820 primus,
968 3756 999 3804 ut
1026 3755 1156 3811 omittam
1188 3714 1269 3826 quarti

278 3840 351 3910 pedis
371 3844 469 3898 vitium
487 3850 594 3916 propter
611 3844 736 3900 mendum
755 3845 925 3909 lenitate
956 3850 1004 3898 ant
1023 3846 1131 3916 syllaba
1153 3850 1269 3904 deficitur

277 3934 359 3985 aut
351 3951 492 3990 immanem
526 3937 629 3992 hiatum
655 3936 751 4013 hualret,v
787 3937 856 3990 alter
883 3944 1028 3992 extremum
1057 3941 1155 4011 pedem
1186 3940 1268 4012 apud

278 4040 338 4086 me,
375 4026 403 4080 in
431 4032 511 4085 tertio
538 4031 642 4086 Thais
670 4007 785 4099 priorem
817 4029 900 4084 habet
929 4010 1045 4096 brevem,
1084 4035 1269 4106 Antiphila

196 4113 202 4126 ⁴
277 4118 454 4186 penultimam
473 4123 588 4190 longam.
1058 4141 1060 4145 '
