2648 5084
241 303 311 379 Ι648
621 295 855 368 ΒὶΙ).ΙΧ.Οιρ.ΙῙ.

209 505 239 578 3,
271 504 321 580 3),
364 499 505 566 similiter
540 500 630 581 atque
664 518 698 558 en
734 518 810 559 narro
849 499 1014 581 solemque
1048 498 1116 564 eius
1147 499 1260 583 generis

210 614 312 694 Atque
335 610 435 692 lpsum
458 607 495 671 in
518 622 652 671 vanum
675 621 767 686 prope
790 601 896 667 eodem
918 602 1012 666 modo
1032 606 1168 689 positum
1188 622 1263 687 repe·

210 719 288 781 uitur
311 715 390 799 apud
413 711 543 778 eundem
566 710 713 778 Senecam
735 709 772 773 de
794 713 912 792 tranqu.
936 728 984 773 an.
1009 710 1041 787 9,
1065 711 1085 775 3
1122 714 1174 785 (ut
1193 710 1264 775 tela

210 826 247 889 in
290 840 426 888 vanum
469 816 621 892 eadunt)
675 819 707 881 et
738 816 824 900 epist.
871 815 929 889 31,
974 818 996 877 4
1046 818 1100 892 (in
1146 803 1264 883 uanum

210 935 419 1012 operosos).
537 932 538 939 ’

313 1034 378 1099 lbol.
401 1035 457 1096 22:
481 1029 712 1095 Transactis
734 1028 873 1113 igitur,
895 1048 972 1112 quae
995 1031 1045 1093 ad
1068 1032 1268 1114 septiones

112 1189 114 1192 <
212 1119 333 1224 atoue
355 1139 461 1204 urbis
484 1139 631 1202 statum
656 1139 693 1200 et
721 1135 860 1199 ciuilia
881 1137 1160 1217 pertinebant,
1194 1157 1269 1202 eou-

213 1252 275 1312 tra
300 1247 555 1329 Palmyrenos
644 1243 720 1306 iter
741 1242 861 1306 flexit.
908 1241 1059 1306 Mundum
1082 1243 1136 1308 bia
1157 1245 1270 1308 subesse

212 1353 311 1417 multa
331 1351 362 1415 in
385 1367 446 1413 nno
466 1347 614 1412 vocabulo
631 1352 772 1432 arguunt,
794 1347 982 1430 septinnis
1003 1367 1121 1413 nornen
1144 1351 1273 1414 absoluta

83 1475 87 1486 ·
213 1459 290 1533 (sins
305 1456 459 1542 genetivo)
481 1454 519 1519 de
533 1453 701 1518 munitione
717 1456 749 1517 et
763 1471 849 1518 muro
863 1454 1007 1536 positum,
1032 1454 1149 1519 deinde
1173 1453 1271 1538 plurali

214 1581 340 1628 numeru
362 1563 504 1644 positum,
523 1561 626 1644 'quasi
648 1561 749 1642 plures
771 1561 861 1625 urbas
883 1560 1032 1642 saepiusve
1066 1566 1176 1644 saeptae
1197 1579 1274 1626 nruro

214 1671 290 1743 sint,
324 1673 390 1733 turn
413 1686 473 1732 non
496 1667 533 1732 de
554 1667 629 1732 urbe
648 1667 779 1749 primurn
804 1666 999 1731 munimentis
1021 1667 1197 1751 pingenda,
1227 1666 1272 1732 sel

215 1776 251 1839 de
274 1774 425 1839 moenibus
446 1773 530 1838 urbis
553 1771 727 1845 dilatandis,
748 1774 784 1836 ut
800 1772 1065 1855 superiorecapite
1078 1774 1200 1839 dictum
1222 1777 1271 1843 ost

216 1883 369 1964 postremo
380 1881 436 1943 hoe
448 1881 545 1945 totum
559 1878 597 1943 de
612 1879 687 1942 urbe
702 1880 830 1944 mnnita.
851 1879 929 1962 quod
951 1879 982 1942 in
995 1881 1156 1961 superiore
1178 1897 1275 1944 narra·

126 1998 136 2019 ·
214 1988 295 2051 tione
318 1989 487 2051 extremum
510 1989 568 2059 ost,
591 1986 687 2067 primo
701 1984 767 2050 loeo
782 1988 1055 2050 oommeruoratum
1080 1989 1113 2051 et
1136 1988 1178 2051 ab
1200 1987 1276 2051 urbis

216 2099 299 2158 statu
332 2095 522 2174 separatum·
554 2091 670 2157 omissa
700 2093 803 2155 autem
836 2091 933 2155 omnis
953 2093 1145 2156 ·oeterarnm
1183 2112 1276 2158 rerum

215 2200 365 2282 prioribus
400 2197 552 2280 rapinane
584 2198 788 2279 expositarum
825 2198 958 2270 mentio,
1002 2199 1116 2281 quibus
1159 2199 1276 2264 domum

216 2305 360 2389 persentis
382 2305 421 2369 ad
443 2302 599 2368 Orientem
630 2304 766 2368 animum
793 2307 967 2368 convertere
990 2305 1165 2371 Aureliano
1188 2305 1275 2370 libuit.

167 2453 169 2456 <
216 2411 445 2476 Brerofaoianr.
468 2410 640 2493 Scripserat
652 2409 816 2492 Vopiscus:
839 2429 919 2493 quae
934 2409 981 2474 ad
1002 2415 1278 2494 septentriones

215 2522 331 2600 atque
354 2517 464 2582 urbis
487 2518 632 2582 statum
663 2519 700 2580 et
721 2517 858 2581 sinilia
880 2515 1157 2599 pertinebant
1223 2518 1279 2581 Res

215 2629 320 2687 eontra
342 2621 468 2694 Sueuos,
490 2623 657 2699 Sarmatas,
673 2623 906 2688 Marcomannos
923 2625 1019 2706 gestae
1034 2627 1068 2687 et
1083 2622 1191 2689 Gallia
1206 2625 1279 2689 Gar·

215 2731 377 2812 maniaque
412 2732 444 2793 et
476 2730 631 2793 Panuonia
664 2747 685 2792 a
714 2728 851 2795 barbaris
867 2775 869 2779 ν
886 2727 1017 2793 defensae
1052 2731 1274 2812 significantur.

216 2835 327 2900 Noouit
348 2834 502 2899 scribendi
524 2836 747 2917 compendium.

315 2941 462 3005 Taciti:
486 2944 525 3005 et
547 2940 1084 3024 speciatiminrnouunrentis
1107 2942 1278 3023 publicis

214 3046 432 3112 inseranda
453 3046 581 3112 eadem
612 3051 791 3130 posteros
820 3044 975 3110 humani
1005 3048 1168 3127 grueria
1199 3050 1278 3113 stu·

215 3154 339 3237 penda
361 3153 582 3219 moderatio.
616 3154 666 3218 Sis
688 3153 818 3218 codices.
852 3151 960 3215 Editur
981 3150 1207 3229 inserenda,
1228 3169 1278 3217 neo

215 3261 351 3330 deterret
372 3259 535 3324 insolentia
556 3259 676 3324 dicendi
698 3259 764 3341 (pro
788 3276 834 3334 eo,
857 3257 937 3341 qnod
959 3261 1007 3322 est
1029 3258 1163 3321 inseram
1178 3282 1280 3323 mono·

216 3367 320 3426 orantia
349 3367 403 3430 aut
435 3366 467 3426 in
489 3373 709 3440 oronnmanarlr
753 3367 819 3429 tum
853 3364 1031 3447 posteris
1064 3363 1112 3439 fit
1150 3365 1280 3430 haeretur

214 3475 317 3537 tamen
335 3470 520 3554 (antbaereri
532 3470 674 3552 debebat)
690 3471 720 3534 iu
743 3471 881 3534 eadem.
925 3468 1131 3534 scribendum
1144 3472 1278 3536 videtur:

215 3582 254 3642 et
275 3579 310 3642 iu
332 3596 425 3642 mou.
447 3577 618 3661 publicis
639 3577 827 3638 servanda
848 3574 895 3638 od
916 3579 1098 3659 posteros
1121 3576 1279 3643 humani

214 3683 369 3767 generis
392 3685 488 3766 stup.
511 3682 604 3747 mod.

316 3790 404 3855 Prob.
440 3788 495 3853 13:
537 3792 669 3854 contra
703 3788 813 3852 urbes
850 3788 1043 3852 Romanas
1078 3791 1215 3854 eastra
1245 3789 1278 3851 in

214 3892 296 3958 solo
326 3894 531 3960 barbarico
560 3895 700 3976 posuit.
745 3893 924 3958 Tollendum
947 3895 1094 3966 eastra,
1130 3895 1277 3970 additum,

214 4018 283 4063 uum
307 4003 440 4064 eontra
461 4019 514 4082 pro
529 4001 742 4084 praepositione
756 3999 928 4076 baberetur,
949 3998 1030 4082 quod
1048 4018 1114 4065 rem
1131 4002 1276 4085 superiori
