2626 5070
381 108 413 163 L.
432 108 523 164 Senec
541 108 577 163 ad
594 108 733 166 Iatoiam
993 106 1054 171 355

42 308 210 375 condicione
242 307 378 372 intrante
411 306 590 388 pravissime
619 305 771 390 interponi
792 305 872 370 inter
894 306 994 389 ipsam
1015 305 1096 371 ima·

48 414 117 495 ginis
137 413 372 495 descriptionem
394 411 514 477 eteius
536 412 575 477 ad
597 430 671 484 rem,
694 409 733 475 de
755 428 815 493 que
836 410 948 494 egitur,
972 429 1095 497 accom-

52 518 243 584 modationem
275 516 335 581 hoc
365 517 465 580 totum
498 516 536 581 de
563 516 739 582 condicione
758 515 870 581 liberos
892 515 1096 600 suscipiendi?

57 620 116 699 Quis
138 642 197 688 non
221 621 325 695 ridet,
356 622 529 687 necessario
557 622 622 687 haee
648 620 833 686 continuari:
877 622 971 688 Post
1001 623 1096 688 hanc

3 815 4 818 Ἴ
59 725 371 794 denuntiationem
394 726 425 790 si
457 727 543 809 quis
576 726 755 800 dixisset,
787 726 933 791 intrare
963 747 1001 793 se
1023 727 1095 812 Sy·

2 829 4 897 ἶ
60 849 193 900 racnsas
225 832 348 908 velle,
382 832 534 897 satisne
565 832 706 897 iustam
733 831 927 913 querelam
949 832 993 897 de
1013 831 1094 897 ullo

2 920 5 1047 Ξ
66 938 121 1003 nisi
153 940 268 1030 dese
298 937 440 1001 habere
472 937 608 1020 posset
634 935 724 1011 (soede
749 934 834 1001 Fick.
856 938 889 1001 et
908 937 950 1002 H.
969 955 986 1001 e
1008 937 1116 1008 codd„

2 1044 7 1139 (ἶ
65 1044 185 1121 possis),
221 1043 285 1125 qni
307 1060 378 1107 non
403 1040 618 1106 incidisset
648 1041 794 1116 inille,
827 1041 895 1106 sed
925 1041 1094 1124 prudeus

2 1144 7 1226 1
64 1147 238 1232 sciensque
260 1148 459 1212 uenisset?
481 1147 522 1229 (c.
546 1147 596 1223 17,
618 1146 661 1225 6.)
697 1146 752 1240 ad
774 1147 869 1211 hanc
890 1146 1095 1230 imaginem

66 1253 195 1332 agedum
217 1253 343 1318 totius
371 1251 460 1317 sitae
485 1251 689 1317 introitum
712 1251 938 1317 referemus.
982 1250 1096 1337 Syra-

10 1360 15 1412 ÷
65 1369 146 1423 enses
167 1360 296 1424 sisere
318 1357 553 1423 deliberanti
574 1357 707 1435 (foedius,
728 1357 832 1422 sideri
847 1358 960 1440 potest,
981 1356 1094 1422 iidem:

8 1456 18 1543 p
66 1459 181 1530 siseres
225 1463 478 1544 deliberanti)
520 1461 613 1538 tibi,
668 1462 850 1546 quicquid
895 1461 1095 1527 delectere

12 1543 26 1651 ξ,
66 1570 200 1646 poterat,
233 1567 414 1651 quioquid
447 1566 655 1641 ostendere,
695 1567 864 1651 exposui3
906 1568 1000 1649 puta
1035 1584 1097 1632 na·

66 1677 159 1739 secuti
190 1694 248 1738 me
281 1673 356 1738 tibi
378 1673 516 1739 uenire
536 1673 575 1737 in
597 1673 801 1738 consilium
824 1673 882 1737 cet.
905 1676 945 1753 (1.
970 1672 1018 1749 18,
1043 1667 1097 1757 ll?

67 1769 146 1859 leque
165 1781 271 1845 omnia
291 1797 337 1849 ea.
371 1797 438 1862 quae
471 1780 556 1842 extra
582 1777 662 1842 hanc
682 1779 851 1862 imaginem
871 1777 1098 1844 interficiuntur

14 1865 25 1878 ''
67 1880 91 1946 11.
109 1884 148 1957 17,
171 1885 190 1948 6
212 1887 246 1950 11
268 1884 303 1948 71
338 1883 445 1948 Dicit
466 1881 641 1948 omnibus
663 1881 773 1946 nobis
794 1884 930 1948 nature
1033 1884 1098 1967 qui

69 1982 119 2049 libi
135 1990 236 2054 nihil
258 1989 353 2055 certi
374 1987 680 2072 spoponderunt),
713 1986 784 2050 hinc
805 1988 928 2054 sublata
952 2008 1007 2054 suo
1028 1988 1097 2055 loco

67 2094 177 2166 ponende
198 2097 271 2161 sunt
292 2112 319 2158 c.
346 2094 394 2171 17,
429 2095 444 2155 1
479 2096 550 2176 post
581 2092 645 2158 haec
666 2093 773 2158 uerba:
813 2092 875 2158 sed
896 2093 1099 2160 humanum

22 2192 23 2207 ¹
67 2199 117 2275 111,
147 2200 200 2265 nbi
230 2201 301 2282 epte
334 2197 555 2276 adhaerescunt,
590 2198 637 2263 ita
668 2200 710 2262 nt·
735 2198 846 2263 deinde
881 2216 959 2264 nouo
991 2198 1097 2265 initio:

67 2295 104 2364 dd
128 2304 192 2370 boc
215 2305 350 2390 genite
371 2322 409 2370 es
431 2306 488 2389 cet
512 2305 608 2383 (recte
629 2303 763 2369 Hessius
785 2322 856 2368 ann.
890 2304 957 2372 crit.
978 2325 1008 2388 p.
1041 2304 1059 2366 7
1081 2324 1099 2371 1

68 2405 129 2474 odd.
151 2412 303 2496 genitus
326 2416 377 2490 es)
410 2413 598 2493 preparetur
630 2409 685 2475 illa
711 2410 814 2495 imago
842 2409 874 2474 et
901 2410 1098 2494 comparatio.

71 2505 188 2580 bonnet
216 2518 321 2581 entem
345 2516 519 2592 historus,
540 2534 632 2599 quem
654 2515 916 2598 transponendum
938 2515 1014 2592 dico,
1039 2514 1102 2579 600

70 2610 165 2686 literas
187 2622 221 2696 (4
248 2624 302 2686 eut
331 2620 615 2703 escensiones),
642 2622 717 2703 quot
743 2620 859 2687 hebent
879 2621 1003 2705 singula
1028 2621 1103 2687 folia

67 2720 157 2789 concie
178 2726 334 2792 Ciceronis
366 2728 404 2791 de
435 2745 499 2809 rep.
542 2726 593 2790 Ab
614 2725 668 2791 illo
690 2728 810 2792 antem:
852 2726 908 2791 Ad
934 2726 1003 2795 hoc
1033 2745 1102 2810 ge·

66 2822 145 2895 uitus
170 2850 208 2897 es
231 2832 293 2908 (17,
316 2833 348 2909 1)
371 2831 412 2897 ad
433 2833 636 2914 sciensque
657 2831 829 2897 venisset
850 2832 913 2909 (17,
937 2832 968 2911 6)
990 2832 1103 2898 littera

67 2937 118 2997 unt
135 2935 197 3001 fero
222 2936 313 3004 1800.
352 2939 480 3021 -Iteqne
511 2939 543 3003 iu
565 2936 780 3021 antiquissimo
802 2935 905 3001 codice
927 2941 1103 3009 nostrorum

12 3119 13 3122 Ἴ
67 3041 577 3110 111111111600111111111
598 3043 819 3125 transpositum
850 3040 981 3109 uidetur.
1042 3042 1103 3126 (De

12 3172 13 3178 1
57 3136 197 3227 'tanquilb
225 3166 275 3214 an.
297 3167 323 3213 c.
346 3148 365 3211 6
389 3150 420 3213 et
435 3149 596 3214 7Heaeius
618 3149 701 3213 recte
721 3147 825 3213 locum
848 3146 908 3208 275
930 3147 1105 3213 litterarum

67 3242 200 3317 tanstulit
242 3255 315 3318 ante
358 3253 480 3319 litteras
523 3254 614 3336 paulo
656 3253 726 3336 plns
770 3253 856 3317 mille
898 3251 1104 3333 ducentas).¹)

69 3344 214 3428 [tenuius
246 3358 313 3422 baec
344 3358 446 3441 potius
476 3360 548 3442 post
583 3376 609 3424 c.
641 3357 680 3422 18
713 3356 916 3436 (1111111111)
944 3357 1106 3424 inserenda

71 3458 157 3546 uuor]
658 3491 661 3497 ·

72 3618 240 3642 N-

95 3703 113 3766 ¹)
127 3707 181 3780 Cep.
202 3716 243 3779 17,
262 3716 279 3770 3
297 3715 368 3768 recte
387 3712 471 3768 Curio
490 3715 519 3768 et
536 3712 676 3768 Rubenius
693 3712 886 3768 intellexerunt
903 3727 951 3781 pro
970 3727 1009 3775 eo,
1035 3710 1107 3781 qnod

4 3828 5 3831 ¹
130 3800 214 3867 editur,
233 3807 342 3876 ipsum
369 3806 403 3860 in
423 3806 636 3874 (siveipsum
655 3804 817 3859 interris
836 3803 978 3871 flumen)
1006 3802 1107 3858 substi-

135 3893 254 3952 tuendum
276 3914 334 3953 esse
355 3897 544 3967 participium
574 3900 670 3965 (neque
700 3898 809 3967 ipsum
833 3896 897 3952 ferri
922 3899 1020 3966 potest,
1048 3911 1109 3950 cunr

854 3991 905 4041 23*
