2648 5084
498 677 501 708 ³
533 699 646 754 Nonius.
1021 697 1083 761 653

157 886 263 985 'Pergo
296 901 334 964 ad
367 902 480 975 cetera,
515 917 581 981 quac
615 897 794 964 brevissime
827 897 987 980 proteram.
1044 897 1123 962 Nam

55 1008 176 1074 menda
218 1007 280 1072 lere
320 1006 571 1071 manifestissima
604 1007 636 1069 ot
671 1021 822 1069 consensu
854 1004 1001 1075 damnata
1036 1009 1124 1080 sunt;

56 1114 310 1181 emendationem
326 1113 456 1196 aestima
472 1113 631 1195 perspicua
652 1111 789 1176 ecdicum
813 1113 844 1175 et
867 1128 1002 1175 errorum
1025 1129 1124 1176 causae

56 1222 179 1304 apertae
200 1220 421 1302 sententiaque
450 1220 600 1307 restituta
624 1218 754 1300 simplex
776 1216 888 1295 veritas
911 1217 1124 1283 commendare

57 1327 186 1392 debent.
231 1326 285 1401 lla,
317 1325 351 1389 iu
372 1325 481 1408 quibus
503 1324 644 1389 omnibus
673 1323 798 1388 licenter
819 1323 915 1390 versis
937 1323 1124 1406 mutatisque

57 1440 168 1499 tamen
190 1431 267 1497 nihil
288 1431 422 1496 eflicitur
444 1431 501 1496 nisi
525 1430 643 1513 species
665 1430 803 1513 quadam
827 1429 1020 1495 correctionis
1042 1430 1125 1495 omni

60 1538 283 1624 probabilitate
306 1556 422 1614 carens,
448 1537 588 1621 equidem
604 1537 773 1620 relinquare
789 1535 870 1601 malo
886 1554 978 1618 quam
994 1535 1125 1602 ludendo

58 1644 286 1711 emendauonis
309 1646 342 1708 et
365 1644 586 1736 hariolationis
603 1643 751 1725 terminos
773 1643 966 1726 permiscere.
1009 1642 1126 1708 Ponam

57 1751 194 1835 paginas
224 1750 429 1840 Mercarianas
460 1768 623 1832 vocesque,
665 1747 775 1831 quibus
808 1750 945 1832 exempla
977 1767 996 1813 a
1026 1748 1126 1814 Nonio

60 1856 207 1920 subiecta
228 1858 310 1929 sunt,
344 1855 582 1938 fragmentaque,
616 1873 683 1937 qum
705 1854 831 1938 attingo,
863 1858 899 1940 ut
920 1855 951 1920 in
974 1853 1126 1920 codicibus

57 1963 129 2046 (qni
150 1980 185 2026 er
208 1981 268 2028 uno
289 1962 373 2026 forte
394 1963 452 2027 orti
476 1961 627 2028 simillimi
649 1965 721 2029 sunt
743 1961 822 2026 iuter
844 1969 889 2038 se)
911 1962 1024 2044 scripta
1045 1963 1128 2036 sunt,

61 2068 176 2134 nisisi
209 2068 288 2152 quod
319 2068 462 2150 pusillum
498 2067 644 2132 mendum
678 2067 794 2148 pridem
827 2067 983 2133 sublatum
1016 2067 1127 2137 referre

60 2193 190 2257 prorsus
221 2193 481 2256 supervacaneum
519 2178 581 2250 est;
624 2174 655 2238 in
693 2173 856 2240 emendata
891 2192 996 2239 eorum
1032 2174 1127 2238 forma

60 2287 207 2365 typorum
229 2299 341 2364 genero
363 2282 561 2365 significabo,
591 2278 663 2363 quid
685 2300 705 2345 a
724 2300 775 2346 mc
797 2281 863 2364 ipso
884 2281 1128 2364 proprie-emen-

61 2388 174 2453 datum
197 2388 254 2462 sit;
298 2390 401 2453 cetera
421 2387 526 2472 igitur,
559 2407 626 2470 que
648 2406 666 2452 a
687 2388 840 2453 codicibus
861 2387 1031 2462 discedunt,
1064 2387 1126 2451 iam

62 2495 103 2558 ab
127 2493 196 2558 aliis
221 2498 342 2576 reperta
364 2512 431 2560 esse
452 2493 684 2577 intelligendum
708 2498 772 2568 ost3
796 2513 893 2578 neque
909 2494 991 2559 enim
1006 2511 1128 2574 semper

62 2602 205 2665 auctores
222 2600 407 2685 singulatim.
417 2600 587 2665 adscribere
603 2601 633 2663 in
649 2601 707 2665 bac
728 2601 878 2666 brevitate
900 2618 976 2683 opus
997 2600 1126 2665 ridetur.
1231 2684 1234 2690 .

61 2706 208 2772 Aliorum
230 2710 357 2772 conatus
379 2724 397 2770 a
420 2705 496 2771 meis
520 2703 727 2789 discrepantes
756 2707 913 2773 rarissime
941 2724 1128 2772 commemo·

66 2814 154 2878 rabo.
240 2812 516 2894 (uiceranicnomm
560 2811 745 2894 quomndnm
793 2816 825 2877 et
868 2812 1126 2879 Sallustianorum

62 2921 308 3002 fragmentorum
339 2916 566 2982 emendationes
598 2935 688 2999 supra
721 2902 822 3001 pesum
866 2918 1004 2984 Sallustii
1033 2936 1126 2982 unum

62 3029 214 3109 superest,
238 3030 303 3090 tum
326 3043 385 3099 non
408 3022 677 3100 animadversum.)

168 3130 202 3196 P.
227 3130 245 3191 2
270 3131 418 3213 (senium)
448 3130 637 3217 Afranius
659 3130 845 3210 Vopisco:

217 3237 291 3301 Haec
313 3238 385 3302 sunt
406 3255 523 3301 venena
544 3237 743 3302 formosarum
765 3237 947 3310 muliomm3

218 3342 302 3408 Mala
325 3347 399 3410 aetas
425 3343 510 3409 nulla
528 3343 737 3425 delenimenta
760 3343 885 3408 invenit.

170 3449 229 3514 Pro
271 3449 382 3515 nulla
410 3444 615 3516 'contendum
652 3452 706 3514 aut
740 3451 874 3527 multa,
919 3449 999 3533 quod
1035 3450 1128 3514 etiam

62 3554 261 3636 Quicberatio
279 3557 325 3622 'iu
359 3558 492 3621 mentem
523 3556 640 3621 vonisse
673 3556 780 3630 rideo,
813 3561 866 3623 aut
898 3558 1001 3641 potius
1033 3556 1126 3620 alic.

63 3663 223 3740 (Persona
245 3680 331 3727 norae
353 3664 460 3744 aperta
481 3661 619 3729 eiusdem
649 3663 806 3728 sententiae
828 3664 1016 3730 continuatio
1039 3664 1130 3728 tribui
1252 3719 1253 3723 ,

63 3758 198 3852 nequit.)

169 3874 204 3938 P.
227 3875 246 3935 6
268 3873 445 3957 (exercitus)
468 3874 653 3939 Afranius
676 3874 882 3956 Suspecta:

351 3980 400 4045 Ita
421 3983 456 4043 ut
477 3979 547 4046 buic
569 3979 640 4045 horo
661 3980 858 4060 adolescenti,

104 4085 167 4152 'Oui
189 4084 354 4174 suspiciam
375 4085 517 4161 tradidit,
534 4088 585 4169 qui
608 4107 656 4152 me
678 4091 727 4153 est
748 4088 843 4154 animi
865 4089 1022 4154 exercitus.

71 4202 73 4207 ’
168 4175 314 4258 Extrema
336 4191 436 4270 verb'a,
471 4213 536 4276 quae
558 4194 680 4258 initium
703 4212 807 4258 versus
831 4195 956 4269 faciunt,
990 4196 1033 4260 sic
1056 4195 1131 4259 scri·

66 4302 168 4367 benda
190 4303 278 4365 sunt:

275 4399 376 4481 'Quid
393 4424 443 4469 me
465 4409 512 4471 est
534 4406 635 4473 animi
651 4401 873 4468 correctius?

38 4546 52 4592 .·
68 4514 197 4592 (Prioris
210 4530 315 4577 versus
327 4512 557 4600 exitusuidclur
570 4513 677 4577 luisse:
693 4535 734 4575 sc
736 4534 762 4595 p
766 4511 929 4596 pliadum
944 4512 1145 4586 tradiditt‘
