2656 5056
418 709 558 765 Ciceronis
576 712 686 766 Brutus.
985 709 1043 772 105

117 905 195 971 lbid.
235 908 310 971 169:
350 908 520 973 omnium
557 907 686 972 autem
721 905 1092 990 eloquentissimus:

40 1015 134 1079 xtra
167 1015 266 1080 hauc
298 1014 432 1078 urbem
463 1013 498 1077 Τ.
528 1012 721 1078 Betucius
745 1014 892 1078 Barrus
915 1013 1094 1078 Asculo--

39 1138 102 1198 us,
126 1121 234 1186 euius
254 1121 343 1185 suut
364 1119 525 1203 aliquot
546 1118 743 1184 orationes
766 1119 902 1185 Asculi
925 1119 1092 1192 habita„

36 1225 88 1290 lla
121 1226 245 1292 Romae
287 1229 424 1292 contra
457 1225 677 1308 Caepionem
711 1224 865 1290 nobilis
900 1244 992 1290 saue
1026 1227 1090 1290 eet..

36 1339 186 1397 'ronomeu
208 1331 297 1406 ille,
319 1333 397 1415 quod
413 1333 451 1396 in
473 1350 504 1395 re
527 1333 600 1397 notu
628 1331 866 1397 demonstranda
893 1334 964 1413 poni
996 1331 1083 1402 solet,

36 1440 63 1503 io
87 1437 375 1505 nullomodoferri
398 1440 593 1522 potestante
621 1439 678 1504 loci
708 1456 817 1503 nomen
848 1439 1002 1522 (Bomae)
1028 1457 1084 1521 po-

36 1545 118 1620 tum,
151 1544 322 1611 seiunctum
357 1544 396 1609 ab
429 1544 525 1626 ipsius
557 1545 702 1610 orationis
740 1548 772 1610 et
808 1545 874 1610 eius
912 1544 1092 1610 nobilitatis·

38 1649 246 1734 gnificatioue.
304 1650 504 1715 Scribendum
539 1651 603 1715 est:
642 1649 755 1716 cuius
792 1652 887 1715 suut
924 1649 1084 1732 aliquot

38 1755 223 1822 rationes
245 1756 385 1822 Asculi
409 1756 572 1834 habita,
594 1773 660 1824 uua
681 1757 825 1834 Roma,
848 1757 988 1821 contra
1011 1759 1092 1823 Oee-

38 1862 185 1934 ionem.
208 1861 359 1927 nobilis
380 1880 474 1927 sane
497 1863 554 1927 eet

114 1968 190 2034 ibid.
208 1969 283 2033 187:
307 1968 434 2048 Quare
456 1968 612 2034 tibicen
635 1967 907 2052 Antigenidas
930 1967 1093 2034 dixerit-

39 2074 218 2157 iscipulo
240 2093 334 2140 saue
355 2073 529 2158 frigenti
551 2075 598 2140 ad
616 2075 820 2156 populum:
845 2074 963 2149 „Mihi
986 2084 1091 2139 eane·

38 2183 54 2245 t
90 2179 255 2257 Musis“;
304 2198 373 2265 ego
411 2181 504 2247 huic
538 2181 663 2247 Bruto
700 2181 855 2246 dicenti
900 2227 939 2243 ..
981 2178 1089 2262 apud

36 2285 319 2352 rultitudinem
343 2286 460 2365 „mihi
484 2305 578 2352 eane
600 2289 639 2353 at
659 2287 823 2370 populo,
851 2288 900 2352 mi
923 2287 1081 2362 Brute‚·‘

37 2392 179 2459 irerim
204 2395 262 2458 cet.
315 2393 351 2458 In
381 2392 438 2458 hoc
466 2395 627 2459 verborum
651 2394 755 2460 ordine
783 2394 966 2460 adverbium
987 2409 1090 2457 sane

36 2500 184 2565 eeessario
209 2518 278 2564 cnm
300 2498 473 2583 frigenti
495 2499 694 2585 coniungitur
710 2502 902 2585 exoriturque
918 2500 1088 2567 affirmatio

36 2624 44 2671 ;
58 2605 214 2672 concessio
230 2623 352 2689 prorsus
370 2604 485 2688 inepta,
507 2606 613 2690 negari
624 2626 683 2673 non
697 2627 787 2690 posse
799 2609 912 2690 populo
925 2606 1089 2672 tibicinem

36 2711 100 2776 lum
133 2711 344 2802 displicuisse3
375 2711 454 2776 bauo
483 2717 588 2777 autem
616 2714 716 2795 ipsam
737 2713 995 2798 significationem
1021 2711 1088 2776 alio

36 2837 78 2884 »eo
118 2818 209 2901 plaua
247 2817 378 2900 requirit
420 2818 589 2893 sententiar
633 2819 712 2883 nibil
751 2820 833 2885 euim
871 2839 904 2885 se
939 2836 1084 2884 recusare

36 2924 117 2990 icero
149 2923 236 2998 dicit,
270 2925 342 3007 quin
373 2923 418 2988 sio
449 2922 652 3007 Antigenidas
685 2926 837 3008 loquatur,
866 2924 927 2990 sibi
948 2924 1080 2988 Brutum

36 3031 101 3096 ‚iter
124 3028 343 3113 alloquendum
372 3047 447 3094 esse.
503 3029 659 3113 Scriptum
689 3032 785 3117 igitur
815 3032 929 3096 luerat:
951 3028 1083 3106 Quare

36 3137 168 3204 ibicen
191 3135 464 3220 Antigenidas
487 3137 641 3203 dixerit
662 3158 756 3205 sane
779 3135 983 3219 discipulo
1006 3134 1081 3199 fri·

38 3244 126 3309 enti
148 3242 194 3306 ad
216 3261 262 3325 po
271 3242 404 3323 pulum
427 3247 484 3308 cet.
535 3245 663 3311 Prorsus
692 3244 816 3330 gemina
843 3242 909 3309 haec
936 3239 1090 3307 correctio

36 3353 59 3416 rt
81 3350 121 3426 ei,
144 3367 204 3431 qua
226 3348 317 3429 paulo
339 3350 410 3413 aute
433 3352 453 3430 ς
477 3350 537 3412 150
558 3352 605 3415 nsi
628 3370 733 3415 sumus
751 3349 783 3435 *)

113 3454 285 3519 Ibidltll:
308 3455 486 3530 Atvero,
509 3458 713 3522 utcontra
735 3456 904 3522 Crassus
926 3455 971 3520 ab
993 3453 1081 3519 ado·

65 3698 93 3764 *)
114 3695 201 3751 Simili
219 3695 435 3764 transpositione
455 3702 519 3751 aute
537 3697 599 3767 plus
612 3694 816 3766 ‘quinquaginta
835 3712 921 3751 annos
935 3695 1088 3762 (Emenda-

114 3790 203 3844 tiones
215 3790 353 3844 Ciceronis
369 3790 500 3843 librorum
511 3790 544 3845 de
553 3789 637 3859 Legg.
648 3797 676 3846 et
685 3790 771 3846 Acad.
782 3807 808 3859 p.
820 3789 882 3858 171)
901 3789 984 3844 alium
1002 3789 1082 3843 Bruti

113 3883 203 3937 locoru
223 3882 318 3937 sanavi
335 3882 359 3950 (5
379 3883 451 3950 230),
477 3882 524 3937 nbi
552 3885 645 3938 omnia
666 3891 742 3939 recta
760 3888 788 3938 et
805 3883 889 3952 plena
908 3890 979 3946 suut,
999 3881 1022 3935 si
1041 3880 1089 3935 sic·

115 3975 258 4032 scribitur:
287 3976 314 4031 si
343 3975 474 4044 quidem
501 3983 534 4030 et
561 3976 682 4032 Crasso
709 3977 782 4031 vivo
807 3975 920 4031 dicere
948 3973 1090 4028 solebatv

114 4070 301 4137 (Hortensius)
319 4076 353 4123 et
371 4070 476 4138 magis
493 4070 558 4125 iam
578 4069 678 4125 etiarn
696 4070 833 4138 vigebat
852 4067 1088 4124 eumAutenio

116 4168 160 4231 et,
178 4162 336 4232 Philippo
356 4161 419 4216 ianr
438 4178 586 4233 senepro
601 4163 815 4232 CnPompeii
829 4162 1081 4228 benedicente,

112 4256 149 4310 in
176 4255 240 4310 illa
267 4270 376 4324 causa,
395 4254 598 4311 adolescens
623 4272 691 4310 curn
715 4260 819 4324 esset,
838 4255 997 4325 princeps
1015 4253 1082 4309 fuit

113 4354 165 4403 cet.
208 4349 241 4403 In
272 4347 413 4404 codicibus
446 4349 584 4404 scribitur:
614 4348 750 4418 vigebat
776 4347 922 4402 Antonio
952 4353 984 4401 et
1012 4363 1083 4401 cum

111 4441 278 4510 Philippo.
302 4441 365 4496 Nou
384 4441 523 4498 desierunt
541 4441 669 4497 editores
680 4446 806 4511 satagere
824 4455 908 4510 prave
928 4437 1088 4495 enarrando·

111 4541 160 4591 aut
176 4534 374 4590 violentissime
392 4535 531 4590 mutando.
