2662 5062
253 263 315 327 456
420 230 427 243 ⁸
556 247 672 335 ‘mo
685 221 894 357 vmc‘aprrr.

211 463 364 547 pellere
402 484 443 525 ea
476 461 640 540 (alimenta
672 461 765 545 ignis)
802 458 889 537 niti,
927 459 1052 522 donec
1081 460 1258 543 exaliqua
1322 453 1323 457 ’

213 587 329 634 cansa
352 569 499 635 refluat
520 586 662 632 rursus.

314 674 383 740 Ibd.
426 675 464 751 9,
507 656 542 736 3':
586 671 706 736 Venti
744 690 824 735 cum
870 671 1135 738 adsummnm
1168 688 1263 735 venc-

212 783 317 855 runt,
352 780 614 844 remittuntur
649 775 747 841 omni
779 776 981 855 uiolentia;
1026 796 1186 844 necesse
1218 780 1265 840 111

216 887 300 968 ipsa
336 883 601 950 concitatione
635 882 672 946 in
705 881 848 961 exitum
878 883 936 948 sui
967 884 1145 949 tendant
1194 880 1267 946 Nihil

215 993 263 1056 est
295 991 408 1052 remini
438 987 596 1061 violentia,
633 987 745 1052 nedum
781 988 873 1051 omni.
930 988 988 1053 illa
1025 1008 1186 1056 necesse
1220 988 1269 1052 111

213 1095 392 1180 generalem
424 1094 611 1161 sententiam
644 1093 812 1176 exspectari
839 1092 955 1159 iubent.
1008 1094 1093 1161 Male
1118 1092 1269 1163 sententiis

214 1201 369 1266 distinctis
386 1184 452 1266 nna
472 1201 582 1285 littera
600 1199 701 1281 periit,
724 1217 785 1263 nna
806 1199 912 1265 addite
933 1202 993 1264 est:
1034 1200 1176 1278 Venti,
1205 1220 1227 1265 c.
1247 1218 1270 1263 1.

214 1327 238 1372 1.
262 1328 301 1381 n,
337 1307 614 1379 remittuntur:
647 1305 774 1367 omnio
806 1302 986 1379 violenta,
1021 1308 1272 1381 1111111111,

214 1413 298 1495 ipsa
326 1411 595 1477 concitatione
617 1411 661 1474 in·
677 1410 820 1476 exitum
842 1409 899 1474 sui
921 1410 1097 1477 tendant.

318 1517 385 1583 Ibd.
416 1517 466 1594 20,
497 1516 532 1580 2:
566 1536 648 1599 qnae
680 1536 751 1582 non
785 1518 1014 1580 everterent
1044 1517 1211 1601 animos,
1246 1515 1273 1580 si

215 1645 255 1690 ex
294 1622 578 1688 consuetudine
617 1622 656 1684 et
691 1620 775 1704 lege
813 1619 1070 1686 decurrerent.
1131 1618 1275 1688 Inusitate

216 1748 339 1812 prorsus
364 1739 489 1791 11111111
511 1729 629 1793 animos
653 1726 856 1791 deterrendis
878 1725 1002 1802 dicitur:
1028 1746 1086 1793 nec
1108 1722 1274 1794 deterrere

216 1833 327 1916 agitur,
354 1833 408 1898 sod
431 1834 468 1900 de
489 1833 752 1908 animadversione
772 1835 803 1897 11
814 1831 1026 1897 admiratione.
1064 1833 1182 1899 Scrib.:
1204 1853 1275 1918 queo

215 1957 287 2003 nen
325 1950 585 2003 converterent
616 1939 772 2004 animos.
829 1937 917 2004 Idem
939 1938 1110 2014 volucrunt,
1134 1941 1189 2023 qui
1211 1938 1275 2004 ad·

217 2046 420 2110 verterent
441 2047 637 2129 scripserunt.

317 2147 1276 2233 111.14,1113,4),111111111111111111111111111111111

216 2257 354 2322 cometes
388 2259 480 2333 esset,
514 2255 696 2339 signiferum
726 2256 877 2338 attingere
906 2254 1026 2328 debere,
1043 2254 1195 2337 orimum
1224 2254 1275 2318 hoc

211 2361 343 2427 fortasse
382 2381 443 2427 non
464 2380 585 2426 necesse
617 2378 683 2425 esse
712 2359 830 2425 Seneca
861 2360 946 2437 dicit,
979 2359 1090 2424 deinde
1113 2345 1275 2443 subiungit,

215 2469 250 2531 ut
284 2466 409 2549 quidem
452 2468 483 2531 in
519 2467 543 2530 E
587 2466 743 2531 scribitur:
789 2465 894 2544 Quod
936 2465 968 2530 si
1010 2465 1167 2532 iudicas
1211 2484 1276 2531 non

215 2591 324 2654 posse
359 2571 478 2637 ullam
501 2570 661 2637 stellam
694 2572 770 2637 nisi
811 2570 1038 2654 signiferum
1068 2573 1276 2657 attingere,
1321 2575 1323 2579 ’

214 2680 381 2743 cometes
414 2696 483 2742 non
515 2678 647 2760 potest
679 2679 735 2746 sic
763 2677 879 2744 alium
907 2676 1046 2742 habere
1070 2679 1277 2750 circulum,

215 2783 255 2845 ut
288 2781 326 2846 in
349 2783 445 2848 hunc
471 2785 603 2848 tamen
632 2785 740 2865 parte
770 2782 900 2864 aliqua
931 2782 988 2848 sni
1010 2781 1174 2848 incidat.
1220 2785 1276 2849 Suo

216 2885 284 2951 loco
319 2890 437 2953 motum
471 2892 519 2954 est
548 2908 619 2954 non
649 2886 910 2970 substitutumqne
938 2887 1029 2962 nisi:
1063 2907 1137 2954 uam
1162 2892 1279 2955 rectum

217 2994 292 3057 erit:
337 3013 412 3059 non
451 3012 560 3077 posse
592 2992 709 3057 ullam
750 2991 904 3056 stellam
936 3014 1008 3056 oon
1047 2994 1280 3077 signiferum

81 3112 88 3126 ·
216 3098 434 3182 attingere,
467 3100 640 3164 cometes
672 3099 803 3180 potest
835 3097 891 3162 sic
928 3100 986 3162 cet.
1043 3098 1180 3164 Atium
1213 3099 1281 3173 (hoc

219 3206 277 3281 111,
301 3206 387 3269 extra
409 3204 614 3288 signiferum),
647 3202 725 3286 qnod
762 3203 856 3268 etiam
889 3205 985 3269 ceteri
1011 3203 1131 3271 codices
1159 3205 1282 3281 habent,

218 3328 277 3374 non
316 3328 392 3392 opus
429 3311 477 3375 est
505 3311 619 3375 mutari
646 3310 678 3374 in
711 3308 847 3382 latum:
883 3327 921 3373 ne
960 3312 1044 3375 recte
1079 3310 1205 3392 quidem
1241 3311 1283 3375 sic

216 3416 307 3481 scribi
355 3415 490 3480 ostendit
525 3417 666 3481 tamen.
721 3414 865 3480 Ceterum
901 3415 942 3480 ad
977 3415 1095 3481 ullam
1128 3417 1285 3482 stellam

216 3522 408 3587 desideratur
446 3521 679 3595 erraticam
724 3521 755 3585 id
795 3521 900 3602 ipsene
937 3521 1055 3587 Seneca
1092 3522 1286 3606 negligenter

219 3627 358 3692 omiserit
383 3646 421 3691 an
444 3627 614 3709 scripserit:
647 3646 720 3692 non
749 3644 861 3709 posse
883 3627 1004 3692 ullam
1027 3626 1187 3693 stellam
1208 3627 1286 3692 nisi

217 3731 349 3816 [fixam
374 3731 459 3815 non]
481 3732 721 3815 signiferum
747 3731 961 3816 attingere,
987 3752 1047 3798 non
1070 3731 1202 3808 defini03
1233 3731 1288 3797 sed

217 3839 248 3902 in
281 3839 360 3902 hanc
391 3839 516 3918 partem
546 3836 659 3901 inclino
695 3839 820 3921 propter
855 3839 942 3905 nisi.
986 3837 1148 3920 Sequitur:
1186 3835 1288 3908 vide,

217 3961 260 4007 ne
293 3944 363 4007 hoc
391 3942 515 4026 magis
549 3942 686 4007 deceat
719 3942 1030 4027 magnitudinem
1065 3940 1214 4018 mundi,
1248 3945 1289 4004 nt

216 4048 256 4111 in
279 4047 405 4111 multa
426 4047 576 4112 itinera
598 4047 748 4114 divisus
769 4048 857 4113 hino
880 4049 919 4112 et
940 4066 1009 4113 nec
1032 4046 1188 4126 OEBOcl.
1207 4043 1236 4109 P
1258 4045 1290 4121 3,
