2654 5010
265 288 328 351 m
625 281 897 351 mmmm

226 483 427 551 cedebant
454 484 525 548 snt
551 479 702 545 lenieti
727 478 935 545 volvendo
957 477 1264 560 stuntosprorine

227 588 525 655 subvertebant
555 588 624 651 sut
645 588 756 651 oerte
777 585 945 668 spionls
966 584 1158 653 membris
1175 582 1266 648 inlus

228 697 418 762 viventes
449 693 578 758 sdhuo
608 690 790 757 vellendi
821 692 984 773 peritos
1020 691 1267 776 queritsbsnt

228 800 379 866 Viventes
400 799 472 875 (boo
492 801 550 875 est
573 798 650 875 vivi)
676 815 783 863 omues
803 798 943 880 profesto
968 803 1074 874 erum.
1096 796 1146 882 qui
1165 813 1270 862 oomne

230 909 389 972 morentur
419 904 528 983 nudi,
559 922 657 988 neque
688 902 856 968 verendum
890 907 971 981 eret
1008 922 1050 968 ue
1083 904 1149 987 quis
1177 905 1272 985 putaret
1301 933 1302 936 ¹

230 1015 369 1077 mortuos
390 1010 546 1095 quesisse,
578 1012 631 1094 qui
664 1010 722 1075 subi
755 1010 986 1091 subvenirent,
1028 1010 1080 1075 Ne
1114 1008 1272 1075 aemulius

230 1116 355 1199 quidem
386 1116 564 1198 (spiculo
594 1115 782 1182 membris
813 1114 960 1192 insin)
989 1120 1079 1180 reete
1107 1135 1173 1182 oum
1199 1113 1275 1179 vorti

230 1219 416 1286 vellendi
437 1224 595 1302 peritos
615 1220 819 1304 ooniungitur.
862 1219 1094 1287 Scribeudum:
1115 1225 1179 1287 sut
1196 1223 1276 1286 oerte

230 1328 389 1411 epioule
410 1327 601 1394 membris
621 1326 751 1391 infixe
772 1325 931 1394 vehentes
959 1327 1097 1393 sdbuo
1125 1325 1276 1394 vellendi

229 1434 387 1517 peritos
410 1433 693 1517 queritsbsnt

332 1574 411 1640 Ibid.
440 1576 471 1651 4,
499 1575 537 1638 8:
577 1573 717 1655 psuois
749 1572 1054 1653 intemperenti
1088 1578 1183 1639 zestn
1211 1590 1277 1637 oon·

231 1681 424 1764 sumptis,
457 1697 555 1764 quos
583 1677 808 1745 multitudo
836 1680 1038 1763 sugebat,
1061 1679 1279 1745 tandemoet

232 1785 360 1852 Prorsus
382 1785 512 1870 oogiuri
533 1786 648 1868 nequit,
672 1784 823 1870 quomodo
845 1783 1023 1851 multitudo
1041 1804 1157 1870 sugere
1171 1783 1279 1867 potuerit

230 1891 372 1956 homines
407 1896 486 1956 netu
519 1892 724 1972 oonsumptos.
782 1889 964 1967 Multitudo,
1003 1891 1067 1957 hoo
1104 1894 1162 1968 est
1196 1888 1278 1972 vulgo

230 1996 371 2061 militum
391 1997 534 2082 segem
557 2000 633 2062 estu
655 2002 861 2080 oonsumplos.
884 2000 930 2075 nt,
953 1998 1011 2080 qui
1036 2017 1072 2063 re
1092 1996 1280 2081 pauciorum

231 2103 314 2168 inme
337 2103 624 2188 multiplioerentnr.
1319 2119 1320 2123 ¹

331 2241 412 2307 Ibid.
436 2241 485 2321 10,
506 2245 545 2309 42
570 2241 736 2329 Moxque
758 2243 890 2309 divini
911 2243 1100 2310 arbitrio
1122 2241 1282 2315 numinis

230 2347 331 2432 quod
353 2349 466 2413 suxit
493 2350 538 2415 eb
567 2349 828 2416 incunabulis
851 2349 1011 2415 Romam
1042 2352 1280 2433 perpetuom·
1317 2438 1318 2441 Ἴ

229 2472 303 2536 que
335 2453 420 2520 iore
453 2453 678 2539 respondit,
712 2454 800 2522 dum
821 2456 1038 2521 Tertullus
1062 2458 1169 2540 apud
1190 2454 1282 2522 (letis

229 2559 267 2625 in
288 2560 367 2625 aede
388 2560 604 2627 seoriiiost
625 2559 852 2639 (lentorum,
875 2560 1182 2645 tranquillitos
1202 2576 1281 2626 more

227 2665 411 2730 mollivit
431 2669 490 2732 oet
544 2667 613 2733 Non
646 2668 811 2750 respondet
839 2669 896 2733 boo
922 2686 1052 2746 numen,
1084 2669 1142 2735 sed
1163 2666 1279 2756 spondet
1322 2710 1323 2715 κ

227 2772 451 2856 promittitque.
505 2773 616 2840 ltmore
643 2774 800 2859 geminate
829 2777 877 2839 est
904 2771 1025 2857 syllebe
1049 2793 1092 2840 re
1114 2776 1281 2856 verbumque
1322 2790 1323 2793 ’

226 2880 494 2945 eooommodetum
515 2879 665 2973 superiori
686 2881 814 2956 eurit;
836 2898 971 2963 presens
987 2882 1117 2963 tempus
1141 2885 1212 2964 spte
1232 2880 1281 2962 sip
1322 2933 1323 2939 ,

226 2983 333 3052 nifloet
354 2986 482 3052 eundem
506 2986 601 3050 etium
622 3004 702 3050 nuno
723 2984 849 3050 deornm
873 2985 1008 3051 levorem
1032 3005 1115 3052 esee.

326 3137 393 3203 tib.
415 3135 530 3215 ΧΧ,5,
546 3137 583 3200 6:
606 3137 701 3203 Post
722 3156 803 3221 quse
825 3138 966 3221 opinor
988 3141 1112 3205 tants
1135 3146 1177 3206 et
1197 3138 1280 3205 telis

225 3258 295 3307 neo
316 3244 609 3323 posteritatem
637 3243 857 3309 teoitnrsm
883 3243 929 3307 de
958 3245 1122 3311 vestris
1153 3248 1192 3313 in
1218 3261 1281 3308 reu

222 3347 423 3430 publicem
457 3349 617 3413 meritis
647 3368 721 3432 que
751 3349 943 3433 gentibus
965 3353 1135 3417 eunetis
1166 3350 1282 3436 plene,

223 3472 337 3537 quem
358 3454 508 3520 eltiore
530 3454 705 3539 fastigio
728 3453 964 3521 maiestatis
987 3458 1194 3534 ornantis,
1217 3457 1282 3521 vir·

222 3562 311 3626 tute
331 3561 639 3644 gravitateque,
661 3562 694 3626 si
717 3562 812 3644 quid
834 3561 1048 3627 adversum
1074 3563 1283 3648 ingruerit

221 3663 465 3732 defendatis.
506 3665 558 3732 Sic
579 3666 700 3733 oodioes
721 3666 782 3733 tide
805 3651 920 3753 digni(
943 3665 1072 3733 Geleuii
1097 3669 1285 3755 interpolstio

221 3789 260 3836 ue
292 3773 424 3856 speeiem
453 3773 577 3856 quidem
605 3774 747 3839 veritatis
768 3774 873 3840 hebet
920 3772 994 3838 Loci
1026 3772 1145 3841 leouns
1179 3776 1283 3860 sliquot

94 3919 96 3923 .
219 3877 381 3942 verborum
402 3878 493 3944 boeti
514 3879 580 3944 beo
604 3882 704 3946 lueret
724 3879 795 3948 olim
819 3881 933 3946 iorme:
949 3915 989 3927 -
1006 3878 1054 3944 de
1079 3885 1234 3949 vestris
1252 3882 1283 3946 iu

217 3984 527 4063 rempublicam
560 3986 738 4064 meritis,
771 4004 843 4072 quse
886 3988 1085 4071 gentibue
1132 3989 1283 4057 eunetis

214 4083 448 4169 splen<dent;
470 4109 541 4156 nee
563 4091 719 4170 dubito,
735 4095 890 4176 quim>
909 4111 1043 4175 quem.
1059 4140 1066 4156 .
1081 4142 1089 4157 .
1105 4098 1285 4167 ornantis,
