2656 5056
242 275 304 339 566
587 272 733 329 Linvln.
752 270 818 340 esp.
830 270 877 327 VL

304 470 370 537 lbd
392 471 450 535 44:
472 472 669 537 enimvero
692 488 814 554 neque
834 471 1003 536 nobilem
1026 490 1150 555 neque
1171 471 1257 553 inge

205 598 333 655 nuum,
368 596 411 642 ne
432 576 663 642 libertinum
696 576 846 661 quidem
893 579 1015 643 ermis
1052 596 1259 661 preponere

205 684 315 768 regia
335 684 492 749 utilitas
515 685 585 747 est.
634 683 713 748 Mire
735 683 842 767 regia
863 682 1028 750 utilitas
1050 704 1107 768 pro
1131 703 1177 757 eo,
1197 682 1259 766 qnod

204 790 326 874 reqiboa
348 790 507 863 sideest,
536 788 656 866 dieitur.
682 809 744 854 nec·
761 789 885 855 omnino
908 789 938 856 h.
962 790 994 865 1.,
1030 790 1108 874 qnid
1130 791 1202 857 utile
1221 790 1261 864 sit

125 891 130 903 '
207 896 319 980 agitur.
362 895 488 960 Tacitus
521 914 591 960 eum
636 896 804 961 acerbitate
834 895 937 980 aliqua
968 898 1002 960 et
1039 899 1131 982 qnasi
1167 915 1262 963 nornn

207 1002 366 1067 inventum
401 1001 556 1067 admirans
588 1002 722 1067 dixerat:
761 1002 865 1086 regia
896 1001 1102 1066 subtilitas
1125 1008 1184 1068 est
1216 1002 1263 1079 (ein

208 1107 396 1192 ktniglicher
435 1107 510 1184 siff,
556 1109 624 1174 eine
670 1108 842 1192 konigliche
890 1107 1098 1190 Sohlauheit).
1165 1110 1264 1176 Eodem

156 1268 158 1281 .
210 1233 310 1280 errore
331 1213 412 1297 apud
434 1213 580 1286 Gellium,
603 1216 630 1294 1,
662 1214 692 1289 4,
722 1217 737 1277 l
762 1233 852 1280 voces
873 1216 1085 1282 commutatas
1107 1214 1264 1281 ostendam.

209 1320 322 1386 Contra
355 1321 435 1402 apnd
459 1319 608 1386 Senecam
635 1341 688 1403 ep.
724 1321 777 1396 49,
809 1320 828 1382 6
860 1339 914 1403 pro
945 1321 1097 1386 utilius
1134 1322 1265 1403 scripturn

211 1428 279 1493 erat
300 1426 503 1493 subtilius.

311 1531 376 1598 Ibd.
408 1531 466 1596 46:
506 1551 734 1618 quamquam
771 1534 948 1609 Peucini,
992 1552 1086 1617 qnos
1124 1534 1266 1619 qnidam

211 1640 430 1705 Bastarnas
453 1642 609 1713 vocant,
632 1659 821 1714 sermone,
840 1639 964 1718 cultu,
985 1639 1081 1706 sede
1103 1660 1148 1705 ac
1165 1639 1268 1705 domi·

212 1747 319 1812 ciliis
342 1749 382 1810 nt
403 1746 586 1812 Germani
607 1750 744 1831 agunt3
777 1746 911 1812 sordes
933 1746 1107 1811 omnium
1130 1765 1173 1812 ac
1202 1750 1267 1810 tor·

212 1871 278 1934 por
321 1870 540 1934 procerum
589 1853 794 1918 connubiis
837 1853 970 1918 mixtis
1012 1855 1202 1919 nonnihil
1239 1853 1269 1916 in

214 1958 477 2024 Sarmatarum
517 1959 687 2026 habitum
723 1958 924 2024 foedantnr.
975 1958 1127 2026 Perverse
1159 1977 1270 2043 prorsus

213 2073 366 2149 ponuntur
400 2067 474 2132 nndi
500 2066 546 2131 illi
582 2065 762 2132 nominativi
795 2075 904 2149 (neque
931 2067 1013 2130 enim
1049 2066 1078 2130 h.
1108 2067 1130 2132 1.
1160 2069 1191 2133 in
1212 2086 1271 2131 nar·

196 2155 310 2239 'rende
333 2173 466 2238 breviter
492 2172 568 2237 faeti
592 2176 647 2239 ant
677 2175 778 2239 status
807 2173 934 2238 alienius
964 2173 1153 2257 significatio
1187 2175 1272 2238 inter·

214 2281 364 2364 ponitur);
393 2299 449 2345 nec
479 2282 562 2345 recte
585 2279 716 2345 sordes
746 2280 869 2346 acnltu
889 2281 1074 2362 separantur
1095 2283 1153 2345 ant
1173 2283 1273 2363 torpor,
1317 2306 1319 2311 ·

215 2389 268 2470 qui
290 2388 367 2453 mire
388 2387 506 2452 infinite
529 2386 650 2459 dicitur,
682 2386 722 2451 ad
752 2387 831 2451 hanc
852 2386 1114 2468 comparationem
1139 2388 1273 2469 pertinet

216 2492 432 2559 Scribendum:
468 2514 587 2557 mores
622 2493 789 2558 omnium
821 2510 862 2557 ao
890 2513 1053 2575 corpora
1081 2511 1274 2574 procerum

216 2600 425 2665 connubiis
448 2599 582 2666 mixtis
605 2598 785 2665 nonnihil
812 2599 849 2662 in
877 2598 1144 2662 Sarmatarum
1177 2598 1276 2664 habi·

216 2705 295 2770 tum
325 2705 530 2781 sedentum
567 2705 627 2771 nisi
660 2705 740 2790 qnod
766 2724 820 2788 pro
856 2722 1060 2788 procerum
1094 2704 1165 2771 sine
1195 2704 1276 2769 dubio

215 2810 425 2894 reponendum
452 2834 681 2896 paucorum,
715 2811 794 2895 qood
817 2819 887 2894 apte
908 2809 946 2874 ad
968 2810 1141 2875 omnium
1164 2815 1275 2878 contra·

217 2917 297 2982 riom
318 2917 456 2983 retertur.
505 2918 689 3004 [Corpora
711 2919 871 2982 invenerat
892 2915 1115 2997 Mnetaellius.]

316 3103 478 3218 Agricolae
510 3152 535 3197 c.
574 3134 609 3197 i:
654 3133 692 3198 Is
735 3130 925 3213 (Mucianus)
1057 3129 1277 3213 Agricolam

330 3241 525 3306 vicesimae
560 3239 721 3324 legioni,
762 3238 872 3304 tarde
904 3235 949 3302 ad
992 3241 1277 3301 sacramentnm

87 3434 89 3440 Ι
217 3347 501 3428 transgressae,
523 3345 753 3430 praeposuit.
787 3343 850 3408 ubi
872 3343 1059 3407 decessor
1091 3340 1278 3405 seditioso

218 3470 335 3535 agere
376 3454 622 3530 narrabatnr3
656 3453 798 3536 qnippe
830 3447 977 3533 legatis
1008 3465 1160 3530 quoqne
1198 3464 1279 3511 con·

218 3558 419 3624 sularibus
442 3560 564 3624 nimia
584 3579 628 3624 ao
649 3556 901 3624 formidolosa
922 3555 1017 3628 erat3
1040 3571 1112 3617 nec
1127 3553 1279 3636 legatus

219 3664 422 3749 praetorius
444 3665 488 3736 ad
519 3664 771 3730 cohibendum
802 3664 955 3747 potens,
992 3659 1193 3724 incertum
1224 3674 1279 3724 sno

220 3791 265 3837 an
288 3773 457 3838 militum
488 3771 661 3856 ingenio.
716 3769 854 3835 Primum
887 3767 1072 3849 apparator
1094 3763 1144 3830 his
1166 3766 1281 3846 postre-

219 3881 279 3943 mis
301 3883 333 3944 et
355 3899 389 3945 ex
411 3880 460 3954 iis,
492 3899 561 3962 quae
582 3880 751 3963 sequuntur
772 3874 811 3940 de
834 3872 996 3957 Agricola„
1010 3888 1070 3934 non
1093 3869 1280 3935 decessorem

221 3988 287 4054 eins
321 3987 471 4072 (legatum
503 3986 690 4069 praetorium,
722 3983 771 4049 cni
802 3978 1022 4061 comedebant
1043 3974 1099 4042 sed
1131 3974 1281 4058 legionem

220 4092 364 4158 seditiose
386 4094 494 4176 egisse.
554 4091 671 4157 Deinde
693 4107 815 4174 prorsus
836 4104 930 4170 prave
962 4083 1106 4182 legatis
1140 4095 1282 4165 qnoque
