2662 5062
197 266 200 272 ’
243 286 308 349 414
602 282 881 354 saturnoque

201 490 261 555 boc
285 491 345 565 est,
363 486 505 570 exiguum
528 484 608 550 illud
628 501 704 566 opus
725 483 842 555 iacere,
878 481 958 567 qnod
986 484 1072 550 iners
1095 478 1198 552 otium
1220 487 1276 553 ed-

203 593 357 672 mitrato
858 665 862 670 ,

303 695 370 762 lbd.
395 694 444 772 18,
467 696 487 758 2
511 696 646 779 primum
668 694 829 761 senentis
849 697 964 763 rectius
985 696 1170 779 separandae
1184 701 1273 763 sunt:

203 801 304 882 Quid
338 802 492 867 snmus?
531 799 657 884 preda
688 800 921 867 animalium
957 805 993 866 et
1024 802 1198 868 victimer
1233 821 1274 868 ac

202 907 445 973 bellissimus
488 909 524 971 et
561 905 777 973 facillimus
805 907 979 991 sanguis,
1008 910 1189 992 quoniam
1211 927 1273 974 ce·

201 1011 300 1078 teris
321 1011 560 1077 animalibus
581 1011 618 1076 in
641 1014 803 1079 tutelam
826 1013 884 1079 sui
906 1014 1006 1079 setis
1037 1015 1180 1081 virium
1203 1018 1269 1083 est

203 1117 442 1202 Quacunque
475 1135 569 1202 saga
613 1119 873 1184 nascebantur
907 1122 945 1185 et
984 1122 1118 1185 actura
1152 1121 1270 1187 sitam

204 1243 416 1311 segregem,
467 1224 616 1290 armeta
663 1226 768 1301 sunt;
822 1224 1011 1289 bominem
1068 1226 1271 1292 imbecilla

203 1331 340 1414 eingit;
381 1348 455 1396 non
490 1329 671 1413 unguium
697 1330 773 1407 uis,
804 1329 1073 1395 uenientium
1104 1332 1269 1397 terribi-

202 1435 275 1501 lem
307 1435 454 1502 ceteris
487 1436 591 1501 iecit.
644 1435 763 1501 Deinde
794 1440 923 1519 apparet
956 1435 1103 1502 mendum
1139 1456 1208 1504 osse
1236 1438 1267 1502 in

201 1540 256 1606 illo
276 1540 475 1608 imbecille
495 1540 635 1624 cingit,
656 1542 846 1625 proquoqui
861 1542 1120 1609 imbecillitas
1143 1543 1269 1628 cingit

202 1646 412 1723 substituunt,
434 1646 629 1732 improbabili
650 1646 822 1712 mutatione
843 1648 1028 1714 sententiam
1050 1650 1168 1714 rectam
1207 1668 1265 1715 non

202 1755 435 1836 consequuntur.
481 1753 626 1832 (Haasius
648 1771 771 1836 prorsus
792 1753 929 1829 aberret3
961 1772 1034 1818 nam
1055 1755 1192 1820 societas
1214 1772 1268 1837 pro

202 1856 296 1920 armis
318 1855 392 1922 date
419 1859 490 1941 post
518 1863 785 1934 commemoratur,
817 1858 868 1922 bie
895 1875 1049 1923 armornm
1077 1858 1184 1940 inopia
1214 1859 1268 1923 ‹le-

201 1959 357 2041 olaretnr.)
411 1964 576 2052 Manifesto
599 1967 734 2049 primum
765 1963 955 2048 significatur
976 1962 1131 2028 hominem
1160 1966 1267 2029 contm

201 2066 351 2150 impetum
384 2089 460 2135 non
477 2071 559 2155 cingi
596 2072 686 2137 firmo
722 2071 857 2152 duroque
887 2068 1056 2152 tegimento
1090 2067 1267 2145 (nudum),

202 2171 311 2239 ueiens
341 2193 401 2241 nou
427 2176 555 2254 habere,
589 2177 700 2260 quibus
721 2176 784 2241 alia
803 2174 1000 2260 aggrediatur
1028 2173 1265 2250 (infirmum).

201 2278 324 2361 Excidit
345 2300 457 2348 nornen
478 2281 620 2348 feminini
643 2282 764 2368 generis
786 2279 912 2346 adrem
936 2281 968 2344 et
988 2279 1116 2344 verbum
1140 2280 1269 2364 cingit

200 2386 324 2468 aptum:
368 2385 878 2474 imbecille[eeoie]cingit.
921 2384 1108 2462 (llorrccte
1129 2384 1267 2470 Lipsius:

200 2511 244 2558 ex
275 2493 442 2562 obnoxio
474 2493 771 2560 validissimum.
825 2490 899 2555 Nau.
933 2489 1151 2569 obnoxiom‚
1191 2491 1268 2556 satis

200 2597 365 2664 manifesto
386 2597 524 2677 indicio.)

218 2766 220 2769 ,
299 2703 367 2769 Ibd.
386 2703 440 2778 119,
464 2703 499 2769 2:
543 2706 651 2770 Hunc
683 2703 805 2790 igitur
835 2702 939 2781 (deum
968 2699 1102 2784 llpieun')
1129 2700 1268 2783 insep-

199 2808 277 2871 tum
299 2807 454 2891 ingenti
487 2810 642 2891 quidem
664 2811 701 2874 et
721 2806 995 2892 inexplicabili
1027 2822 1131 2870 muro
1166 2804 1268 2870 divi·

199 2929 358 2995 sumque
388 2931 407 2977 a
436 2916 622 2981 contactu
659 2918 747 2982 eta
786 2915 998 2996 conspectu
1037 2909 1267 2974 mortalium

198 3153 397 3165 -ι--σ--η

224 3344 247 3412 ι)
266 3349 331 3420 Cep.
351 3350 393 3410 16,
421 3347 528 3419 aquen
555 3351 721 3420 ascriptnre
744 3347 843 3404 codicis
860 3346 1006 3402 Neaerieni
1035 3345 1214 3415 (quomodo
1232 3339 1268 3397 in

266 3440 406 3510 feceris)
434 3443 621 3498 restituerem:
653 3440 819 3512 quomodo
846 3439 1031 3507 adficeris,
1066 3439 1197 3509 precepit
1227 3437 1265 3492 le

267 3532 395 3588 Hortalus
411 3534 442 3588 in
459 3534 652 3599 miscellaneis,
681 3550 739 3604 qna
763 3533 906 3589 annalibus
925 3533 1020 3604 philol.
1048 3531 1174 3603 inseruit,
1206 3532 1268 3588 loco

267 3628 310 3682 10.
346 3625 459 3680 Residet
485 3625 566 3695 paulo
589 3628 654 3682 ante
676 3624 803 3681 mendum
822 3628 852 3682 in
877 3628 932 3682 his:
961 3627 1036 3696 quis
1060 3643 1126 3681 non
1145 3625 1267 3696 ingra-

264 3720 334 3773 tum
379 3717 579 3775 detestetur
625 3719 797 3774 hominem
844 3719 914 3774 sibi
961 3717 1031 3787 ipsi
1079 3716 1267 3772 inutilem?

265 3809 366 3878 Agitur
383 3811 416 3866 de
436 3829 517 3869 eausa
535 3813 687 3870 detestandi
705 3811 1017 3881 reiiciturqnellpicuree
1034 3808 1067 3864 de
1085 3807 1172 3863 animi
1192 3807 1268 3878 grati

265 3901 398 3968 utilitate,
427 3905 530 3975 ingrati
561 3906 715 3962 inutilitate
744 3903 887 3961 sententia.
922 3904 1034 3959 Rectum
1053 3904 1140 3957 esset:
1178 3899 1267 3966 Quis

265 4007 331 4046 non
352 3995 530 4064 ingratum
548 3998 761 4065 detestetur,
781 4017 839 4051 non
866 3996 1080 4051 inhominem
1100 3991 1171 4049 sibi
1191 3991 1267 4061 ipsi

264 4081 450 4140 inutilem?
489 4088 527 4143 Et
544 4088 657 4146 fortusse
675 4092 714 4146 sic
733 4089 833 4145 Seneca
850 4088 967 4160 scripsit.
