2662 5062
262 287 325 349 45⁶2
621 287 683 344 Lib.
692 289 768 344 VlIL
775 288 899 357 Caplll.

321 487 388 550 Lib.
412 486 471 564 VI,
509 486 609 558 2‚r3:
654 485 880 551 Sinedubio
905 486 944 550 id
977 507 1091 554 unum
1118 491 1270 573 parienti

221 592 332 656 nobis
376 592 472 658 satis
516 599 638 669 esset,
681 591 777 675 quod
814 595 982 657 tremunt
1017 596 1150 672 terrae,
1191 597 1270 680 quot

221 697 352 763 subito
398 697 644 780 dissipantur
694 716 736 762 ac
782 699 1037 780 superposita
1079 700 1269 766 deducunt

220 803 313 867 Ridet
335 803 458 877 Seneca,
492 805 528 867 ut
548 802 714 868 ostendunt
734 805 766 866 ct
789 822 856 885 qna
878 802 1067 870 antecedunt
1089 809 1123 871 et
1144 827 1209 890 qna
1230 826 1269 872 se

219 912 366 990 quantur,
403 928 463 988 eos,
497 910 548 992 qui
578 912 668 974 terrae
699 911 847 974 tremores
881 908 1057 993 similiaque
1085 912 1271 977 vehementer

219 1014 340 1089 timent,
372 1016 459 1097 qnasi
486 1034 546 1079 non
579 1012 713 1095 undique
749 1014 885 1079 homines
922 1015 1017 1078 etiam
1050 1035 1088 1081 er
1119 1017 1271 1083 levissimis

219 1119 318 1185 causis
340 1120 476 1201 pericula
497 1120 641 1185 interitus
663 1120 872 1183 circumstent.
930 1121 1039 1204 Itaque
1069 1121 1210 1204 ineptum
1232 1126 1272 1188 est

219 1225 319 1289 satis
356 1228 466 1289 esset.
527 1225 568 1290 Et
598 1224 716 1290 codices
748 1224 788 1306 (n
827 1226 952 1308 aliique)
986 1227 1085 1292 satis
1123 1229 1271 1293 omittunt

218 1329 419 1393 Scribendum
443 1332 495 1394 est
509 1331 620 1414 igitur:
663 1330 754 1396 Sine
782 1330 898 1394 dnbio
920 1331 956 1394 id
978 1350 1091 1395 unum
1115 1333 1273 1414 periculi

216 1433 326 1497 nobis
349 1445 416 1511 eet,
440 1436 536 1518 qnod
558 1439 614 1500 eet.
659 1436 778 1501 Ironice
800 1435 975 1501 affirmatur
1000 1436 1059 1501 hoe
1083 1455 1179 1503 unum
1204 1458 1272 1512 esse,

216 1542 251 1602 nt
281 1539 479 1622 significetur,
515 1542 613 1606 multa
645 1541 708 1606 alia
737 1561 813 1607 esse.
856 1541 1013 1606 Notabilis
1042 1542 1093 1606 hic
1124 1544 1156 1608 in
1185 1545 1273 1610 ironia

218 1665 289 1710 usus
323 1665 433 1711 vocum
471 1647 557 1711 sine
590 1647 727 1724 dubio,
760 1666 827 1729 quae
860 1646 940 1730 apud
963 1647 1113 1712 Senecam
1138 1652 1170 1714 et
1191 1651 1273 1715 huius

215 1751 316 1815 aetatis
338 1753 499 1836 scriptores
521 1753 551 1816 in
574 1751 769 1817 concedendo
791 1752 863 1835 poni
884 1753 994 1828 solent,
1016 1754 1169 1834 reperitur
1184 1756 1272 1820 etiarn

215 1856 295 1938 epist
325 1857 374 1932 48,
409 1859 446 1921 6:
470 1861 556 1924 sine
578 1858 699 1924 dnbio
721 1858 931 1923 verendum
953 1859 1033 1934 est,
1055 1879 1099 1922 ne
1120 1861 1272 1943 quando

214 1962 252 2025 in
275 1964 506 2045 muscipula
538 1964 721 2046 syllabas
751 1965 904 2047 capiam
932 1966 1003 2029 aut
1117 1984 1270 2032 caseum

213 2066 319 2132 liber
351 2070 543 2135 comedat.
598 2070 743 2136 Proxima
775 2070 805 2152 (ᾖ
845 2069 878 2148 4)
914 2071 958 2134 sic
994 2070 1175 2137 scribenda:
1217 2074 1271 2136 Ita

213 2173 409 2239 videlicet
435 2177 521 2241 nati
544 2194 698 2252 sumus,
726 2178 804 2240 tam
826 2174 970 2240 felicia
998 2177 1142 2240 sortiti
1165 2197 1271 2243 mem·

211 2281 296 2357 bra,
340 2283 377 2345 in
414 2282 515 2345 hanc
546 2279 867 2364 magnitudinem
890 2282 1110 2353 crevimus,
1144 2293 1185 2343 ut
1210 2291 1270 2367 (pro

212 2388 263 2465 et)
286 2386 330 2449 ob
351 2386 424 2450 hoc
446 2387 524 2451 nisi
547 2385 679 2450 mundi
702 2386 890 2467 partibus
911 2386 1033 2451 motis
1142 2390 1270 2470 perire

210 2508 283 2553 non
301 2492 498 2573 possimos
520 2497 586 2573 (pro
607 2497 842 2573 possumus).

310 2597 375 2661 Ibd.
400 2598 429 2673 6,
452 2596 489 2658 2:
526 2597 635 2661 siout
662 2597 700 2660 in
730 2597 911 2680 navigiis
936 2616 1089 2681 quoqne
1113 2602 1268 2671 evenit,

209 2705 267 2777 ut,
313 2702 346 2766 si
395 2701 599 2766 inclinata
635 2704 731 2767 sunt
773 2709 812 2766 et
847 2703 1037 2768 abierunt
1073 2705 1113 2768 in
1146 2705 1270 2781 latua,

208 2824 346 2888 aquam
369 2808 579 2882 sorbeant,
613 2826 695 2889 quae
726 2808 764 2871 in
794 2809 897 2871 omni
933 2827 1097 2875 onerum
1121 2829 1269 2883 eornm,

208 2930 288 2992 qnae
322 2911 449 2991 vehit,
494 2914 527 2977 si
569 2912 783 2976 immodice
820 2911 1015 2996 depressa
1053 2919 1165 2991 sunt,
1211 2920 1272 2982 ant

207 3016 520 3097 superfunditur
567 3021 630 3082 aut
673 3018 785 3081 certe
819 3016 966 3108 *dextra
1017 3021 1270 3107 sinistraque

206 3121 336 3185 solito
370 3123 499 3206 magis
533 3124 674 3207 surgit.
724 3118 774 3187 Sic
805 3122 848 3197 Ε,
880 3143 934 3205 pro
967 3144 1028 3207 qua
1058 3128 1211 3211 scriptura
1241 3132 1271 3194 in

205 3226 273 3292 aliis
301 3227 512 3310 interpolando
535 3230 735 3293 substitutum
765 3231 826 3293 est:
854 3227 892 3293 in
923 3231 1029 3295 omni
1056 3251 1178 3299 onere
1209 3255 1271 3301 eo-

204 3351 302 3405 rum,
339 3333 403 3398 sine
435 3353 535 3398 sensu.
592 3332 771 3415 scripserat,
802 3336 838 3397 ut
868 3335 981 3417 opinor.
1014 3336 1148 3404 Seneca:
1188 3364 1269 3426 quae

204 3439 416 3521 impatiens
437 3456 596 3502 onerum
620 3457 768 3516 eorum,
801 3459 883 3522 quae
914 3443 1045 3522 vehit,
1071 3444 1104 3508 ai
1127 3447 1269 3514 immo·

203 3542 292 3608 dice
315 3544 508 3627 depressa
529 3546 636 3620 sunt,
659 3548 726 3609 aut
748 3548 806 3609 cet.

302 3650 367 3714 lbd.
390 3650 419 3723 7,
442 3650 479 3725 5,
516 3650 567 3713 nbi
596 3648 633 3714 de
660 3652 747 3734 aquis
770 3655 801 3716 et
824 3652 902 3715 mari
933 3641 1132 3720 subterraneo
1154 3658 1266 3741 agitur,

203 3774 283 3820 nunc
306 3754 422 3820 editur:
456 3755 520 3837 qui
555 3774 630 3819 non
660 3755 790 3821 credit
814 3757 850 3821 in
887 3759 1120 3825 abscondito
1148 3765 1268 3831 terrae

201 3861 313 3925 ainus
335 3862 457 3925 maris
473 3860 596 3937 vasti;
619 3861 788 3942 superiores
800 3866 960 3927 senserant
971 3863 1141 3931 desiderari
1165 3888 1268 3947 esse,

201 3966 254 4029 sed
287 3967 354 4030 loco
383 3968 553 4049 non-rento
579 3970 759 4048 posuerant;
791 3968 905 4033 excidit
932 3970 1013 4034 enim
1041 3973 1124 4036 inter
1157 3979 1225 4040 eet
1252 3999 1267 4038 e
