<?xml version="1.0" encoding="UTF-8"?>
<!DOCTYPE html PUBLIC "-//W3C//DTD XHTML 1.0 Transitional//EN"
    "http://www.w3.org/TR/xhtml1/DTD/xhtml1-transitional.dtd">
<html xmlns="http://www.w3.org/1999/xhtml" xml:lang="en" lang="en">
 <head>
  <title>
</title>
<meta http-equiv="Content-Type" content="text/html;charset=utf-8" />
  <meta name='ocr-system' content='tesseract 3.04.00' />
  <meta name='ocr-capabilities' content='ocr_page ocr_carea ocr_par ocr_line ocrx_word'/>
</head>
<body>
  <div class='ocr_page' id='page_1' title='image "./ioniemadvigiiad00madvgoog_0824.png"; bbox 0 0 2656 5056; ppageno 0'>
   <div class='ocr_carea' id='block_1_1' title="bbox 242 251 876 320">
    <p class='ocr_par' dir='ltr' id='par_1_1' title="bbox 242 251 876 320">
     <span class='ocr_line' id='line_1_1' title="bbox 242 251 876 320; baseline -0.017 -2"><span class='ocrx_word' id='word_1_1' title='bbox 242 255 301 318; x_wconf 67' lang='lat' dir='ltr'><em>m</em></span> <span class='ocrx_word' id='word_1_2' title='bbox 609 251 876 320; x_wconf 57' lang='lat' dir='ltr'><strong>mumn</strong></span> 
     </span>
    </p>
   </div>
   <div class='ocr_carea' id='block_1_2' title="bbox 200 447 1290 1064">
    <p class='ocr_par' dir='ltr' id='par_1_2' title="bbox 200 447 1286 851">
     <span class='ocr_line' id='line_1_2' title="bbox 200 447 1284 534; baseline -0.009 -16"><span class='ocrx_word' id='word_1_3' title='bbox 200 451 314 518; x_wconf 82' lang='lat' dir='ltr'><strong>crimen</strong></span> <span class='ocrx_word' id='word_1_4' title='bbox 347 451 511 531; x_wconf 77' lang='lat' dir='ltr'>pertineat,</span> <span class='ocrx_word' id='word_1_5' title='bbox 544 448 662 513; x_wconf 89' lang='lat' dir='ltr'><strong>nullum</strong></span> <span class='ocrx_word' id='word_1_6' title='bbox 696 449 814 514; x_wconf 80' lang='lat' dir='ltr'><strong>lacuum</strong></span> <span class='ocrx_word' id='word_1_7' title='bbox 851 469 937 517; x_wconf 85' lang='lat' dir='ltr'><strong>ease.</strong></span> <span class='ocrx_word' id='word_1_8' title='bbox 1000 450 1166 534; x_wconf 74' lang='lat' dir='ltr'><strong>Scnnseni</strong></span> <span class='ocrx_word' id='word_1_9' title='bbox 1187 447 1244 530; x_wconf 78' lang='lat' dir='ltr'><strong>igin</strong></span> <span class='ocrx_word' id='word_1_10' title='bbox 1283 482 1284 485; x_wconf 60' lang='lat'><em>=</em></span> 
     </span>
     <span class='ocr_line' id='line_1_3' title="bbox 201 553 1284 638; baseline -0.008 -15"><span class='ocrx_word' id='word_1_11' title='bbox 201 557 322 623; x_wconf 78' lang='lat' dir='ltr'><strong>Cicero:</strong></span> <span class='ocrx_word' id='word_1_12' title='bbox 356 557 490 622; x_wconf 82' lang='lat' dir='ltr'><strong>Gnnsnn</strong></span> <span class='ocrx_word' id='word_1_13' title='bbox 521 573 715 638; x_wconf 86' lang='lat' dir='ltr'><strong>nusquam</strong></span> <span class='ocrx_word' id='word_1_14' title='bbox 748 553 964 623; x_wconf 78' lang='lat' dir='ltr'><strong>Staienus</strong></span> <span class='ocrx_word' id='word_1_15' title='bbox 996 576 1038 625; x_wconf 84' lang='lat' dir='ltr'><strong>aa</strong></span> <span class='ocrx_word' id='word_1_16' title='bbox 1068 557 1110 624; x_wconf 85' lang='lat' dir='ltr'><strong>da</strong></span> <span class='ocrx_word' id='word_1_17' title='bbox 1139 574 1170 623; x_wconf 82' lang='lat' dir='ltr'><strong>ne</strong></span> <span class='ocrx_word' id='word_1_18' title='bbox 1193 554 1245 634; x_wconf 76' lang='lat' dir='ltr'><strong>lugi</strong></span> <span class='ocrx_word' id='word_1_19' title='bbox 1283 578 1284 582; x_wconf 37' lang='lat'>¹</span> 
     </span>
     <span class='ocr_line' id='line_1_4' title="bbox 202 660 1286 748; baseline -0.001 -19"><span class='ocrx_word' id='word_1_20' title='bbox 202 662 318 729; x_wconf 78' lang='lat' dir='ltr'><strong>dixit.</strong></span> <span class='ocrx_word' id='word_1_21' title='bbox 372 661 582 746; x_wconf 86' lang='lat' dir='ltr'><strong>Proprium</strong></span> <span class='ocrx_word' id='word_1_22' title='bbox 613 661 765 727; x_wconf 84' lang='lat' dir='ltr'><strong>crimen</strong></span> <span class='ocrx_word' id='word_1_23' title='bbox 794 661 911 728; x_wconf 91' lang='lat' dir='ltr'><strong>illnd</strong></span> <span class='ocrx_word' id='word_1_24' title='bbox 937 660 1246 748; x_wconf 81' lang='lat' dir='ltr'><strong>qnaesiinninuiu</strong></span> <span class='ocrx_word' id='word_1_25' title='bbox 1284 707 1286 728; x_wconf 62' lang='lat'><em>2</em></span> 
     </span>
     <span class='ocr_line' id='line_1_5' title="bbox 204 766 1247 851; baseline -0.006 -15"><span class='ocrx_word' id='word_1_26' title='bbox 204 771 256 847; x_wconf 87' lang='lat' dir='ltr'><strong>(de</strong></span> <span class='ocrx_word' id='word_1_27' title='bbox 278 769 453 845; x_wconf 79' lang='lat' dir='ltr'><strong>maiestate,</strong></span> <span class='ocrx_word' id='word_1_28' title='bbox 476 786 537 851; x_wconf 93' lang='lat' dir='ltr'><strong>qna</strong></span> <span class='ocrx_word' id='word_1_29' title='bbox 553 767 695 832; x_wconf 79' lang='lat' dir='ltr'><strong>Staienus</strong></span> <span class='ocrx_word' id='word_1_30' title='bbox 711 768 880 834; x_wconf 84' lang='lat' dir='ltr'><strong>damnatus</strong></span> <span class='ocrx_word' id='word_1_31' title='bbox 896 772 968 846; x_wconf 79' lang='lat' dir='ltr'><strong>est)</strong></span> <span class='ocrx_word' id='word_1_32' title='bbox 993 790 1074 837; x_wconf 93' lang='lat' dir='ltr'><strong>non</strong></span> <span class='ocrx_word' id='word_1_33' title='bbox 1096 771 1177 836; x_wconf 72' lang='lat' dir='ltr'><strong>inii</strong></span> <span class='ocrx_word' id='word_1_34' title='bbox 1200 766 1247 830; x_wconf 65' lang='lat' dir='ltr'><strong>Sui</strong></span> 
     </span>
    </p>

    <p class='ocr_par' dir='ltr' id='par_1_3' title="bbox 205 872 1290 1064">
     <span class='ocr_line' id='line_1_6' title="bbox 205 872 1290 958; baseline -0.004 -18"><span class='ocrx_word' id='word_1_35' title='bbox 205 878 304 942; x_wconf 87' lang='lat' dir='ltr'><strong>videri</strong></span> <span class='ocrx_word' id='word_1_36' title='bbox 325 875 530 958; x_wconf 79' lang='lat' dir='ltr'><strong>potestesse:</strong></span> <span class='ocrx_word' id='word_1_37' title='bbox 558 872 724 939; x_wconf 83' lang='lat' dir='ltr'><strong>Causam</strong></span> <span class='ocrx_word' id='word_1_38' title='bbox 747 894 776 939; x_wconf 92' lang='lat' dir='ltr'><strong>n.</strong></span> <span class='ocrx_word' id='word_1_39' title='bbox 800 873 855 939; x_wconf 66' lang='lat' dir='ltr'><strong>Si„</strong></span> <span class='ocrx_word' id='word_1_40' title='bbox 882 894 931 940; x_wconf 88' lang='lat' dir='ltr'><strong>aa</strong></span> <span class='ocrx_word' id='word_1_41' title='bbox 956 876 1011 942; x_wconf 84' lang='lat' dir='ltr'><strong>da</strong></span> <span class='ocrx_word' id='word_1_42' title='bbox 1035 897 1078 943; x_wconf 87' lang='lat' dir='ltr'><strong>ra</strong></span> <span class='ocrx_word' id='word_1_43' title='bbox 1100 872 1248 949; x_wconf 60' lang='lat' dir='ltr'><strong>diniensi</strong></span> <span class='ocrx_word' id='word_1_44' title='bbox 1289 899 1290 904; x_wconf 40' lang='lat'>¹</span> 
     </span>
     <span class='ocr_line' id='line_1_7' title="bbox 205 967 1290 1064; baseline -0.008 -17"><span class='ocrx_word' id='word_1_45' title='bbox 205 1002 264 1048; x_wconf 91' lang='lat' dir='ltr'><strong>non</strong></span> <span class='ocrx_word' id='word_1_46' title='bbox 286 980 423 1047; x_wconf 86' lang='lat' dir='ltr'><strong>abundat</strong></span> <span class='ocrx_word' id='word_1_47' title='bbox 454 980 560 1063; x_wconf 84' lang='lat' dir='ltr'><strong>lcge;</strong></span> <span class='ocrx_word' id='word_1_48' title='bbox 588 980 780 1064; x_wconf 81' lang='lat' dir='ltr'><strong>significatur</strong></span> <span class='ocrx_word' id='word_1_49' title='bbox 808 981 896 1045; x_wconf 90' lang='lat' dir='ltr'><strong>enim</strong></span> <span class='ocrx_word' id='word_1_50' title='bbox 926 982 1092 1049; x_wconf 80' lang='lat' dir='ltr'><strong>iactatam</strong></span> <span class='ocrx_word' id='word_1_51' title='bbox 1117 979 1249 1048; x_wconf 65' lang='lat' dir='ltr'><strong>forum</strong></span> <span class='ocrx_word' id='word_1_52' title='bbox 1289 967 1290 1039; x_wconf 81' lang='lat' dir='ltr'>j</span> 
     </span>
    </p>
   </div>
   <div class='ocr_carea' id='block_1_3' title="bbox 205 1083 1290 1276">
    <p class='ocr_par' dir='ltr' id='par_1_4' title="bbox 205 1083 1290 1276">
     <span class='ocr_line' id='line_1_8' title="bbox 206 1083 1290 1176; baseline -0.004 -24"><span class='ocrx_word' id='word_1_53' title='bbox 206 1085 380 1152; x_wconf 82' lang='lat' dir='ltr'><strong>maiestatis</strong></span> <span class='ocrx_word' id='word_1_54' title='bbox 401 1083 519 1151; x_wconf 87' lang='lat' dir='ltr'><strong>indicio</strong></span> <span class='ocrx_word' id='word_1_55' title='bbox 542 1085 636 1150; x_wconf 79' lang='lat' dir='ltr'><strong>eliam</strong></span> <span class='ocrx_word' id='word_1_56' title='bbox 657 1091 755 1168; x_wconf 77' lang='lat' dir='ltr'><strong>captae</strong></span> <span class='ocrx_word' id='word_1_57' title='bbox 776 1086 923 1168; x_wconf 76' lang='lat' dir='ltr'><strong>pecnnia</strong></span> <span class='ocrx_word' id='word_1_58' title='bbox 941 1088 1107 1176; x_wconf 82' lang='lat' dir='ltr'><strong>invidiam</strong></span> <span class='ocrx_word' id='word_1_59' title='bbox 1122 1083 1250 1158; x_wconf 60' lang='lat' dir='ltr'><strong>iniaeud</strong></span> <span class='ocrx_word' id='word_1_60' title='bbox 1289 1086 1290 1089; x_wconf 74' lang='grc'>’</span> 
     </span>
     <span class='ocr_line' id='line_1_9' title="bbox 205 1189 971 1276; baseline 0.001 -20"><span class='ocrx_word' id='word_1_61' title='bbox 205 1191 381 1276; x_wconf 83' lang='lat' dir='ltr'><strong>legitimum</strong></span> <span class='ocrx_word' id='word_1_62' title='bbox 403 1189 470 1256; x_wconf 87' lang='lat' dir='ltr'><strong>eius</strong></span> <span class='ocrx_word' id='word_1_63' title='bbox 492 1191 536 1255; x_wconf 85' lang='lat' dir='ltr'><strong>rei</strong></span> <span class='ocrx_word' id='word_1_64' title='bbox 557 1190 706 1258; x_wconf 88' lang='lat' dir='ltr'><strong>iudicium</strong></span> <span class='ocrx_word' id='word_1_65' title='bbox 727 1210 786 1256; x_wconf 93' lang='lat' dir='ltr'><strong>non</strong></span> <span class='ocrx_word' id='word_1_66' title='bbox 810 1191 971 1272; x_wconf 81' lang='lat' dir='ltr'><strong>fuissa.*)</strong></span> 
     </span>
    </p>
   </div>
   <div class='ocr_carea' id='block_1_4' title="bbox 207 1330 1258 2687">
    <p class='ocr_par' dir='ltr' id='par_1_5' title="bbox 207 1330 1258 2687">
     <span class='ocr_line' id='line_1_10' title="bbox 307 1330 1253 1419; baseline -0.004 -22"><span class='ocrx_word' id='word_1_67' title='bbox 307 1330 476 1397; x_wconf 78' lang='lat' dir='ltr'><strong>lbidllil:</strong></span> <span class='ocrx_word' id='word_1_68' title='bbox 499 1331 606 1413; x_wconf 84' lang='lat' dir='ltr'><strong>Nego</strong></span> <span class='ocrx_word' id='word_1_69' title='bbox 628 1351 707 1397; x_wconf 89' lang='lat' dir='ltr'><strong>rem</strong></span> <span class='ocrx_word' id='word_1_70' title='bbox 729 1350 816 1398; x_wconf 89' lang='lat' dir='ltr'><strong>esse</strong></span> <span class='ocrx_word' id='word_1_71' title='bbox 838 1332 973 1398; x_wconf 89' lang='lat' dir='ltr'><strong>ullam</strong></span> <span class='ocrx_word' id='word_1_72' title='bbox 998 1336 1041 1400; x_wconf 92' lang='lat' dir='ltr'><strong>in</strong></span> <span class='ocrx_word' id='word_1_73' title='bbox 1064 1348 1253 1419; x_wconf 84' lang='lat' dir='ltr'><strong>quemqnan</strong></span> 
     </span>
     <span class='ocr_line' id='line_1_11' title="bbox 208 1437 1254 1520; baseline -0.005 -17"><span class='ocrx_word' id='word_1_74' title='bbox 208 1439 373 1505; x_wconf 85' lang='lat' dir='ltr'><strong>illorum</strong></span> <span class='ocrx_word' id='word_1_75' title='bbox 401 1438 619 1509; x_wconf 84' lang='lat' dir='ltr'><strong>obiectam,</strong></span> <span class='ocrx_word' id='word_1_76' title='bbox 641 1437 1015 1520; x_wconf 79' lang='lat' dir='ltr'><strong>qnael&#39;idicnlanic</strong></span> <span class='ocrx_word' id='word_1_77' title='bbox 1040 1460 1117 1506; x_wconf 90' lang='lat' dir='ltr'><strong>non</strong></span> <span class='ocrx_word' id='word_1_78' title='bbox 1140 1440 1254 1505; x_wconf 73' lang='lat' dir='ltr'><strong>obiecta</strong></span> 
     </span>
     <span class='ocr_line' id='line_1_12' title="bbox 208 1540 1254 1627; baseline -0.005 -17"><span class='ocrx_word' id='word_1_79' title='bbox 208 1547 280 1623; x_wconf 75' lang='lat' dir='ltr'><strong>sii,</strong></span> <span class='ocrx_word' id='word_1_80' title='bbox 308 1542 470 1627; x_wconf 85' lang='lat' dir='ltr'><strong>aliquid</strong></span> <span class='ocrx_word' id='word_1_81' title='bbox 500 1542 628 1608; x_wconf 86' lang='lat' dir='ltr'><strong>fuisse</strong></span> <span class='ocrx_word' id='word_1_82' title='bbox 660 1544 697 1608; x_wconf 91' lang='lat' dir='ltr'><strong>in</strong></span> <span class='ocrx_word' id='word_1_83' title='bbox 728 1543 993 1611; x_wconf 81' lang='lat' dir='ltr'><strong>Fidiculanii</strong></span> <span class='ocrx_word' id='word_1_84' title='bbox 1025 1565 1163 1621; x_wconf 79' lang='lat' dir='ltr'><strong>cansa,</strong></span> <span class='ocrx_word' id='word_1_85' title='bbox 1190 1540 1254 1627; x_wconf 85' lang='lat' dir='ltr'><strong>quui</strong></span> 
     </span>
     <span class='ocr_line' id='line_1_13' title="bbox 207 1650 1255 1737; baseline -0.001 -23"><span class='ocrx_word' id='word_1_86' title='bbox 207 1651 310 1716; x_wconf 90' lang='lat' dir='ltr'><strong>idam</strong></span> <span class='ocrx_word' id='word_1_87' title='bbox 333 1669 406 1716; x_wconf 90' lang='lat' dir='ltr'><strong>nou</strong></span> <span class='ocrx_word' id='word_1_88' title='bbox 430 1651 541 1714; x_wconf 84' lang='lat' dir='ltr'><strong>essai</strong></span> <span class='ocrx_word' id='word_1_89' title='bbox 564 1650 602 1713; x_wconf 92' lang='lat' dir='ltr'><strong>in</strong></span> <span class='ocrx_word' id='word_1_90' title='bbox 624 1651 860 1715; x_wconf 82' lang='lat' dir='ltr'><strong>ceterorum.</strong></span> <span class='ocrx_word' id='word_1_91' title='bbox 908 1651 985 1716; x_wconf 91' lang='lat' dir='ltr'><strong>Dnn</strong></span> <span class='ocrx_word' id='word_1_92' title='bbox 1009 1653 1125 1737; x_wconf 83' lang='lat' dir='ltr'><strong>gravia</strong></span> <span class='ocrx_word' id='word_1_93' title='bbox 1145 1651 1255 1716; x_wconf 78' lang='lat' dir='ltr'><strong>hiclucu</strong></span> 
     </span>
     <span class='ocr_line' id='line_1_14' title="bbox 209 1752 1256 1823; baseline -0.005 0"><span class='ocrx_word' id='word_1_94' title='bbox 209 1754 356 1823; x_wconf 78' lang='lat' dir='ltr'><strong>orationis</strong></span> <span class='ocrx_word' id='word_1_95' title='bbox 391 1756 467 1821; x_wconf 82' lang='lat' dir='ltr'><strong>vitia</strong></span> <span class='ocrx_word' id='word_1_96' title='bbox 498 1752 600 1819; x_wconf 81' lang='lat' dir='ltr'><strong>habel.</strong></span> <span class='ocrx_word' id='word_1_97' title='bbox 655 1754 793 1820; x_wconf 86' lang='lat' dir='ltr'><strong>Primum</strong></span> <span class='ocrx_word' id='word_1_98' title='bbox 827 1756 954 1822; x_wconf 77' lang='lat' dir='ltr'><strong>etiamsi</strong></span> <span class='ocrx_word' id='word_1_99' title='bbox 992 1758 1111 1823; x_wconf 84' lang='lat' dir='ltr'><strong>Latine</strong></span> <span class='ocrx_word' id='word_1_100' title='bbox 1144 1756 1256 1822; x_wconf 78' lang='lat' dir='ltr'><strong>diucutu</strong></span> 
     </span>
     <span class='ocr_line' id='line_1_15' title="bbox 209 1860 1256 1944; baseline 0 -18"><span class='ocrx_word' id='word_1_101' title='bbox 209 1861 389 1926; x_wconf 86' lang='lat' dir='ltr'><strong>obiicere</strong></span> <span class='ocrx_word' id='word_1_102' title='bbox 411 1862 450 1927; x_wconf 92' lang='lat' dir='ltr'><strong>in</strong></span> <span class='ocrx_word' id='word_1_103' title='bbox 473 1862 649 1944; x_wconf 84' lang='lat' dir='ltr'><strong>aliquam</strong></span> <span class='ocrx_word' id='word_1_104' title='bbox 673 1880 731 1943; x_wconf 84' lang='lat' dir='ltr'><strong>pru</strong></span> <span class='ocrx_word' id='word_1_105' title='bbox 749 1878 793 1940; x_wconf 80' lang='lat' dir='ltr'><strong>au,</strong></span> <span class='ocrx_word' id='word_1_106' title='bbox 827 1860 908 1944; x_wconf 88' lang='lat' dir='ltr'><strong>quud</strong></span> <span class='ocrx_word' id='word_1_107' title='bbox 940 1864 994 1927; x_wconf 78' lang='lat' dir='ltr'><strong>esi</strong></span> <span class='ocrx_word' id='word_1_108' title='bbox 1019 1863 1166 1937; x_wconf 88' lang='lat' dir='ltr'><strong>alicui,</strong></span> <span class='ocrx_word' id='word_1_109' title='bbox 1186 1868 1256 1927; x_wconf 81' lang='lat' dir='ltr'><strong>unu</strong></span> 
     </span>
     <span class='ocr_line' id='line_1_16' title="bbox 209 1967 1256 2052; baseline -0.004 -18"><span class='ocrx_word' id='word_1_110' title='bbox 209 1967 313 2034; x_wconf 76' lang='lat' dir='ltr'><strong>(licere</strong></span> <span class='ocrx_word' id='word_1_111' title='bbox 328 1968 361 2032; x_wconf 93' lang='lat' dir='ltr'><strong>in</strong></span> <span class='ocrx_word' id='word_1_112' title='bbox 375 1967 433 2033; x_wconf 88' lang='lat' dir='ltr'><strong>hac</strong></span> <span class='ocrx_word' id='word_1_113' title='bbox 455 1968 676 2035; x_wconf 77' lang='lat' dir='ltr'><strong>contrariorum</strong></span> <span class='ocrx_word' id='word_1_114' title='bbox 691 1967 836 2032; x_wconf 81' lang='lat' dir='ltr'><strong>relatione</strong></span> <span class='ocrx_word' id='word_1_115' title='bbox 851 1985 912 2031; x_wconf 87' lang='lat' dir='ltr'><strong>nun</strong></span> <span class='ocrx_word' id='word_1_116' title='bbox 935 1967 1076 2035; x_wconf 85' lang='lat' dir='ltr'><strong>dixisset</strong></span> <span class='ocrx_word' id='word_1_117' title='bbox 1097 1970 1137 2034; x_wconf 95' lang='lat' dir='ltr'><strong>in</strong></span> <span class='ocrx_word' id='word_1_118' title='bbox 1159 1984 1256 2052; x_wconf 88' lang='lat' dir='ltr'><strong>quen·</strong></span> 
     </span>
     <span class='ocr_line' id='line_1_17' title="bbox 211 2071 1256 2159; baseline -0.003 -20"><span class='ocrx_word' id='word_1_119' title='bbox 211 2093 324 2159; x_wconf 92' lang='lat' dir='ltr'><strong>quam</strong></span> <span class='ocrx_word' id='word_1_120' title='bbox 354 2111 395 2122; x_wconf 91' lang='lat'>-</span> <span class='ocrx_word' id='word_1_121' title='bbox 426 2072 694 2140; x_wconf 76' lang='lat' dir='ltr'><strong>Fidiculanio.</strong></span> <span class='ocrx_word' id='word_1_122' title='bbox 747 2071 865 2137; x_wconf 87' lang='lat' dir='ltr'><strong>Deinde</strong></span> <span class='ocrx_word' id='word_1_123' title='bbox 895 2090 914 2135; x_wconf 88' lang='lat' dir='ltr'><strong>a</strong></span> <span class='ocrx_word' id='word_1_124' title='bbox 948 2073 1104 2158; x_wconf 83' lang='lat' dir='ltr'><strong>legitima</strong></span> <span class='ocrx_word' id='word_1_125' title='bbox 1130 2078 1256 2143; x_wconf 78' lang='lat' dir='ltr'><strong>consuetu</strong></span> 
     </span>
     <span class='ocr_line' id='line_1_18' title="bbox 210 2177 1258 2264; baseline 0.002 -18"><span class='ocrx_word' id='word_1_126' title='bbox 210 2183 282 2247; x_wconf 87' lang='lat' dir='ltr'><strong>dinc</strong></span> <span class='ocrx_word' id='word_1_127' title='bbox 314 2180 458 2246; x_wconf 84' lang='lat' dir='ltr'><strong>abhorret</strong></span> <span class='ocrx_word' id='word_1_128' title='bbox 490 2199 588 2264; x_wconf 86' lang='lat' dir='ltr'><strong>nego</strong></span> <span class='ocrx_word' id='word_1_129' title='bbox 627 2217 665 2227; x_wconf 89' lang='lat'>-</span> <span class='ocrx_word' id='word_1_130' title='bbox 705 2177 864 2262; x_wconf 88' lang='lat' dir='ltr'><strong>aliquid</strong></span> <span class='ocrx_word' id='word_1_131' title='bbox 904 2178 1056 2246; x_wconf 83' lang='lat' dir='ltr'><strong>inisse.</strong></span> <span class='ocrx_word' id='word_1_132' title='bbox 1120 2182 1258 2264; x_wconf 68' lang='lat' dir='ltr'><strong>Scripsem</strong></span> 
     </span>
     <span class='ocr_line' id='line_1_19' title="bbox 211 2285 1257 2373; baseline -0.002 -22"><span class='ocrx_word' id='word_1_133' title='bbox 211 2286 331 2353; x_wconf 87' lang='lat' dir='ltr'><strong>Cicero:</strong></span> <span class='ocrx_word' id='word_1_134' title='bbox 369 2285 479 2372; x_wconf 84' lang='lat' dir='ltr'><strong>Nego</strong></span> <span class='ocrx_word' id='word_1_135' title='bbox 516 2305 594 2352; x_wconf 86' lang='lat' dir='ltr'><strong>ram</strong></span> <span class='ocrx_word' id='word_1_136' title='bbox 631 2304 718 2351; x_wconf 88' lang='lat' dir='ltr'><strong>csse</strong></span> <span class='ocrx_word' id='word_1_137' title='bbox 749 2285 871 2350; x_wconf 87' lang='lat' dir='ltr'><strong>ullam</strong></span> <span class='ocrx_word' id='word_1_138' title='bbox 905 2285 1085 2373; x_wconf 85' lang='lat' dir='ltr'><strong>quuiqnann</strong></span> <span class='ocrx_word' id='word_1_139' title='bbox 1124 2289 1257 2354; x_wconf 84' lang='lat' dir='ltr'><strong>illornn</strong></span> 
     </span>
     <span class='ocr_line' id='line_1_20' title="bbox 209 2392 1257 2476; baseline -0.003 -20"><span class='ocrx_word' id='word_1_140' title='bbox 209 2393 425 2471; x_wconf 78' lang='lat' dir='ltr'><strong>obiectam,</strong></span> <span class='ocrx_word' id='word_1_141' title='bbox 451 2410 532 2476; x_wconf 82' lang='lat' dir='ltr'><strong>qnae</strong></span> <span class='ocrx_word' id='word_1_142' title='bbox 554 2392 815 2458; x_wconf 81' lang='lat' dir='ltr'><strong>Fidiculanio</strong></span> <span class='ocrx_word' id='word_1_143' title='bbox 837 2410 910 2457; x_wconf 87' lang='lat' dir='ltr'><strong>non</strong></span> <span class='ocrx_word' id='word_1_144' title='bbox 933 2393 1106 2460; x_wconf 79' lang='lat' dir='ltr'><strong>obiecta</strong></span> <span class='ocrx_word' id='word_1_145' title='bbox 1128 2398 1193 2467; x_wconf 79' lang='lat' dir='ltr'><strong>eit,</strong></span> <span class='ocrx_word' id='word_1_146' title='bbox 1220 2393 1257 2455; x_wconf 82' lang='lat' dir='ltr'><strong>aul</strong></span> 
     </span>
     <span class='ocr_line' id='line_1_21' title="bbox 210 2497 1257 2585; baseline -0.006 -20"><span class='ocrx_word' id='word_1_147' title='bbox 210 2497 384 2585; x_wconf 81' lang='lat' dir='ltr'><strong>quidquam</strong></span> <span class='ocrx_word' id='word_1_148' title='bbox 410 2498 539 2563; x_wconf 84' lang='lat' dir='ltr'><strong>inisse</strong></span> <span class='ocrx_word' id='word_1_149' title='bbox 568 2499 606 2562; x_wconf 91' lang='lat' dir='ltr'><strong>in</strong></span> <span class='ocrx_word' id='word_1_150' title='bbox 635 2497 889 2564; x_wconf 82' lang='lat' dir='ltr'><strong>Fidiculanii</strong></span> <span class='ocrx_word' id='word_1_151' title='bbox 918 2516 1048 2565; x_wconf 88' lang='lat' dir='ltr'><strong>causa</strong></span> <span class='ocrx_word' id='word_1_152' title='bbox 1073 2503 1132 2566; x_wconf 68' lang='lat' dir='ltr'><strong>cei</strong></span> <span class='ocrx_word' id='word_1_153' title='bbox 1180 2499 1257 2564; x_wconf 80' lang='lat' dir='ltr'><strong>Prion</strong></span> 
     </span>
     <span class='ocr_line' id='line_1_22' title="bbox 210 2603 994 2687; baseline -0.001 -19"><span class='ocrx_word' id='word_1_154' title='bbox 210 2606 276 2670; x_wconf 88' lang='lat' dir='ltr'><strong>loco</strong></span> <span class='ocrx_word' id='word_1_155' title='bbox 298 2604 336 2668; x_wconf 93' lang='lat' dir='ltr'><strong>in</strong></span> <span class='ocrx_word' id='word_1_156' title='bbox 358 2608 465 2669; x_wconf 83' lang='lat' dir='ltr'><strong>nalum</strong></span> <span class='ocrx_word' id='word_1_157' title='bbox 491 2611 539 2669; x_wconf 82' lang='lat' dir='ltr'><strong>est</strong></span> <span class='ocrx_word' id='word_1_158' title='bbox 560 2623 595 2669; x_wconf 83' lang='lat' dir='ltr'><strong>ax</strong></span> <span class='ocrx_word' id='word_1_159' title='bbox 619 2603 801 2687; x_wconf 70' lang='lat' dir='ltr'><strong>precedenti</strong></span> <span class='ocrx_word' id='word_1_160' title='bbox 824 2603 929 2669; x_wconf 80' lang='lat' dir='ltr'><strong>littera</strong></span> <span class='ocrx_word' id='word_1_161' title='bbox 952 2625 994 2669; x_wconf 87' lang='lat' dir='ltr'><strong>m.</strong></span> 
     </span>
    </p>
   </div>
   <div class='ocr_carea' id='block_1_5' title="bbox 210 2731 1303 3242">
    <p class='ocr_par' dir='ltr' id='par_1_6' title="bbox 210 2731 1303 3242">
     <span class='ocr_line' id='line_1_23' title="bbox 312 2731 1259 2816; baseline -0.004 -18"><span class='ocrx_word' id='word_1_162' title='bbox 312 2731 389 2798; x_wconf 91' lang='lat' dir='ltr'><strong>lbid.</strong></span> <span class='ocrx_word' id='word_1_163' title='bbox 415 2733 488 2797; x_wconf 75' lang='lat'><strong>127:</strong></span> <span class='ocrx_word' id='word_1_164' title='bbox 521 2734 564 2797; x_wconf 91' lang='lat' dir='ltr'><strong>In</strong></span> <span class='ocrx_word' id='word_1_165' title='bbox 588 2732 640 2800; x_wconf 85' lang='grc' dir='ltr'><strong>Μ’.</strong></span> <span class='ocrx_word' id='word_1_166' title='bbox 663 2732 870 2816; x_wconf 87' lang='lat' dir='ltr'><strong>Aquilium</strong></span> <span class='ocrx_word' id='word_1_167' title='bbox 901 2735 942 2797; x_wconf 80' lang='lat' dir='ltr'><strong>ct</strong></span> <span class='ocrx_word' id='word_1_168' title='bbox 970 2733 1010 2799; x_wconf 93' lang='lat' dir='ltr'><strong>in</strong></span> <span class='ocrx_word' id='word_1_169' title='bbox 1042 2736 1100 2801; x_wconf 85' lang='lat' dir='ltr'><strong>Ti.</strong></span> <span class='ocrx_word' id='word_1_170' title='bbox 1123 2736 1259 2803; x_wconf 85' lang='lat' dir='ltr'><strong>Gnllan</strong></span> 
     </span>
     <span class='ocr_line' id='line_1_24' title="bbox 210 2836 1260 2920; baseline -0.008 -14"><span class='ocrx_word' id='word_1_171' title='bbox 210 2840 326 2906; x_wconf 83' lang='lat' dir='ltr'><strong>video</strong></span> <span class='ocrx_word' id='word_1_172' title='bbox 363 2857 451 2905; x_wconf 84' lang='lat' dir='ltr'><strong>esse</strong></span> <span class='ocrx_word' id='word_1_173' title='bbox 487 2839 772 2920; x_wconf 81' lang='lat' dir='ltr'><strong>subscriptum.</strong></span> <span class='ocrx_word' id='word_1_174' title='bbox 816 2836 916 2917; x_wconf 82' lang='lat' dir='ltr'><strong>Quid</strong></span> <span class='ocrx_word' id='word_1_175' title='bbox 949 2843 1013 2904; x_wconf 80' lang='lat' dir='ltr'><strong>esi</strong></span> <span class='ocrx_word' id='word_1_176' title='bbox 1051 2842 1147 2908; x_wconf 79' lang='lat' dir='ltr'><strong>hoc?</strong></span> <span class='ocrx_word' id='word_1_177' title='bbox 1180 2840 1260 2905; x_wconf 84' lang='lat' dir='ltr'><strong>Ducs</strong></span> 
     </span>
     <span class='ocr_line' id='line_1_25' title="bbox 210 2943 1260 3028; baseline -0.008 -16"><span class='ocrx_word' id='word_1_178' title='bbox 210 2966 296 3014; x_wconf 87' lang='lat' dir='ltr'><strong>esse</strong></span> <span class='ocrx_word' id='word_1_179' title='bbox 329 2947 542 3027; x_wconf 78' lang='lat' dir='ltr'><strong>corruptos</strong></span> <span class='ocrx_word' id='word_1_180' title='bbox 575 2944 683 3010; x_wconf 86' lang='lat' dir='ltr'><strong>solos</strong></span> <span class='ocrx_word' id='word_1_181' title='bbox 716 2944 1127 3028; x_wconf 73' lang='lat' dir='ltr'><strong>pecnniai&#39;llinant3</strong></span> <span class='ocrx_word' id='word_1_182' title='bbox 1161 2943 1260 3012; x_wconf 83' lang='lat' dir='ltr'><strong>celeri</strong></span> 
     </span>
     <span class='ocr_line' id='line_1_26' title="bbox 210 3049 1261 3136; baseline -0.004 -19"><span class='ocrx_word' id='word_1_183' title='bbox 210 3053 409 3118; x_wconf 72' lang='lat' dir='ltr'><strong>videlicet</strong></span> <span class='ocrx_word' id='word_1_184' title='bbox 429 3050 562 3136; x_wconf 82' lang='lat' dir='ltr'><strong>graiis</strong></span> <span class='ocrx_word' id='word_1_185' title='bbox 585 3051 908 3117; x_wconf 77' lang='lat' dir='ltr'><strong>condemnarunt.</strong></span> <span class='ocrx_word' id='word_1_186' title='bbox 942 3049 1060 3135; x_wconf 90' lang='lat' dir='ltr'><strong>Neque</strong></span> <span class='ocrx_word' id='word_1_187' title='bbox 1084 3054 1169 3121; x_wconf 84' lang='lat' dir='ltr'><strong>bravi</strong></span> <span class='ocrx_word' id='word_1_188' title='bbox 1189 3054 1261 3118; x_wconf 85' lang='lat' dir='ltr'><strong>iniu-</strong></span> 
     </span>
     <span class='ocr_line' id='line_1_27' title="bbox 210 3155 1303 3242; baseline -0.006 -20"><span class='ocrx_word' id='word_1_189' title='bbox 210 3160 362 3242; x_wconf 75' lang='lat' dir='ltr'><strong>rogationi</strong></span> <span class='ocrx_word' id='word_1_190' title='bbox 395 3158 433 3224; x_wconf 92' lang='lat' dir='ltr'><strong>de</strong></span> <span class='ocrx_word' id='word_1_191' title='bbox 465 3161 510 3223; x_wconf 84' lang='lat' dir='ltr'><strong>rei</strong></span> <span class='ocrx_word' id='word_1_192' title='bbox 543 3157 791 3222; x_wconf 76' lang='lat' dir='ltr'><strong>commemorate</strong></span> <span class='ocrx_word' id='word_1_193' title='bbox 821 3155 1050 3240; x_wconf 83' lang='lat' dir='ltr'><strong>significatione</strong></span> <span class='ocrx_word' id='word_1_194' title='bbox 1073 3157 1262 3227; x_wconf 73' lang='lat' dir='ltr'><strong>nomunculi</strong></span> <span class='ocrx_word' id='word_1_195' title='bbox 1301 3167 1303 3196; x_wconf 70' lang='lat'><em>³</em></span> 
     </span>
    </p>
   </div>
   <div class='ocr_carea' id='block_1_6' title="bbox 264 3426 1269 4145">
    <p class='ocr_par' dir='ltr' id='par_1_7' title="bbox 264 3426 1269 4145">
     <span class='ocr_line' id='line_1_28' title="bbox 264 3426 1264 3496; baseline 0.005 -14"><span class='ocrx_word' id='word_1_196' title='bbox 264 3427 289 3492; x_wconf 77' lang='lat' dir='ltr'><strong>*l</strong></span> <span class='ocrx_word' id='word_1_197' title='bbox 309 3430 324 3489; x_wconf 68' lang='grc' dir='ltr'>ἓ</span> <span class='ocrx_word' id='word_1_198' title='bbox 343 3428 377 3482; x_wconf 83' lang='grc'><strong>46</strong></span> <span class='ocrx_word' id='word_1_199' title='bbox 396 3435 424 3482; x_wconf 85' lang='lat' dir='ltr'><strong>et</strong></span> <span class='ocrx_word' id='word_1_200' title='bbox 442 3427 476 3483; x_wconf 77' lang='grc'><strong>57</strong></span> <span class='ocrx_word' id='word_1_201' title='bbox 499 3427 541 3481; x_wconf 89' lang='lat' dir='ltr'><strong>bis</strong></span> <span class='ocrx_word' id='word_1_202' title='bbox 564 3443 614 3496; x_wconf 80' lang='lat' dir='ltr'><strong>pru</strong></span> <span class='ocrx_word' id='word_1_203' title='bbox 638 3428 701 3481; x_wconf 86' lang='lat' dir='ltr'><strong>iam</strong></span> <span class='ocrx_word' id='word_1_204' title='bbox 730 3426 900 3482; x_wconf 87' lang='lat' dir='ltr'><strong>scribendum</strong></span> <span class='ocrx_word' id='word_1_205' title='bbox 928 3434 970 3482; x_wconf 87' lang='lat' dir='ltr'><strong>est</strong></span> <span class='ocrx_word' id='word_1_206' title='bbox 1001 3443 1084 3495; x_wconf 86' lang='lat' dir='ltr'><strong>nauu;</strong></span> <span class='ocrx_word' id='word_1_207' title='bbox 1115 3433 1264 3486; x_wconf 68' lang='lat' dir='ltr'><strong>condiuntur</strong></span> 
     </span>
     <span class='ocr_line' id='line_1_29' title="bbox 311 3518 1263 3597; baseline 0.001 -24"><span class='ocrx_word' id='word_1_208' title='bbox 311 3519 391 3586; x_wconf 85' lang='lat' dir='ltr'><strong>enim,</strong></span> <span class='ocrx_word' id='word_1_209' title='bbox 408 3520 481 3588; x_wconf 89' lang='lat' dir='ltr'><strong>quod</strong></span> <span class='ocrx_word' id='word_1_210' title='bbox 493 3519 635 3591; x_wconf 69' lang='lat' dir='ltr'><strong>praecedit,</strong></span> <span class='ocrx_word' id='word_1_211' title='bbox 649 3535 704 3574; x_wconf 87' lang='lat' dir='ltr'><strong>nnn</strong></span> <span class='ocrx_word' id='word_1_212' title='bbox 716 3525 888 3588; x_wconf 79' lang='lat' dir='ltr'><strong>praeparatur</strong></span> <span class='ocrx_word' id='word_1_213' title='bbox 901 3535 980 3597; x_wconf 80' lang='lat' dir='ltr'><strong>ncvae</strong></span> <span class='ocrx_word' id='word_1_214' title='bbox 995 3524 1037 3576; x_wconf 88' lang='lat' dir='ltr'><strong>rei</strong></span> <span class='ocrx_word' id='word_1_215' title='bbox 1053 3518 1263 3578; x_wconf 56' lang='lat' dir='ltr'><strong>commanenti»</strong></span> 
     </span>
     <span class='ocr_line' id='line_1_30' title="bbox 312 3611 1264 3683; baseline -0.003 -17"><span class='ocrx_word' id='word_1_216' title='bbox 312 3612 419 3680; x_wconf 74' lang='lat' dir='ltr'><strong>[Altero</strong></span> <span class='ocrx_word' id='word_1_217' title='bbox 448 3613 508 3669; x_wconf 84' lang='lat' dir='ltr'><strong>loco</strong></span> <span class='ocrx_word' id='word_1_218' title='bbox 537 3613 655 3668; x_wconf 83' lang='lat' dir='ltr'><strong>correxit</strong></span> <span class='ocrx_word' id='word_1_219' title='bbox 682 3611 879 3682; x_wconf 71' lang='lat' dir='ltr'><strong>Pluygersins]</strong></span> <span class='ocrx_word' id='word_1_220' title='bbox 921 3615 991 3677; x_wconf 73' lang='lat'><strong>§76</strong></span> <span class='ocrx_word' id='word_1_221' title='bbox 1011 3631 1064 3683; x_wconf 88' lang='lat' dir='ltr'><strong>pro</strong></span> <span class='ocrx_word' id='word_1_222' title='bbox 1093 3619 1264 3672; x_wconf 78' lang='lat' dir='ltr'><strong>statuerunt</strong></span> 
     </span>
     <span class='ocr_line' id='line_1_31' title="bbox 311 3700 1266 3779; baseline 0.004 -21"><span class='ocrx_word' id='word_1_223' title='bbox 311 3705 482 3760; x_wconf 88' lang='lat' dir='ltr'><strong>scribendum</strong></span> <span class='ocrx_word' id='word_1_224' title='bbox 513 3710 556 3760; x_wconf 86' lang='lat' dir='ltr'><strong>eal</strong></span> <span class='ocrx_word' id='word_1_225' title='bbox 582 3706 753 3771; x_wconf 73' lang='lat' dir='ltr'><strong>statuerent,</strong></span> <span class='ocrx_word' id='word_1_226' title='bbox 781 3704 885 3759; x_wconf 85' lang='lat' dir='ltr'><strong>causali</strong></span> <span class='ocrx_word' id='word_1_227' title='bbox 914 3705 1134 3778; x_wconf 78' lang='lat' dir='ltr'><strong>significatione,</strong></span> <span class='ocrx_word' id='word_1_228' title='bbox 1162 3700 1266 3779; x_wconf 73' lang='lat' dir='ltr'><strong>apuad</strong></span> 
     </span>
     <span class='ocr_line' id='line_1_32' title="bbox 311 3797 1268 3866; baseline -0.002 -17"><span class='ocrx_word' id='word_1_229' title='bbox 311 3797 471 3866; x_wconf 82' lang='lat' dir='ltr'><strong>imperfecta</strong></span> <span class='ocrx_word' id='word_1_230' title='bbox 497 3797 636 3865; x_wconf 80' lang='lat' dir='ltr'><strong>primariae</strong></span> <span class='ocrx_word' id='word_1_231' title='bbox 662 3797 814 3853; x_wconf 71' lang='lat' dir='ltr'><strong>sententia.</strong></span> <span class='ocrx_word' id='word_1_232' title='bbox 860 3797 929 3861; x_wconf 73' lang='lat'><strong>§37</strong></span> <span class='ocrx_word' id='word_1_233' title='bbox 955 3813 1018 3853; x_wconf 90' lang='lat' dir='ltr'><strong>cum</strong></span> <span class='ocrx_word' id='word_1_234' title='bbox 1037 3801 1170 3858; x_wconf 85' lang='lat' dir='ltr'><strong>Halmius</strong></span> <span class='ocrx_word' id='word_1_235' title='bbox 1187 3800 1268 3857; x_wconf 80' lang='lat' dir='ltr'><strong>oblitus</strong></span> 
     </span>
     <span class='ocr_line' id='line_1_33' title="bbox 310 3889 1267 3959; baseline 0.001 -17"><span class='ocrx_word' id='word_1_236' title='bbox 310 3897 383 3944; x_wconf 80' lang='lat' dir='ltr'><strong>ussat</strong></span> <span class='ocrx_word' id='word_1_237' title='bbox 410 3891 502 3946; x_wconf 83' lang='lat' dir='ltr'><strong>brevi</strong></span> <span class='ocrx_word' id='word_1_238' title='bbox 531 3890 592 3946; x_wconf 87' lang='lat' dir='ltr'><strong>illc</strong></span> <span class='ocrx_word' id='word_1_239' title='bbox 620 3897 767 3959; x_wconf 84' lang='lat' dir='ltr'><strong>tempore</strong></span> <span class='ocrx_word' id='word_1_240' title='bbox 795 3889 848 3942; x_wconf 88' lang='lat' dir='ltr'><strong>dici</strong></span> <span class='ocrx_word' id='word_1_241' title='bbox 872 3890 908 3944; x_wconf 90' lang='lat' dir='ltr'><strong>ad</strong></span> <span class='ocrx_word' id='word_1_242' title='bbox 930 3892 1049 3948; x_wconf 87' lang='lat' dir='ltr'><strong>eandem</strong></span> <span class='ocrx_word' id='word_1_243' title='bbox 1068 3894 1187 3951; x_wconf 77' lang='lat' dir='ltr'><strong>formam</strong></span> <span class='ocrx_word' id='word_1_244' title='bbox 1204 3902 1267 3959; x_wconf 75' lang='lat' dir='ltr'><strong>alque</strong></span> 
     </span>
     <span class='ocr_line' id='line_1_34' title="bbox 310 3981 1269 4057; baseline 0.004 -23"><span class='ocrx_word' id='word_1_245' title='bbox 310 3984 428 4047; x_wconf 87' lang='lat' dir='ltr'><strong>paucis</strong></span> <span class='ocrx_word' id='word_1_246' title='bbox 455 3984 528 4038; x_wconf 86' lang='lat' dir='ltr'><strong>illia</strong></span> <span class='ocrx_word' id='word_1_247' title='bbox 557 3984 689 4049; x_wconf 82' lang='lat' dir='ltr'><strong>diebus,</strong></span> <span class='ocrx_word' id='word_1_248' title='bbox 718 3981 901 4037; x_wconf 87' lang='lat' dir='ltr'><strong>coniecturam</strong></span> <span class='ocrx_word' id='word_1_249' title='bbox 926 3985 1055 4041; x_wconf 85' lang='lat' dir='ltr'><strong>inutilem</strong></span> <span class='ocrx_word' id='word_1_250' title='bbox 1074 3990 1178 4057; x_wconf 84' lang='lat' dir='ltr'><strong>posuit.</strong></span> <span class='ocrx_word' id='word_1_251' title='bbox 1216 3983 1269 4052; x_wconf 81' lang='lat' dir='ltr'><strong>Quid</strong></span> 
     </span>
     <span class='ocr_line' id='line_1_35' title="bbox 311 4071 1167 4145; baseline 0.015 -21"><span class='ocrx_word' id='word_1_252' title='bbox 311 4071 470 4141; x_wconf 71' lang='lat' dir='ltr'><strong>Kayserus?</strong></span> <span class='ocrx_word' id='word_1_253' title='bbox 506 4077 572 4131; x_wconf 87' lang='lat' dir='ltr'><strong>Tria</strong></span> <span class='ocrx_word' id='word_1_254' title='bbox 590 4077 638 4131; x_wconf 94' lang='lat' dir='ltr'><strong>illa</strong></span> <span class='ocrx_word' id='word_1_255' title='bbox 658 4077 741 4131; x_wconf 83' lang='lat' dir='ltr'><strong>verba</strong></span> <span class='ocrx_word' id='word_1_256' title='bbox 760 4075 874 4145; x_wconf 79' lang='lat' dir='ltr'><strong>delevit3</strong></span> <span class='ocrx_word' id='word_1_257' title='bbox 894 4084 973 4132; x_wconf 78' lang='lat' dir='ltr'><strong>lanta</strong></span> <span class='ocrx_word' id='word_1_258' title='bbox 992 4087 1038 4132; x_wconf 81' lang='lat' dir='ltr'><strong>est</strong></span> <span class='ocrx_word' id='word_1_259' title='bbox 1056 4081 1167 4136; x_wconf 79' lang='lat' dir='ltr'><strong>levitas,</strong></span> 
     </span>
    </p>
   </div>
   <div class='ocr_carea' id='block_1_7' title="bbox 0 0 1359 5056">
    <p class='ocr_par' dir='ltr' id='par_1_8' title="bbox 0 0 1359 5056">
     <span class='ocr_line' id='line_1_36' title="bbox 0 0 1359 5056; baseline 0 0"><span class='ocrx_word' id='word_1_260' title='bbox 0 0 1359 5056; x_wconf 95' lang='lat' dir='ltr'><strong> </strong></span> 
     </span>
    </p>
   </div>
  </div>
 </body>
</html>
