2656 5056
447 666 476 721 L.
494 666 598 722 &neca
616 664 750 736 Epistola
992 650 994 653 ⁵
1028 671 1087 733 471

59 867 181 932 etiam
216 880 298 930 cum
328 862 431 928 ratio
459 862 596 927 suadet
627 861 750 927 linire
782 862 849 928 ssd
881 883 953 933 non
988 870 1132 937 temere
1168 943 1173 951 ,

61 989 130 1037 nec
153 969 236 1036 cum
268 985 451 1048 procursu
484 968 693 1050 capiendus
723 968 783 1032 est
810 968 990 1051 impetus.
1036 973 1133 1057 Supe-

60 1075 159 1140 riores
197 1074 266 1140 sed
298 1074 370 1154 post
401 1073 520 1138 finire
557 1071 750 1149 deleverant3
787 1091 884 1156 nuper
920 1077 1000 1142 mira
1035 1078 1132 1146 inter·

59 1180 186 1262 punctio
217 1179 285 1244 sine
306 1177 368 1242 ullo
390 1178 492 1244 fructu
524 1178 663 1243 adhibita
696 1181 750 1242 cst.
802 1179 973 1261 scripserat
1001 1183 1131 1251 Seneca:

57 1286 178 1350 stiam
205 1303 284 1350 cum
308 1284 407 1348 ratio
429 1284 570 1349 suadet
592 1264 790 1354 finirs'se,
811 1302 884 1349 non
905 1288 1052 1353 temere
1073 1291 1131 1355 ost.

59 1389 114 1455 Sic
137 1391 219 1454 enim
235 1389 332 1475 finire
351 1410 382 1451 ee
403 1392 457 1454 eut
479 1389 613 1474 aliquem
628 1391 665 1455 de
679 1388 893 1455 consciscenda
907 1392 1132 1461 subinferendo

57 1496 161 1559 morte
183 1495 241 1558 hac
263 1496 355 1559 aetate
377 1495 544 1573 dicebatur,
563 1495 656 1581 finiri
680 1495 718 1559 de
739 1493 907 1560 moriendo.
952 1497 1032 1561 Illud
1053 1499 1132 1583 legi·

56 1602 111 1665 tur
141 1600 222 1682 apud
252 1599 296 1663 Μ.
320 1599 470 1664 Senecam
492 1601 574 1682 praei.
608 1601 680 1666 libri
709 1599 737 1664 V
767 1602 902 1665 controv.
925 1620 953 1681 p.
976 1599 1036 1664 321
1061 1603 1129 1685 Bip.

55 1704 98 1782 (X
121 1725 152 1787 p.
175 1704 237 1766 294
258 1706 363 1782 Burs.)
384 1705 460 1787 (raon
472 1706 578 1791 ‘finivit
599 1715 716 1768 tontum
728 1725 759 1767 se
772 1706 867 1788 ipse),
890 1705 970 1787 apud
987 1706 1023 1772 L.
1036 1706 1131 1772 Seue·

57 1829 128 1875 cam
168 1810 206 1874 de
249 1811 365 1892 provid.
405 1811 440 1889 6,
483 1811 502 1872 6
538 1814 645 1889 (mors,
688 1831 757 1895 quoe
791 1831 843 1872 voe
877 1819 932 1871 cut
967 1811 1043 1896 finit
1077 1823 1131 1875 aut

57 1915 221 1998 transfert)
259 1919 291 1981 et
325 1916 364 1981 ad
387 1916 482 1981 Marc.
518 1916 553 1990 3,
583 1915 602 1979 3
637 1916 736 2000 (quod
766 1936 828 1978 ooo
858 1899 930 1978 mine
960 1920 1131 2000 promptim

57 2031 86 2082 te
128 2031 156 2083 et
188 2021 315 2107 finiat),
358 2022 419 2087 boc
459 2022 540 2105 apud
589 2022 718 2086 Lucium
762 2039 810 2104 ep.
855 2020 911 2095 74,
956 2020 996 2082 26
1039 2023 1131 2103 (citra

55 2136 237 2188 senectutem
278 2127 381 2200 finitus
417 2133 482 2205 est),
525 2125 594 2191 val.
634 2126 713 2192 Max.
758 2126 813 2201 IX,
859 2125 897 2187 12
929 2126 955 2190 El
991 2127 1026 2205 43
1070 2131 1130 2195 alia

56 2233 154 2297 habet
175 2232 349 2297 Scbellerus
372 2252 402 2315 p.
429 2233 521 2298 3868.

161 2338 218 2419 Ep.
242 2337 292 2410 26,
315 2337 350 2402 3:
395 2340 456 2404 Ire
478 2340 515 2404 in
537 2337 819 2421 cogitationem
844 2336 959 2403 iubet
981 2338 1128 2416 (animus)

60 2448 102 2507 et
136 2442 349 2524 dispicere,
383 2445 474 2527 qnid
510 2441 965 2525 erhactrenquillitete
988 2445 1129 2509 etmo-

57 2548 193 2613 destia
225 2566 367 2614 morum
391 2550 604 2636 sapientie
625 2548 799 2626 debeam,
830 2547 918 2630 quid
941 2548 1066 2627 retati,
1091 2551 1130 2614 et

57 2654 273 2737 diligenter
315 2660 511 2729 excutere,
554 2673 635 2738 qnae
677 2672 749 2718 non
791 2652 933 2735 possim
981 2654 1127 2731 facere,

54 2778 138 2841 quae
193 2758 308 2824 nolim
353 2768 385 2842 (p
444 2761 635 2837 nolimus),
689 2758 875 2840 prodesse
920 2758 1127 2825 babituros

53 2865 165 2949 atqui
215 2866 247 2929 si
290 2866 410 2930 nolim
454 2867 657 2948 quiequam
707 2864 769 2941 (Ab
812 2863 1009 2946 quidquid)
1053 2883 1125 2929 non

54 2988 171 3052 posse
194 2970 257 3052 (Ab
279 2979 444 3053 possum)
470 2989 527 3035 me
548 2969 693 3053 gaudeo
723 2970 761 3047 (P
777 2969 843 3045 Ab3
868 2989 897 3052 p.
922 2987 938 3033 e
961 2988 1016 3034 me
1038 2989 1127 3053 gau-

55 3076 175 3149 dere).
210 3076 355 3142 Extrema
384 3078 450 3142 baec
476 3076 547 3140 inde
574 3095 593 3139 a
625 3075 824 3156 prodesse,
865 3074 896 3138 in
919 3073 1027 3157 quibus
1050 3074 1128 3140 nihil

57 3185 171 3264 praeter
193 3201 237 3254 ea,
261 3184 450 3265 quaeuotavi
475 3181 594 3247 codices
606 3180 678 3247 boni
691 3181 821 3256 variant,
842 3182 977 3264 graviter
987 3183 1127 3263 corrupta

56 3308 127 3356 csse
150 3289 359 3364 consentitnr;
389 3287 572 3352 emendandi
602 3290 729 3353 conatus
759 3288 836 3352 nihil
861 3287 986 3364 habent,
1013 3287 1126 3369 inquo

57 3395 122 3460 nlla
149 3413 186 3458 er
215 3394 301 3476 parte
323 3393 518 3476 acquiescas,
550 3395 601 3476 qui
637 3413 738 3476 neque
762 3394 901 3459 codicum
925 3392 1057 3477 uestigia
1077 3410 1127 3457 se-

57 3501 195 3583 quantur
216 3517 314 3581 neque
344 3499 529 3564 sententiam
560 3499 748 3582 probabilem
780 3502 813 3565 et
839 3502 955 3564 rectam
978 3497 1125 3562 efficiant.

59 3605 126 3670 Viae
150 3608 256 3670 antem
278 3604 317 3668 ad
347 3604 592 3669 emendationem
623 3605 750 3672 ferentis
778 3611 858 3671 notae
880 3605 953 3670 sunt
973 3602 1004 3666 in
1027 3601 1149 3684 parti.

59 3711 139 3794 cipio
174 3709 376 3775 habiturus
409 3709 448 3773 ad
484 3710 620 3775 animum
661 3711 775 3785 relato,
803 3711 903 3792 ipsum
931 3708 970 3773 de
1004 3707 1126 3772 Senecae

61 3817 177 3882 indicio
197 3815 421 3890 iudicaturum,
445 3816 477 3880 et
497 3815 528 3891 in
554 3833 598 3888 eo,
622 3814 701 3897 quod
723 3815 875 3896 sequitur:
908 3813 1008 3904 *Quae
1030 3813 1127 3877 enim

59 3921 226 4005 querela
266 3924 328 3986 est
361 3923 419 3985 cet.
478 3920 526 3984 Ad
563 3919 768 3984 habiturus
806 3921 911 3984 autem
951 3918 1128 4002 adiungitur

61 4030 162 4111 prima
193 4027 313 4110 syllaba
345 4027 429 4092 verbi
456 4026 528 4091 hinc
558 4025 739 4090 alienissimi
774 4023 964 4106 prodesse.
1016 4021 1127 4106 Itaque

62 4137 171 4217 praeter
193 4133 250 4198 hoc
272 4133 455 4199 vocabulum
478 4151 539 4197 una
559 4133 665 4197 littera
694 4131 726 4196 in
749 4129 858 4213 atqui
881 4131 1001 4195 mutata
1022 4133 1054 4195 et
1074 4148 1127 4194 re-

62 4243 149 4324 cepta
184 4239 337 4320 scriptura
359 4238 472 4303 codicis
493 4260 524 4322 p,
557 4238 608 4321 qni
645 4238 775 4304 obscura
796 4237 859 4301 reri
881 4236 994 4301 indicia
1015 4234 1127 4317 saepius

63 4346 142 4412 solus
180 4345 324 4418 servarit,
361 4345 426 4409 baeo
457 4348 642 4410 nascuntur:
677 4366 751 4428 pro
783 4352 889 4427 peste
920 4341 1127 4407 habiturus

65 4451 177 4537 oqui,
202 4450 235 4516 si
270 4451 388 4516 nolim
412 4450 614 4534 quicquam
638 4469 709 4516 non
739 4468 851 4533 posse
873 4466 930 4513 me
948 4448 1126 4534 gaudere.
