2678 5016
103 349 106 355 .
237 302 297 365 140
458 387 464 398 ι
592 299 651 355 Lib.
664 300 712 357 VI.
725 298 790 368 (lap.
802 297 856 355 111.

193 502 386 585 comparatur
414 518 484 565 cum
515 499 586 565 Coeo
618 498 730 564 Titane
752 497 834 581 apud
854 497 967 562 inferos
987 495 1143 563 libertatis
1165 515 1254 581 spem

192 606 382 690 concipiente
404 606 435 671 et
456 622 489 670 se
510 605 678 683 relevante,
699 607 767 670 tom
788 621 893 668 rursus
914 602 947 666 in
962 605 1098 670 veterem
1110 603 1254 688 supplicii

192 712 322 777 formam
344 710 486 775 redacto:
539 760 541 766 s

561 812 653 878 fundo
675 813 771 889 veluti
792 833 862 879 cum
885 812 974 879 Coeus
995 813 1027 878 iu
1048 815 1111 880 imo

291 921 395 986 vincla
414 907 495 985 Iovis
517 919 675 1002 fractoque
697 920 823 984 trahens
845 919 1009 984 adamante
1031 921 1156 986 catenae

292 1026 457 1092 Saturnum
478 1023 665 1109 Tityumque
687 1026 778 1089 vocat
799 1042 946 1109 spemque
968 1024 1092 1091 aetheris
1114 1043 1220 1089 amens

292 1132 432 1215 concipit,
453 1131 504 1196 ast
520 1129 608 1195 illum
630 1128 731 1193 fluviis
753 1131 785 1194 ot
805 1130 893 1194 noete
915 1148 1057 1195 remensa

291 1235 497 1302 Eumenidum
519 1234 602 1300 cauis
627 1236 659 1300 et
680 1252 793 1318 sparsae
814 1236 888 1300 iuba
908 1235 1042 1318 reppulit
1063 1233 1178 1319 hydra.

290 1332 398 1426 Neque
427 1361 563 1404 renone
595 1339 691 1405 ullam
716 1340 809 1406 habet
829 1341 1013 1406 senteutiam
1035 1358 1133 1424 neque
1146 1339 1259 1426 fluvii

191 1457 218 1511 et
238 1457 323 1511 nocte
343 1447 407 1512 ullo
427 1449 517 1530 pacto
540 1464 611 1510 cum
632 1444 766 1530 reppulit
782 1446 926 1531 coniungi
950 1449 1063 1529 potest.
1112 1444 1205 1513 Coria
1226 1448 1261 1512 et

190 1553 290 1620 facilis
311 1551 484 1619 emendatio
506 1551 608 1615 locum
630 1551 769 1617 sanabit:

491 1657 541 1723 ast
560 1656 650 1722 illum
672 1657 773 1723 fluviis
795 1660 826 1721 et
848 1660 937 1724 nocte
958 1667 1103 1720 ronasce

292 1764 499 1829 Eumenidum
521 1763 616 1828 canis.

290 1902 357 1968 Ibd.
380 1902 452 1978 345,
474 1902 535 1965 346
559 1902 608 1981 (de
633 1901 741 1986 Cyzico
764 1903 909 1985 sepulto):

289 2004 370 2070 Nom
393 2008 465 2090 quia
486 2026 543 2074 uec
564 2007 664 2092 proles
686 2008 765 2073 alius
786 2025 843 2072 neo
866 2005 995 2090 denique
1016 2007 1153 2093 sanguis,

290 2113 355 2196 ipse
378 2112 470 2181 decus
492 2113 638 2199 regnique
661 2104 754 2178 refert
775 2113 895 2197 insigne
917 2113 1044 2196 paterni.

291 2217 341 2283 Sic
373 2237 408 2285 ar
440 2220 512 2285 Itali
534 2220 663 2287 alicuine
689 2219 864 2285 coniectura
886 2220 1041 2300 scribitur,
1079 2238 1138 2286 uon
1168 2223 1258 2289 recte

190 2324 305 2390 omissa
326 2324 548 2418 significatione
575 2325 657 2402 eius,
690 2323 732 2390 ad
762 2343 871 2408 quem,
902 2325 1019 2402 locive,
1050 2344 1108 2410 quo
1141 2328 1257 2394 reserat

191 2429 318 2515 (lyricus
351 2431 481 2516 insigne.
529 2430 657 2497 Codices
680 2430 799 2515 incipite
819 2431 968 2514 parentet.
1012 2431 1254 2499 Restitueudum

187 2536 365 2620 igiturest:
990 2522 992 2526 ⁸

641 2640 736 2706 refert
756 2640 876 2726 insigne
892 2643 1026 2727 parenti,

187 2765 286 2831 aquo
306 2748 372 2830 ipsa
395 2749 563 2833 acceperat.
632 2748 634 2752 '

291 2886 357 2951 lbd.
374 2887 435 2951 598
447 2887 498 2965 (de
509 2887 699 2970 Argonautis
712 2887 878 2953 Herculem
901 2887 1055 2954 constanti
1075 2887 1137 2954 fide
1160 2908 1256 2976 oppo-

186 2991 365 3069 rieutibus):

287 3096 332 3161 At
352 3096 442 3161 sociis
464 3096 595 3163 immota
616 3095 694 3162 fides
716 3099 890 3181 austrisque
909 3099 1052 3165 secundis

288 3203 371 3267 certa
400 3220 487 3268 mora
517 3203 579 3269 est:
612 3221 669 3269 nec
692 3222 804 3286 parvus
825 3203 934 3287 Hylas,
970 3223 1157 3289 quamquam
1184 3226 1254 3273 om·

1002 3310 1092 3376 nibus
1113 3330 1204 3396 aque

285 3414 374 3497 grate
394 3414 586 3493 rudimenta;
607 3415 759 3481 Herculeo
781 3415 839 3481 sub
860 3416 983 3482 nomine
1005 3416 1151 3501 pendent.

291 3551 342 3616 Sic
364 3553 454 3618 Thilo
477 3554 583 3634 edidit
615 3554 848 3640 Eyssenhardtii
878 3557 1084 3623 coniecturam
1112 3561 1254 3634 secutus;

185 3655 241 3722 ssd
261 3656 382 3740 pridem
403 3659 596 3726 intellectum
619 3662 693 3735 erat,
717 3677 775 3726 uec
794 3660 964 3728 orationem
986 3682 1043 3730 nec
1063 3665 1253 3731 sententiam

185 3762 310 3844 plenam
334 3782 402 3830 esse
421 3765 454 3830 in
475 3766 539 3832 iliis
561 3787 614 3830 nac
629 3787 748 3850 parvos
769 3764 879 3850 Hydas.
925 3767 1033 3853 Neque
1054 3789 1143 3837 mora
1164 3772 1255 3838 certa

184 3871 259 3943 erat
281 3866 335 3935 sed
356 3868 442 3936 fides.
486 3870 588 3937 Codex
610 3871 679 3937 Vat
701 3894 827 3937 moraes.
870 3873 1086 3943 Scribonium:

283 3976 328 4039 At
349 3976 439 4044 sociis
461 3977 589 4044 immota
610 3977 687 4044 tides
709 3979 883 4063 austrisque
907 3980 1050 4047 secundis
