2626 5070
370 179 378 200 ὗ
491 110 614 168 Valerius
635 111 705 167 Max.
1023 113 1086 177 333

19 263 24 288 t

90 309 303 384 premiorum
324 309 494 386 uirtutes
530 312 642 392 atque
678 310 862 376 bonerum
884 310 1128 395 contempla-

90 407 131 477 tio
149 414 349 481 iudicando
371 416 446 487 est,
468 414 553 497 ipsu
577 415 718 480 natura
745 414 855 500 nobis
877 416 1126 482 alacritatem

86 520 420 598 amministrante,
452 538 535 584 oum
558 519 740 591 bonorem
772 519 968 587 industrie
995 522 1127 605 appeti

85 625 113 688 ot
129 626 268 692 exsolvi
289 626 400 708 grate
422 624 604 690 videmus.
642 624 693 690 Sic
714 625 751 699 B,
773 642 790 688 e
812 643 871 708 quo
893 625 984 693 facile
1007 628 1040 693 et
1060 626 1127 693 sino

84 730 132 796 ullo
151 729 342 796 dubitatione
364 729 512 796 edicitur:
536 730 627 813 quia
648 748 754 813 aeque
774 731 1023 813 proemiorum
1043 732 1127 793 oir-

11 823 15 832 ”
82 837 158 898 ontis
191 838 308 918 atque
344 854 496 917 operum
534 833 812 917 contemplatio
838 836 1015 917 ⁴iocunda
1057 838 1127 902 est.

81 939 197 1006 Virtutis
217 939 347 1025 praemia
369 940 462 1022 atque
483 959 575 1023 opera
596 943 826 1024 componuntur.
871 942 886 1005 Ι
893 942 1044 1007 ncnnda
1064 942 1128 1007 iam
1257 945 1261 953 '

78 1047 241 1124 secunus,
277 1044 330 1129 qui
351 1046 586 1128 praemiorum
609 1046 771 1112 uirtutis
792 1050 907 1129 atque
940 1046 1127 1111 honorum

76 1152 225 1236 scripsit
216 1170 249 1216 ιι)
271 1151 330 1217 hoc
351 1170 411 1218 uno
434 1152 588 1217 aberrans

146 1254 231 1339 Ibd
257 1256 381 1333 (15)2:
409 1259 485 1322 tam
507 1258 664 1323 hercule
686 1277 796 1342 qnam
819 1256 926 1323 curia
950 1253 1129 1372 superio-

78 1360 119 1426 ris
160 1359 319 1426 Catonis
368 1361 524 1445 effigies
569 1362 682 1427 illius
732 1363 776 1428 ad
822 1361 931 1426 ouius
973 1357 1129 1444 generis

76 1465 200 1531 officia
231 1465 475 1547 expromitur.
540 1466 669 1533 Videtur
700 1467 812 1532 fnisse:
848 1466 926 1530 tarn
954 1464 1126 1536 hercule,

76 1590 174 1652 quam
210 1593 226 1633 e
259 1571 368 1636 curia
400 1572 613 1654 superioris
644 1571 802 1638 Catonis
833 1570 991 1654 effigies
1018 1570 1130 1631 anino

72 1677 114 1740 ad
135 1676 248 1738 taius
268 1676 325 1753 (sic
344 1677 449 1760 multi)
470 1678 626 1762 generis
648 1677 787 1745 officia
808 1675 1056 1758 expromitur.

163 1780 233 1846 Ibd.
267 1780 302 1844 8:
349 1781 429 1846 Iam
456 1801 534 1865 quae
556 1784 593 1848 in
616 1785 677 1850 Cn.
700 1781 922 1864 Pompeium
944 1779 1132 1861 stampis

70 1888 104 1952 et
123 1905 220 1952 nona
242 1889 427 1970 congesta
448 1890 554 1967 sunt,
586 1889 675 1955 binc
707 1887 937 1977 adsensione
968 1885 1131 1962 favoris,

67 1992 180 2058 illino
212 1991 374 2057 fremitu
415 1993 587 2073 invidia,
617 1994 840 2060 litterarum
879 1991 1131 2057 monumentis

67 2098 358 2181 obstrepantur.
413 2098 518 2182 Longe
550 2099 642 2164 ulitor
675 2101 783 2165 locus
805 2097 978 2180 obstrepi
1008 2095 1131 2169 dicitnr,

65 2203 169 2270 addito
199 2201 333 2269 ablativo
370 2205 519 2288 (aquis),
554 2205 611 2270 boo
647 2207 696 2270 eet
727 2207 852 2290 strepitu
879 2204 1054 2287 (aquarum)
1076 2223 1131 2285 op·

60 2308 152 2394 pleri.
210 2307 351 2372 Honores
372 2310 504 2396 obstrepi
525 2308 648 2386 Ιίιιεήε,
674 2329 767 2386 merae
789 2328 878 2392 nugae
899 2307 982 2385 sunt,
1004 2325 1040 2372 eo
1063 2325 1131 2372 ma·

63 2414 124 2498 gis,
146 2412 228 2496 quod
249 2416 513 2482 monumentis
534 2418 708 2504 necessario
744 2414 866 2481 dativus
897 2415 954 2488 est,
987 2411 1131 2477 ablativis

63 2519 312 2595 (adsensione
351 2522 389 2585 ot
429 2521 603 2603 fremitu)
645 2523 708 2587 iem
750 2520 869 2605 positis.
931 2517 1130 2584 Scribonium

64 2623 251 2706 simpliciter
282 2626 510 2710 obstrepant.
565 2628 704 2694 Honores
737 2624 878 2709 Pompeii
908 2627 995 2691 tsnto
1016 2623 1131 2707 partim

65 2728 192 2808 favens,
219 2731 334 2811 partim
355 2732 477 2819 inridioe
503 2732 629 2799 fremitu
595 2734 715 2816 Ι(ιιΙ
716 2751 808 2816 erqno
844 2732 926 2798 enirn
953 2749 1020 2821 eos
1035 2729 1133 2796 comi-

64 2835 167 2909 tatur)
189 2834 303 2901 litteris
333 2836 595 2920 obstrepuntut
580 2839 670 2904 tbae
698 2838 748 2903 vix
774 2856 827 2904 eos
854 2838 992 2920 accipere
1016 2839 1132 2903 ottra-

64 2939 289 3024 derepossint

167 3046 227 3123 (De
243 3047 328 3124 VIII,
353 3046 440 3112 15ΙΙ.
466 3049 480 3109 l
498 3048 559 3113 dini
575 3050 634 3114 rol.
647 3051 703 3133 Ip.
721 3050 790 3128 146,
814 3049 850 3114 do
865 3049 922 3128 IX,
946 3049 973 3125 1,
995 3049 1056 3133 dp.
1069 3049 1133 3130 90.)

169 3150 306 3245 Lib.1X‚
330 3154 359 3232 1,
381 3153 416 3217 6:
438 3153 558 3219 forum
580 3157 751 3221 nostrum
856 3155 1025 3235 (Curionis)
1048 3153 1134 3219 iilii

55 3256 287 3324 sescenties
305 3259 530 3325 sestertium
546 3260 631 3326 aeris
647 3261 767 3327 alieni
779 3262 942 3346 aspexit,
955 3265 1134 3327 contrac-

66 3361 147 3425 tum
179 3362 327 3427 fumosa
358 3363 507 3432 iniuria
534 3366 725 3432 nobilium
750 3367 941 3433 iuvenum.
1001 3366 1076 3445 Quae
1099 3385 1135 3432 ea

68 3466 219 3532 iniuria
239 3468 406 3534 iuvenum?
429 3471 461 3536 et
481 3471 534 3555 qui
554 3471 666 3537 iniuria
688 3473 817 3541 aliouim
839 3493 882 3540 aes
903 3473 1039 3539 alienum
1060 3491 1135 3538 corr-

68 3573 226 3638 trahitur?
268 3573 341 3641 Sine
364 3576 455 3642 dubio
477 3576 618 3644 Valerius
639 3578 762 3663 scripsit
783 3580 947 3646 decuria.

170 3678 290 3757 lona
314 3682 348 3744 1:
392 3681 504 3764 (Sulla)
541 3683 626 3748 dum
658 3684 1021 3766 quaeritviotorias
1052 3686 1135 3751 Sci·

65 3785 226 3868 pionem
248 3805 286 3852 se
308 3788 446 3871 populo
469 3789 650 3864 Romano,
679 3788 764 3854 dnm
786 3792 951 3867 exercet
983 3790 1136 3854 Hanni-

51 3889 195 3956 balem
231 3895 537 3974 repraesentavit.
602 3893 719 3976 Opinor
751 3914 789 3961 se
822 3896 1021 3962 subditioium
1057 3915 1135 3963 esse.
