2656 5056
478 747 567 813 Taciti
586 746 711 803 Annales.
1019 747 1079 811 557

61 951 158 1017 traria
178 952 308 1034 ponatur
329 945 424 1029 copiis
447 944 640 1019 militaribus,
661 946 696 1008 ut
717 945 793 1010 satis
815 949 970 1030 appareat,
991 947 1122 1013 universi

60 1057 180 1141 negotii
203 1054 318 1139 Syriaci
351 1052 555 1117 executionem
585 1069 642 1116 non
675 1053 856 1135 permissam
880 1053 991 1125 Cestio.
1036 1053 1123 1120 Scri-

60 1163 197 1230 bendnm
234 1162 301 1227 sine
339 1160 447 1225 dnbio:
492 1160 608 1250 Syriae
645 1160 867 1224 iurisdictio
900 1159 1121 1240 ceastre,

61 1269 183 1353 copiae
217 1267 410 1338 militares
443 1265 656 1331 Corbuloni
682 1268 894 1349 permissa.
940 1267 1015 1331 Haec
1038 1271 1122 1333 recte

61 1376 216 1443 contraria
237 1379 405 1458 ponuntur,
438 1376 536 1448 omni,
572 1391 638 1456 quae
660 1373 761 1455 copias
784 1374 935 1440 militares
957 1392 1016 1439 nou
1039 1394 1122 1440 com·

39 1484 231 1569 plectatur,
276 1479 538 1545 administratione
570 1478 788 1547 iurisdictionis
830 1481 951 1547 nomine
982 1500 1121 1563 compre·

59 1590 174 1666 hensa3
199 1588 253 1652 cir.
276 1588 301 1663 l,
324 1587 379 1650 80:
403 1590 434 1648 in
457 1585 563 1647 iisdem
586 1587 764 1649 exercitibus
793 1597 845 1648 aul
866 1587 1122 1651 iurisdictionibus

62 1695 180 1758 tabere.
223 1695 269 1757 De
293 1692 415 1757 nomine
438 1691 569 1756 hominis
592 1692 666 1756 nihil
688 1696 810 1775 presto.

163 1801 230 1867 Ibd.
254 1799 309 1863 28:
353 1799 521 1881 Tempus
543 1799 813 1883 propinquum,
847 1800 969 1876 locus,
991 1800 1028 1864 iu
1051 1818 1121 1883 quo

62 1928 185 1992 nuper
217 1910 381 1977 obsessae
414 1923 498 1969 cum
534 1905 636 1970 Paeto
675 1905 849 1988 legiones
882 1909 1003 1982 erant,
1041 1926 1122 1972 cum

22 2067 25 2072 .
61 2015 243 2082 barbaris
268 2013 448 2078 delectus
472 2012 529 2076 est·
557 2009 844 2086 ...derisioni
865 2032 934 2078 non
957 2015 1120 2080 vitatus.

60 2120 241 2188 Necessario
277 2118 486 2185 scribendum:
525 2135 610 2181 cum
646 2116 824 2183 delectus
858 2130 961 2183 esset.
1018 2121 1123 2206 Longe

60 2228 155 2293 aliter
188 2226 297 2292 dicitur
328 2224 486 2291 indicativi
516 2223 685 2305 perfectum
717 2243 787 2291 cum
819 2224 873 2289 illa
915 2227 1122 2316 coniunctione

61 2337 151 2416 (cum,
173 2355 241 2394 cum
262 2331 317 2397 aut
339 2331 488 2414 quou‘cst.⁴
522 2329 587 2413 [Sic
608 2331 727 2394 veteres
749 2318 922 2416 editiones]

163 2438 229 2502 Ibd.
252 2437 292 2500 36
316 2436 459 2519 (Neronis
490 2436 589 2501 verbis
611 2437 689 2500 ratio
713 2435 850 2501 redditur
875 2440 981 2504 omissi
1004 2439 1122 2504 consilii

59 2547 91 2610 in
124 2539 559 2628 provinciasproficiscendip:
603 2539 755 2607 Vidisse
787 2546 945 2610 maestos
978 2545 1121 2609 civium
1216 2525 1218 2531 ¹

59 2650 213 2724 vultus,
236 2648 370 2715 audire
392 2648 570 2714 secretas
603 2648 886 2730 querimonias,
915 2650 1013 2734 quod
1035 2653 1122 2716 tan-

60 2760 140 2821 turn
167 2755 379 2821 auditurus
402 2756 525 2832 esset,
560 2755 670 2819 cuius
697 2773 742 2818 ue
764 2755 940 2820 modicos
962 2756 1122 2840 quidem

61 2880 248 2946 egressus
291 2862 535 2939 tolerarent,
585 2861 642 2924 cet.
712 2859 879 2943 corrigitur
927 2863 1122 2942 aditurus,

61 2966 166 3034 addito
210 2969 291 3033 iter
334 2969 388 3033 aut
431 2966 599 3032 itineris.
655 2965 854 3031 Scribendum
898 2974 979 3034 erat:
1024 2971 1122 3055 quod

60 3077 218 3162 tantum
240 3073 423 3136 aditurae
448 3073 569 3141 esset,
592 3071 650 3137 hoc
672 3075 728 3146 est,
750 3075 815 3138 tam
837 3075 927 3159 longe
950 3081 982 3141 et
1003 3076 1064 3142 diu

161 3178 228 3244 lbd.
270 3171 343 3242 512'
383 3174 723 3262 Ergo'Epicharis
760 3181 873 3263 plura
917 3186 954 3248 et
994 3179 1122 3248 omnia

59 3287 211 3352 scelera
242 3284 435 3369 principis
471 3281 638 3358 orditum
682 3284 803 3369 neque
839 3289 997 3354 senatui
1031 3289 1120 3373 quid
1161 3332 1164 3343 ·

59 3410 225 3458 manere.
270 3390 343 3456 Sed
366 3389 556 3474 provisum
581 3391 639 3456 cet.
697 3391 804 3476 Neque
832 3392 999 3478 Epicharis
1027 3395 1120 3479 pluro

58 3500 103 3564 sic
125 3499 193 3564 sine
217 3497 315 3562 >verbo
334 3499 423 3588 recte
450 3495 575 3559 dicitur.
592 3499 776 3580 (presertim
800 3504 952 3583 'sequente
978 3504 1022 3565 'et
1036 3490 1120 3566 ‘om-

57 3604 122 3669 nia
153 3607 245 3687 atque
270 3605 309 3667 et
436 3601 618 3684 orditur),
654 3622 750 3688 neque
782 3607 1024 3688 comparativus,
1060 3628 1119 3691 quo

56 3711 218 3785 referatur,
251 3708 355 3784 habet,
384 3726 481 3791 neque
504 3709 602 3770 ordiri
618 3710 769 3795 princepis
791 3710 901 3773 scelera
923 3712 960 3778 de
984 3731 1118 3779 comme·
1146 3793 1150 3801 ι

56 3815 212 3905 morandis
235 3815 348 3880 usitate
369 3815 500 3897 ponitur.
557 3815 592 3878 lu
625 3815 742 3898 plura
775 3819 814 3880 et
834 3816 912 3881 latet
932 3818 1116 3884 infinitivus:

55 3924 158 4005 Ergo
196 3921 258 4003 Ep.
303 3918 504 4004 deplorare
536 3925 815 3999 (enumeraret)
849 3924 981 3990 omnia
1026 3925 1125 4011 scel„

55 4028 178 4112 princ.
201 4025 368 4092 orditur.
412 4025 529 4091 Deinde
551 4024 590 4089 ad
612 4025 751 4092 lacunam
777 4028 955 4111 explendam
977 4030 1118 4095 sumcere

54 4137 131 4218 puto
164 4151 330 4216 verumque
366 4151 451 4197 esse:
497 4130 824 4217 [Nequepopulo]
854 4153 975 4218 neque
1004 4153 1116 4200 sena·

53 4240 112 4306 tui
136 4239 343 4323 quicquam
365 4256 527 4302 manere.

157 4329 225 4410 Lib.
248 4342 332 4421 XVI,
367 4345 408 4407 1:
431 4343 622 4413 Ceterum,
648 4345 689 4407 ut
710 4340 936 4412 coniectura
959 4333 1116 4412 demon·

56 4453 174 4528 strat,
207 4449 302 4516 Dido
324 4449 561 4519 Phoenissam
674 4449 766 4516 illas
789 4471 878 4537 opes
901 4451 1115 4520 abdidisse.

56 4555 248 4639 Simpliciter
271 4555 440 4622 tollendum
462 4556 511 4620 ut.
562 4557 703 4641 Exposito
724 4557 848 4625 invento
868 4558 1023 4625 Caesellius
1043 4578 1116 4625 con·
