<?xml version="1.0" encoding="UTF-8"?>
<!DOCTYPE html PUBLIC "-//W3C//DTD XHTML 1.0 Transitional//EN"
    "http://www.w3.org/TR/xhtml1/DTD/xhtml1-transitional.dtd">
<html xmlns="http://www.w3.org/1999/xhtml" xml:lang="en" lang="en">
 <head>
  <title>
</title>
<meta http-equiv="Content-Type" content="text/html;charset=utf-8" />
  <meta name='ocr-system' content='tesseract 3.04.00' />
  <meta name='ocr-capabilities' content='ocr_page ocr_carea ocr_par ocr_line ocrx_word'/>
</head>
<body>
  <div class='ocr_page' id='page_1' title='image "./ioniemadvigiiad00madvgoog_0970.png"; bbox 0 0 2654 5010; ppageno 0'>
   <div class='ocr_carea' id='block_1_1' title="bbox 166 282 878 363">
    <p class='ocr_par' dir='ltr' id='par_1_1' title="bbox 166 282 878 363">
     <span class='ocr_line' id='line_1_1' title="bbox 166 282 878 363; baseline -0.001 -16"><span class='ocrx_word' id='word_1_1' title='bbox 166 282 169 287; x_wconf 66' lang='grc'>’</span> <span class='ocrx_word' id='word_1_2' title='bbox 253 298 315 362; x_wconf 76' lang='lat'><strong>274</strong></span> <span class='ocrx_word' id='word_1_3' title='bbox 614 289 675 348; x_wconf 88' lang='lat' dir='ltr'><strong>Lib.</strong></span> <span class='ocrx_word' id='word_1_4' title='bbox 693 292 729 346; x_wconf 89' lang='grc' dir='ltr'><strong>Π.</strong></span> <span class='ocrx_word' id='word_1_5' title='bbox 749 292 813 363; x_wconf 79' lang='lat' dir='ltr'><strong>(lap.</strong></span> <span class='ocrx_word' id='word_1_6' title='bbox 834 292 878 347; x_wconf 84' lang='lat' dir='ltr'><strong>vi.</strong></span> 
     </span>
    </p>
   </div>
   <div class='ocr_carea' id='block_1_2' title="bbox 212 490 1279 1108">
    <p class='ocr_par' dir='ltr' id='par_1_2' title="bbox 212 490 1279 1108">
     <span class='ocr_line' id='line_1_2' title="bbox 312 490 1275 574; baseline -0.006 -14"><span class='ocrx_word' id='word_1_7' title='bbox 312 494 389 561; x_wconf 90' lang='lat' dir='ltr'><strong>lbid.</strong></span> <span class='ocrx_word' id='word_1_8' title='bbox 413 495 433 557; x_wconf 90' lang='grc'><strong>9</strong></span> <span class='ocrx_word' id='word_1_9' title='bbox 455 490 500 569; x_wconf 89' lang='lat' dir='ltr'><strong>(in</strong></span> <span class='ocrx_word' id='word_1_10' title='bbox 523 491 662 574; x_wconf 86' lang='lat' dir='ltr'><strong>exemplo</strong></span> <span class='ocrx_word' id='word_1_11' title='bbox 683 490 879 568; x_wconf 67' lang='lat' dir='ltr'><strong>sossensi:</strong></span> <span class='ocrx_word' id='word_1_12' title='bbox 903 492 958 556; x_wconf 82' lang='lat' dir='ltr'><strong>At</strong></span> <span class='ocrx_word' id='word_1_13' title='bbox 981 491 1177 558; x_wconf 84' lang='lat' dir='ltr'><strong>consiliis</strong></span> <span class='ocrx_word' id='word_1_14' title='bbox 1199 509 1275 571; x_wconf 88' lang='lat' dir='ltr'><strong>cap·</strong></span> 
     </span>
     <span class='ocr_line' id='line_1_3' title="bbox 212 593 1277 682; baseline -0.006 -15"><span class='ocrx_word' id='word_1_15' title='bbox 212 606 275 669; x_wconf 90' lang='lat' dir='ltr'><strong>tas</strong></span> <span class='ocrx_word' id='word_1_16' title='bbox 296 599 431 667; x_wconf 76' lang='lat' dir='ltr'><strong>aerarii</strong></span> <span class='ocrx_word' id='word_1_17' title='bbox 453 617 562 682; x_wconf 90' lang='lat' dir='ltr'><strong>opes,</strong></span> <span class='ocrx_word' id='word_1_18' title='bbox 600 614 697 680; x_wconf 89' lang='lat' dir='ltr'><strong>quas</strong></span> <span class='ocrx_word' id='word_1_19' title='bbox 724 593 878 678; x_wconf 91' lang='lat' dir='ltr'><strong>cupitis</strong></span> <span class='ocrx_word' id='word_1_20' title='bbox 900 616 1054 681; x_wconf 87' lang='lat' dir='ltr'><strong>augere</strong></span> <span class='ocrx_word' id='word_1_21' title='bbox 1077 618 1154 664; x_wconf 92' lang='lat' dir='ltr'><strong>nou</strong></span> <span class='ocrx_word' id='word_1_22' title='bbox 1175 599 1277 682; x_wconf 89' lang='lat' dir='ltr'><strong>pote-</strong></span> 
     </span>
     <span class='ocr_line' id='line_1_4' title="bbox 212 701 1278 780; baseline -0.004 -7"><span class='ocrx_word' id='word_1_23' title='bbox 212 709 299 774; x_wconf 88' lang='lat' dir='ltr'><strong>stis.</strong></span> <span class='ocrx_word' id='word_1_24' title='bbox 356 705 450 771; x_wconf 81' lang='lat' dir='ltr'><strong>Varie</strong></span> <span class='ocrx_word' id='word_1_25' title='bbox 486 707 518 770; x_wconf 89' lang='lat' dir='ltr'><strong>et</strong></span> <span class='ocrx_word' id='word_1_26' title='bbox 549 703 700 769; x_wconf 84' lang='lat' dir='ltr'><strong>uiolenter</strong></span> <span class='ocrx_word' id='word_1_27' title='bbox 730 701 797 768; x_wconf 88' lang='lat' dir='ltr'><strong>haec</strong></span> <span class='ocrx_word' id='word_1_28' title='bbox 828 704 1002 780; x_wconf 73' lang='lat' dir='ltr'><strong>tentantur,</strong></span> <span class='ocrx_word' id='word_1_29' title='bbox 1038 707 1073 769; x_wconf 89' lang='lat' dir='ltr'><strong>et</strong></span> <span class='ocrx_word' id='word_1_30' title='bbox 1107 704 1147 769; x_wconf 88' lang='lat' dir='ltr'><strong>ad</strong></span> <span class='ocrx_word' id='word_1_31' title='bbox 1175 705 1278 769; x_wconf 80' lang='lat' dir='ltr'><strong>lacuna</strong></span> 
     </span>
     <span class='ocr_line' id='line_1_5' title="bbox 213 808 1278 898; baseline -0.006 -19"><span class='ocrx_word' id='word_1_32' title='bbox 213 814 419 898; x_wconf 89' lang='lat' dir='ltr'><strong>suspicionem</strong></span> <span class='ocrx_word' id='word_1_33' title='bbox 443 810 626 894; x_wconf 78' lang='lat' dir='ltr'><strong>confugitur.</strong></span> <span class='ocrx_word' id='word_1_34' title='bbox 659 808 808 874; x_wconf 82' lang='lat' dir='ltr'><strong>Faciliora</strong></span> <span class='ocrx_word' id='word_1_35' title='bbox 830 808 881 874; x_wconf 85' lang='lat' dir='ltr'><strong>via</strong></span> <span class='ocrx_word' id='word_1_36' title='bbox 903 828 1013 874; x_wconf 84' lang='lat' dir='ltr'><strong>verum</strong></span> <span class='ocrx_word' id='word_1_37' title='bbox 1030 809 1160 875; x_wconf 89' lang='lat' dir='ltr'><strong>restitui</strong></span> <span class='ocrx_word' id='word_1_38' title='bbox 1174 812 1278 893; x_wconf 86' lang='lat' dir='ltr'><strong>potest:</strong></span> 
     </span>
     <span class='ocr_line' id='line_1_6' title="bbox 216 914 1279 1002; baseline -0.004 -19"><span class='ocrx_word' id='word_1_39' title='bbox 216 920 266 983; x_wconf 81' lang='lat' dir='ltr'><strong>st</strong></span> <span class='ocrx_word' id='word_1_40' title='bbox 287 917 479 984; x_wconf 91' lang='lat' dir='ltr'><strong>consiliis</strong></span> <span class='ocrx_word' id='word_1_41' title='bbox 501 916 627 983; x_wconf 75' lang='lat' dir='ltr'><strong>fractm</strong></span> <span class='ocrx_word' id='word_1_42' title='bbox 653 914 787 980; x_wconf 86' lang='lat' dir='ltr'><strong>aerarii</strong></span> <span class='ocrx_word' id='word_1_43' title='bbox 816 934 927 996; x_wconf 89' lang='lat' dir='ltr'><strong>opes,</strong></span> <span class='ocrx_word' id='word_1_44' title='bbox 958 933 1034 1000; x_wconf 77' lang='lat' dir='ltr'><strong>qnae</strong></span> <span class='ocrx_word' id='word_1_45' title='bbox 1056 916 1191 1002; x_wconf 73' lang='lat' dir='ltr'><strong>rapitis,</strong></span> <span class='ocrx_word' id='word_1_46' title='bbox 1219 933 1279 979; x_wconf 86' lang='lat' dir='ltr'><strong>au·</strong></span> 
     </span>
     <span class='ocr_line' id='line_1_7' title="bbox 213 1020 1080 1108; baseline -0.007 -18"><span class='ocrx_word' id='word_1_47' title='bbox 213 1043 305 1108; x_wconf 86' lang='lat' dir='ltr'><strong>gere</strong></span> <span class='ocrx_word' id='word_1_48' title='bbox 327 1043 399 1089; x_wconf 91' lang='lat' dir='ltr'><strong>non</strong></span> <span class='ocrx_word' id='word_1_49' title='bbox 422 1024 609 1105; x_wconf 89' lang='lat' dir='ltr'><strong>potestis.</strong></span> <span class='ocrx_word' id='word_1_50' title='bbox 661 1020 828 1086; x_wconf 80' lang='lat' dir='ltr'><strong>Fructus</strong></span> <span class='ocrx_word' id='word_1_51' title='bbox 849 1020 913 1086; x_wconf 88' lang='lat' dir='ltr'><strong>iarn</strong></span> <span class='ocrx_word' id='word_1_52' title='bbox 936 1023 1080 1087; x_wconf 88' lang='lat' dir='ltr'><strong>lacobus.</strong></span> 
     </span>
    </p>
   </div>
   <div class='ocr_carea' id='block_1_3' title="bbox 214 1162 1280 1782">
    <p class='ocr_par' dir='ltr' id='par_1_3' title="bbox 214 1162 1280 1782">
     <span class='ocr_line' id='line_1_8' title="bbox 312 1162 1278 1247; baseline -0.001 -21"><span class='ocrx_word' id='word_1_53' title='bbox 312 1163 394 1237; x_wconf 78' lang='lat' dir='ltr'><strong>ibid.</strong></span> <span class='ocrx_word' id='word_1_54' title='bbox 413 1164 450 1225; x_wconf 89' lang='lat'><strong>16</strong></span> <span class='ocrx_word' id='word_1_55' title='bbox 467 1164 512 1240; x_wconf 90' lang='lat' dir='ltr'><strong>(iu</strong></span> <span class='ocrx_word' id='word_1_56' title='bbox 528 1163 666 1246; x_wconf 82' lang='lat' dir='ltr'><strong>exemplo</strong></span> <span class='ocrx_word' id='word_1_57' title='bbox 682 1163 928 1241; x_wconf 88' lang='lat' dir='ltr'><strong>Demosthenis):</strong></span> <span class='ocrx_word' id='word_1_58' title='bbox 950 1162 1086 1240; x_wconf 88' lang='lat' dir='ltr'><strong>Nunc,</strong></span> <span class='ocrx_word' id='word_1_59' title='bbox 1111 1163 1278 1247; x_wconf 90' lang='lat' dir='ltr'><strong>quoniam</strong></span> 
     </span>
     <span class='ocr_line' id='line_1_9' title="bbox 216 1269 1280 1353; baseline -0.006 -18"><span class='ocrx_word' id='word_1_60' title='bbox 216 1271 259 1335; x_wconf 90' lang='lat' dir='ltr'><strong>de</strong></span> <span class='ocrx_word' id='word_1_61' title='bbox 280 1289 355 1347; x_wconf 92' lang='lat' dir='ltr'><strong>me,</strong></span> <span class='ocrx_word' id='word_1_62' title='bbox 377 1270 419 1334; x_wconf 87' lang='lat' dir='ltr'><strong>ut</strong></span> <span class='ocrx_word' id='word_1_63' title='bbox 444 1269 568 1350; x_wconf 88' lang='lat' dir='ltr'><strong>volui,</strong></span> <span class='ocrx_word' id='word_1_64' title='bbox 603 1269 815 1353; x_wconf 81' lang='lat' dir='ltr'><strong>cognostis</strong></span> <span class='ocrx_word' id='word_1_65' title='bbox 842 1269 1041 1334; x_wconf 90' lang='lat' dir='ltr'><strong>iudicium</strong></span> <span class='ocrx_word' id='word_1_66' title='bbox 1067 1288 1138 1352; x_wconf 91' lang='lat' dir='ltr'><strong>per</strong></span> <span class='ocrx_word' id='word_1_67' title='bbox 1159 1269 1280 1351; x_wconf 88' lang='lat' dir='ltr'><strong>ipsius</strong></span> 
     </span>
     <span class='ocr_line' id='line_1_10' title="bbox 214 1374 1279 1458; baseline -0.001 -20"><span class='ocrx_word' id='word_1_68' title='bbox 214 1376 318 1441; x_wconf 83' lang='lat' dir='ltr'><strong>vitia</strong></span> <span class='ocrx_word' id='word_1_69' title='bbox 347 1376 597 1441; x_wconf 82' lang='lat' dir='ltr'><strong>constituam</strong></span> <span class='ocrx_word' id='word_1_70' title='bbox 626 1395 711 1440; x_wconf 87' lang='lat' dir='ltr'><strong>num</strong></span> <span class='ocrx_word' id='word_1_71' title='bbox 742 1376 828 1441; x_wconf 92' lang='lat' dir='ltr'><strong>dum</strong></span> <span class='ocrx_word' id='word_1_72' title='bbox 856 1394 953 1458; x_wconf 91' lang='lat' dir='ltr'><strong>opus</strong></span> <span class='ocrx_word' id='word_1_73' title='bbox 985 1382 1058 1441; x_wconf 86' lang='lat' dir='ltr'><strong>est.</strong></span> <span class='ocrx_word' id='word_1_74' title='bbox 1108 1377 1153 1440; x_wconf 82' lang='lat' dir='ltr'><strong>Ex</strong></span> <span class='ocrx_word' id='word_1_75' title='bbox 1174 1374 1279 1440; x_wconf 86' lang='lat' dir='ltr'><strong>lit-teris</strong></span> 
     </span>
     <span class='ocr_line' id='line_1_11' title="bbox 215 1480 1277 1564; baseline -0.003 -18"><span class='ocrx_word' id='word_1_76' title='bbox 215 1483 286 1564; x_wconf 88' lang='lat' dir='ltr'><strong>post</strong></span> <span class='ocrx_word' id='word_1_77' title='bbox 322 1500 400 1546; x_wconf 86' lang='lat' dir='ltr'><strong>rerae</strong></span> <span class='ocrx_word' id='word_1_78' title='bbox 437 1483 595 1564; x_wconf 77' lang='lat' dir='ltr'><strong>scripturae</strong></span> <span class='ocrx_word' id='word_1_79' title='bbox 630 1480 880 1564; x_wconf 83' lang='lat' dir='ltr'><strong>depravationem</strong></span> <span class='ocrx_word' id='word_1_80' title='bbox 918 1484 950 1546; x_wconf 91' lang='lat' dir='ltr'><strong>et</strong></span> <span class='ocrx_word' id='word_1_81' title='bbox 983 1482 1219 1548; x_wconf 81' lang='lat' dir='ltr'><strong>dissolutionem</strong></span> <span class='ocrx_word' id='word_1_82' title='bbox 1250 1481 1277 1543; x_wconf 93' lang='lat' dir='ltr'><strong>in</strong></span> 
     </span>
     <span class='ocr_line' id='line_1_12' title="bbox 217 1587 1276 1674; baseline -0.003 -21"><span class='ocrx_word' id='word_1_83' title='bbox 217 1589 393 1654; x_wconf 86' lang='lat' dir='ltr'><strong>Latinarum</strong></span> <span class='ocrx_word' id='word_1_84' title='bbox 413 1608 520 1655; x_wconf 89' lang='lat' dir='ltr'><strong>vocum</strong></span> <span class='ocrx_word' id='word_1_85' title='bbox 537 1591 671 1673; x_wconf 86' lang='lat' dir='ltr'><strong>speciem</strong></span> <span class='ocrx_word' id='word_1_86' title='bbox 686 1588 839 1674; x_wconf 91' lang='lat' dir='ltr'><strong>quandam</strong></span> <span class='ocrx_word' id='word_1_87' title='bbox 854 1588 1077 1672; x_wconf 87' lang='lat' dir='ltr'><strong>conglutinatis</strong></span> <span class='ocrx_word' id='word_1_88' title='bbox 1093 1587 1276 1655; x_wconf 85' lang='lat' dir='ltr'><strong>efficiendum</strong></span> 
     </span>
     <span class='ocr_line' id='line_1_13' title="bbox 216 1694 1276 1782; baseline 0.001 -24"><span class='ocrx_word' id='word_1_89' title='bbox 216 1696 350 1761; x_wconf 75' lang='lat' dir='ltr'><strong>videturz</strong></span> <span class='ocrx_word' id='word_1_90' title='bbox 373 1694 486 1762; x_wconf 90' lang='lat' dir='ltr'><strong>Nunc</strong></span> <span class='ocrx_word' id='word_1_91' title='bbox 508 1744 515 1760; x_wconf 92' lang='lat'>.</span> <span class='ocrx_word' id='word_1_92' title='bbox 539 1745 545 1759; x_wconf 93' lang='lat'>.</span> <span class='ocrx_word' id='word_1_93' title='bbox 570 1742 576 1759; x_wconf 90' lang='lat'>.</span> <span class='ocrx_word' id='word_1_94' title='bbox 600 1696 826 1781; x_wconf 81' lang='lat' dir='ltr'><strong>cognostis,</strong></span> <span class='ocrx_word' id='word_1_95' title='bbox 849 1696 981 1772; x_wconf 87' lang='lat' dir='ltr'><strong>indices,</strong></span> <span class='ocrx_word' id='word_1_96' title='bbox 997 1712 1179 1782; x_wconf 81' lang='lat' dir='ltr'><strong>parumper</strong></span> <span class='ocrx_word' id='word_1_97' title='bbox 1192 1694 1276 1761; x_wconf 82' lang='lat' dir='ltr'><strong>istim</strong></span> 
     </span>
    </p>
   </div>
   <div class='ocr_carea' id='block_1_4' title="bbox 216 1801 1276 1993">
    <p class='ocr_par' dir='ltr' id='par_1_4' title="bbox 216 1801 1276 1993">
     <span class='ocr_line' id='line_1_14' title="bbox 216 1801 1276 1885; baseline -0.001 -19"><span class='ocrx_word' id='word_1_98' title='bbox 216 1801 284 1867; x_wconf 85' lang='lat' dir='ltr'><strong>vita</strong></span> <span class='ocrx_word' id='word_1_99' title='bbox 316 1802 542 1871; x_wconf 84' lang='lat' dir='ltr'><strong>constituenda</strong></span> <span class='ocrx_word' id='word_1_100' title='bbox 572 1804 605 1870; x_wconf 91' lang='lat' dir='ltr'><strong>iu</strong></span> <span class='ocrx_word' id='word_1_101' title='bbox 641 1801 741 1869; x_wconf 86' lang='lat' dir='ltr'><strong>oeulis</strong></span> <span class='ocrx_word' id='word_1_102' title='bbox 773 1806 844 1868; x_wconf 87' lang='lat' dir='ltr'><strong>est</strong></span> <span class='ocrx_word' id='word_1_103' title='bbox 901 1803 937 1868; x_wconf 93' lang='lat' dir='ltr'><strong>In</strong></span> <span class='ocrx_word' id='word_1_104' title='bbox 974 1801 1084 1867; x_wconf 90' lang='lat' dir='ltr'><strong>codice</strong></span> <span class='ocrx_word' id='word_1_105' title='bbox 1122 1803 1276 1885; x_wconf 78' lang='lat' dir='ltr'><strong>archetypo</strong></span> 
     </span>
     <span class='ocr_line' id='line_1_15' title="bbox 216 1908 1000 1993; baseline 0.001 -23"><span class='ocrx_word' id='word_1_106' title='bbox 216 1909 348 1974; x_wconf 85' lang='lat' dir='ltr'><strong>breviter</strong></span> <span class='ocrx_word' id='word_1_107' title='bbox 369 1909 518 1993; x_wconf 87' lang='lat' dir='ltr'><strong>seriptum</strong></span> <span class='ocrx_word' id='word_1_108' title='bbox 539 1911 638 1974; x_wconf 88' lang='lat' dir='ltr'><strong>fuerat</strong></span> <span class='ocrx_word' id='word_1_109' title='bbox 659 1909 735 1974; x_wconf 91' lang='lat' dir='ltr'><strong>iud.</strong></span> <span class='ocrx_word' id='word_1_110' title='bbox 758 1928 811 1993; x_wconf 87' lang='lat' dir='ltr'><strong>pro</strong></span> <span class='ocrx_word' id='word_1_111' title='bbox 833 1908 1000 1975; x_wconf 85' lang='lat' dir='ltr'><strong>iudices.</strong></span> 
     </span>
    </p>
   </div>
   <div class='ocr_carea' id='block_1_5' title="bbox 209 2049 1274 3407">
    <p class='ocr_par' dir='ltr' id='par_1_5' title="bbox 209 2049 1274 3407">
     <span class='ocr_line' id='line_1_16' title="bbox 317 2049 1274 2134; baseline -0.002 -21"><span class='ocrx_word' id='word_1_112' title='bbox 317 2049 393 2115; x_wconf 90' lang='lat' dir='ltr'><strong>lbid.</strong></span> <span class='ocrx_word' id='word_1_113' title='bbox 427 2051 464 2114; x_wconf 89' lang='grc'><strong>19</strong></span> <span class='ocrx_word' id='word_1_114' title='bbox 497 2053 540 2130; x_wconf 90' lang='lat' dir='ltr'><strong>(iu</strong></span> <span class='ocrx_word' id='word_1_115' title='bbox 575 2049 713 2134; x_wconf 83' lang='lat' dir='ltr'><strong>exemplo</strong></span> <span class='ocrx_word' id='word_1_116' title='bbox 746 2049 942 2134; x_wconf 78' lang='lat' dir='ltr'><strong>Hyperidis):</strong></span> <span class='ocrx_word' id='word_1_117' title='bbox 975 2050 1107 2131; x_wconf 88' lang='lat' dir='ltr'><strong>Leges</strong></span> <span class='ocrx_word' id='word_1_118' title='bbox 1140 2051 1274 2133; x_wconf 88' lang='lat' dir='ltr'><strong>igitur,</strong></span> 
     </span>
     <span class='ocr_line' id='line_1_17' title="bbox 216 2156 1272 2241; baseline 0 -22"><span class='ocrx_word' id='word_1_119' title='bbox 216 2174 298 2238; x_wconf 87' lang='lat' dir='ltr'><strong>quse</strong></span> <span class='ocrx_word' id='word_1_120' title='bbox 335 2157 607 2237; x_wconf 88' lang='lat' dir='ltr'><strong>prohibebant</strong></span> <span class='ocrx_word' id='word_1_121' title='bbox 642 2158 737 2236; x_wconf 87' lang='lat' dir='ltr'><strong>haee,</strong></span> <span class='ocrx_word' id='word_1_122' title='bbox 775 2177 847 2225; x_wconf 91' lang='lat' dir='ltr'><strong>non</strong></span> <span class='ocrx_word' id='word_1_123' title='bbox 885 2157 1157 2241; x_wconf 75' lang='lat' dir='ltr'><strong>negligebas?</strong></span> <span class='ocrx_word' id='word_1_124' title='bbox 1203 2156 1272 2220; x_wconf 84' lang='lat' dir='ltr'><strong>flou</strong></span> 
     </span>
     <span class='ocr_line' id='line_1_18' title="bbox 215 2263 1272 2348; baseline -0.001 -23"><span class='ocrx_word' id='word_1_125' title='bbox 215 2269 410 2343; x_wconf 87' lang='lat' dir='ltr'><strong>poteram,</strong></span> <span class='ocrx_word' id='word_1_126' title='bbox 445 2268 660 2346; x_wconf 91' lang='lat' dir='ltr'><strong>propterea</strong></span> <span class='ocrx_word' id='word_1_127' title='bbox 692 2265 793 2348; x_wconf 90' lang='lat' dir='ltr'><strong>quod</strong></span> <span class='ocrx_word' id='word_1_128' title='bbox 823 2263 982 2330; x_wconf 88' lang='lat' dir='ltr'><strong>littoris</strong></span> <span class='ocrx_word' id='word_1_129' title='bbox 1013 2283 1149 2329; x_wconf 89' lang='lat' dir='ltr'><strong>earum</strong></span> <span class='ocrx_word' id='word_1_130' title='bbox 1179 2281 1272 2327; x_wconf 87' lang='lat' dir='ltr'><strong>arma</strong></span> 
     </span>
     <span class='ocr_line' id='line_1_19' title="bbox 215 2368 1272 2453; baseline 0 -22"><span class='ocrx_word' id='word_1_131' title='bbox 215 2368 475 2435; x_wconf 82' lang='lat' dir='ltr'><strong>Macedonum</strong></span> <span class='ocrx_word' id='word_1_132' title='bbox 507 2371 696 2453; x_wconf 87' lang='lat' dir='ltr'><strong>opposita</strong></span> <span class='ocrx_word' id='word_1_133' title='bbox 728 2371 995 2438; x_wconf 87' lang='lat' dir='ltr'><strong>obsistebant.</strong></span> <span class='ocrx_word' id='word_1_134' title='bbox 1048 2371 1170 2436; x_wconf 84' lang='lat' dir='ltr'><strong>Minore</strong></span> <span class='ocrx_word' id='word_1_135' title='bbox 1192 2368 1272 2433; x_wconf 91' lang='lat' dir='ltr'><strong>moli-</strong></span> 
     </span>
     <span class='ocr_line' id='line_1_20' title="bbox 214 2474 1271 2559; baseline -0.004 -21"><span class='ocrx_word' id='word_1_136' title='bbox 214 2477 305 2553; x_wconf 87' lang='lat' dir='ltr'><strong>mine,</strong></span> <span class='ocrx_word' id='word_1_137' title='bbox 328 2494 419 2559; x_wconf 89' lang='lat' dir='ltr'><strong>quam</strong></span> <span class='ocrx_word' id='word_1_138' title='bbox 443 2495 502 2558; x_wconf 92' lang='lat' dir='ltr'><strong>qno</strong></span> <span class='ocrx_word' id='word_1_139' title='bbox 524 2475 665 2542; x_wconf 78' lang='lat' dir='ltr'><strong>Halmius</strong></span> <span class='ocrx_word' id='word_1_140' title='bbox 694 2497 766 2543; x_wconf 89' lang='lat' dir='ltr'><strong>usus</strong></span> <span class='ocrx_word' id='word_1_141' title='bbox 796 2480 854 2555; x_wconf 90' lang='lat' dir='ltr'><strong>ost,</strong></span> <span class='ocrx_word' id='word_1_142' title='bbox 881 2495 986 2541; x_wconf 85' lang='lat' dir='ltr'><strong>verum</strong></span> <span class='ocrx_word' id='word_1_143' title='bbox 1017 2479 1201 2541; x_wconf 89' lang='lat' dir='ltr'><strong>restituetur</strong></span> <span class='ocrx_word' id='word_1_144' title='bbox 1221 2474 1271 2539; x_wconf 86' lang='lat' dir='ltr'><strong>sic:</strong></span> 
     </span>
     <span class='ocr_line' id='line_1_21' title="bbox 213 2579 1271 2668; baseline 0 -24"><span class='ocrx_word' id='word_1_145' title='bbox 213 2579 340 2664; x_wconf 83' lang='lat' dir='ltr'><strong>Leges</strong></span> <span class='ocrx_word' id='word_1_146' title='bbox 361 2581 507 2665; x_wconf 86' lang='lat' dir='ltr'><strong>igitur,</strong></span> <span class='ocrx_word' id='word_1_147' title='bbox 527 2601 609 2664; x_wconf 77' lang='lat' dir='ltr'><strong>quse</strong></span> <span class='ocrx_word' id='word_1_148' title='bbox 631 2583 902 2666; x_wconf 88' lang='lat' dir='ltr'><strong>prohibebant</strong></span> <span class='ocrx_word' id='word_1_149' title='bbox 922 2582 1019 2660; x_wconf 84' lang='lat' dir='ltr'><strong>naee,</strong></span> <span class='ocrx_word' id='word_1_150' title='bbox 1037 2603 1111 2648; x_wconf 89' lang='lat' dir='ltr'><strong>non</strong></span> <span class='ocrx_word' id='word_1_151' title='bbox 1130 2582 1271 2668; x_wconf 77' lang='lat' dir='ltr'><strong>legebas?</strong></span> 
     </span>
     <span class='ocr_line' id='line_1_22' title="bbox 212 2687 1270 2772; baseline 0 -21"><span class='ocrx_word' id='word_1_152' title='bbox 212 2687 294 2753; x_wconf 88' lang='lat' dir='ltr'><strong>Non</strong></span> <span class='ocrx_word' id='word_1_153' title='bbox 328 2689 524 2770; x_wconf 88' lang='lat' dir='ltr'><strong>poteram,</strong></span> <span class='ocrx_word' id='word_1_154' title='bbox 566 2691 781 2771; x_wconf 90' lang='lat' dir='ltr'><strong>propterea</strong></span> <span class='ocrx_word' id='word_1_155' title='bbox 813 2688 913 2772; x_wconf 92' lang='lat' dir='ltr'><strong>quod</strong></span> <span class='ocrx_word' id='word_1_156' title='bbox 947 2688 1114 2754; x_wconf 90' lang='lat' dir='ltr'><strong>litteris</strong></span> <span class='ocrx_word' id='word_1_157' title='bbox 1147 2707 1270 2754; x_wconf 85' lang='lat' dir='ltr'><strong>earum</strong></span> 
     </span>
     <span class='ocr_line' id='line_1_23' title="bbox 211 2792 1270 2878; baseline -0.002 -21"><span class='ocrx_word' id='word_1_158' title='bbox 211 2811 318 2859; x_wconf 91' lang='lat' dir='ltr'><strong>arma</strong></span> <span class='ocrx_word' id='word_1_159' title='bbox 352 2792 610 2859; x_wconf 82' lang='lat' dir='ltr'><strong>Macedonum</strong></span> <span class='ocrx_word' id='word_1_160' title='bbox 644 2794 833 2878; x_wconf 88' lang='lat' dir='ltr'><strong>opposita</strong></span> <span class='ocrx_word' id='word_1_161' title='bbox 864 2796 1134 2860; x_wconf 85' lang='lat' dir='ltr'><strong>obsistebant</strong></span> <span class='ocrx_word' id='word_1_162' title='bbox 1181 2795 1270 2878; x_wconf 84' lang='lat' dir='ltr'><strong>Urget</strong></span> 
     </span>
     <span class='ocr_line' id='line_1_24' title="bbox 212 2899 1268 2985; baseline 0.001 -21"><span class='ocrx_word' id='word_1_163' title='bbox 212 2899 406 2967; x_wconf 78' lang='lat' dir='ltr'><strong>adversarius</strong></span> <span class='ocrx_word' id='word_1_164' title='bbox 427 2899 654 2985; x_wconf 86' lang='lat' dir='ltr'><strong>interrogando,</strong></span> <span class='ocrx_word' id='word_1_165' title='bbox 676 2920 750 2965; x_wconf 91' lang='lat' dir='ltr'><strong>uum</strong></span> <span class='ocrx_word' id='word_1_166' title='bbox 780 2903 815 2977; x_wconf 90' lang='lat' dir='ltr'><strong>is,</strong></span> <span class='ocrx_word' id='word_1_167' title='bbox 845 2901 898 2983; x_wconf 87' lang='lat' dir='ltr'><strong>qui</strong></span> <span class='ocrx_word' id='word_1_168' title='bbox 920 2902 1058 2966; x_wconf 88' lang='lat' dir='ltr'><strong>oratioue</strong></span> <span class='ocrx_word' id='word_1_169' title='bbox 1081 2922 1115 2967; x_wconf 91' lang='lat' dir='ltr'><strong>se</strong></span> <span class='ocrx_word' id='word_1_170' title='bbox 1132 2899 1268 2974; x_wconf 82' lang='lat' dir='ltr'><strong>defendit</strong></span> 
     </span>
     <span class='ocr_line' id='line_1_25' title="bbox 210 3005 1267 3092; baseline 0 -21"><span class='ocrx_word' id='word_1_171' title='bbox 210 3007 295 3090; x_wconf 88' lang='lat' dir='ltr'><strong>leges</strong></span> <span class='ocrx_word' id='word_1_172' title='bbox 327 3008 391 3072; x_wconf 90' lang='lat' dir='ltr'><strong>suis</strong></span> <span class='ocrx_word' id='word_1_173' title='bbox 423 3007 631 3092; x_wconf 88' lang='lat' dir='ltr'><strong>rogationibus</strong></span> <span class='ocrx_word' id='word_1_174' title='bbox 665 3005 832 3071; x_wconf 87' lang='lat' dir='ltr'><strong>contrarias</strong></span> <span class='ocrx_word' id='word_1_175' title='bbox 865 3008 1053 3092; x_wconf 83' lang='lat' dir='ltr'><strong>ignoraverit</strong></span> <span class='ocrx_word' id='word_1_176' title='bbox 1082 3028 1139 3074; x_wconf 89' lang='lat' dir='ltr'><strong>nee</strong></span> <span class='ocrx_word' id='word_1_177' title='bbox 1160 3010 1267 3091; x_wconf 85' lang='lat' dir='ltr'><strong>legerit</strong></span> 
     </span>
     <span class='ocr_line' id='line_1_26' title="bbox 211 3112 1269 3199; baseline 0.001 -23"><span class='ocrx_word' id='word_1_178' title='bbox 211 3112 390 3195; x_wconf 84' lang='lat' dir='ltr'><strong>Respondet</strong></span> <span class='ocrx_word' id='word_1_179' title='bbox 410 3116 523 3191; x_wconf 90' lang='lat' dir='ltr'><strong>orator,</strong></span> <span class='ocrx_word' id='word_1_180' title='bbox 545 3132 578 3179; x_wconf 89' lang='lat' dir='ltr'><strong>se</strong></span> <span class='ocrx_word' id='word_1_181' title='bbox 600 3131 651 3179; x_wconf 87' lang='lat' dir='ltr'><strong>eas</strong></span> <span class='ocrx_word' id='word_1_182' title='bbox 667 3116 791 3196; x_wconf 89' lang='lat' dir='ltr'><strong>propter</strong></span> <span class='ocrx_word' id='word_1_183' title='bbox 809 3133 895 3180; x_wconf 89' lang='lat' dir='ltr'><strong>arma</strong></span> <span class='ocrx_word' id='word_1_184' title='bbox 909 3113 1116 3180; x_wconf 89' lang='lat' dir='ltr'><strong>Macedonum</strong></span> <span class='ocrx_word' id='word_1_185' title='bbox 1139 3114 1269 3199; x_wconf 79' lang='lat' dir='ltr'><strong>opposita</strong></span> 
     </span>
     <span class='ocr_line' id='line_1_27' title="bbox 209 3217 1268 3303; baseline 0.003 -22"><span class='ocrx_word' id='word_1_186' title='bbox 209 3217 312 3303; x_wconf 86' lang='lat' dir='ltr'><strong>legere</strong></span> <span class='ocrx_word' id='word_1_187' title='bbox 343 3239 402 3284; x_wconf 91' lang='lat' dir='ltr'><strong>nou</strong></span> <span class='ocrx_word' id='word_1_188' title='bbox 435 3221 581 3302; x_wconf 86' lang='lat' dir='ltr'><strong>potuisse,</strong></span> <span class='ocrx_word' id='word_1_189' title='bbox 616 3221 673 3285; x_wconf 91' lang='lat' dir='ltr'><strong>hoe</strong></span> <span class='ocrx_word' id='word_1_190' title='bbox 705 3221 761 3296; x_wconf 91' lang='lat' dir='ltr'><strong>est,</strong></span> <span class='ocrx_word' id='word_1_191' title='bbox 795 3238 847 3286; x_wconf 90' lang='lat' dir='ltr'><strong>eas</strong></span> <span class='ocrx_word' id='word_1_192' title='bbox 878 3219 909 3285; x_wconf 86' lang='lat' dir='ltr'><strong>ri</strong></span> <span class='ocrx_word' id='word_1_193' title='bbox 942 3239 1098 3286; x_wconf 89' lang='lat' dir='ltr'><strong>armorum</strong></span> <span class='ocrx_word' id='word_1_194' title='bbox 1128 3221 1268 3287; x_wconf 83' lang='lat' dir='ltr'><strong>invalidas</strong></span> 
     </span>
     <span class='ocr_line' id='line_1_28' title="bbox 209 3324 653 3407; baseline 0.014 -20"><span class='ocrx_word' id='word_1_195' title='bbox 209 3324 312 3391; x_wconf 83' lang='lat' dir='ltr'><strong>fuisse.</strong></span> <span class='ocrx_word' id='word_1_196' title='bbox 349 3325 410 3407; x_wconf 87' lang='lat' dir='ltr'><strong>[Sic</strong></span> <span class='ocrx_word' id='word_1_197' title='bbox 431 3327 493 3392; x_wconf 90' lang='lat' dir='ltr'><strong>iam</strong></span> <span class='ocrx_word' id='word_1_198' title='bbox 515 3326 653 3407; x_wconf 76' lang='lat' dir='ltr'><strong>Tollius]</strong></span> 
     </span>
    </p>
   </div>
   <div class='ocr_carea' id='block_1_6' title="bbox 204 3465 1266 4183">
    <p class='ocr_par' dir='ltr' id='par_1_6' title="bbox 210 3465 1266 3764">
     <span class='ocr_line' id='line_1_29' title="bbox 310 3465 1266 3550; baseline 0.001 -20"><span class='ocrx_word' id='word_1_199' title='bbox 310 3465 377 3532; x_wconf 86' lang='lat' dir='ltr'><strong>Lib.</strong></span> <span class='ocrx_word' id='word_1_200' title='bbox 400 3467 442 3542; x_wconf 87' lang='lat' dir='ltr'><strong>Il,</strong></span> <span class='ocrx_word' id='word_1_201' title='bbox 465 3470 483 3530; x_wconf 82' lang='lat' dir='ltr'><strong>d</strong></span> <span class='ocrx_word' id='word_1_202' title='bbox 512 3469 543 3533; x_wconf 94' lang='lat' dir='ltr'><strong>in</strong></span> <span class='ocrx_word' id='word_1_203' title='bbox 569 3466 709 3550; x_wconf 84' lang='lat' dir='ltr'><strong>exemplo</strong></span> <span class='ocrx_word' id='word_1_204' title='bbox 731 3467 863 3533; x_wconf 81' lang='lat' dir='ltr'><strong>Charisii</strong></span> <span class='ocrx_word' id='word_1_205' title='bbox 893 3467 1091 3534; x_wconf 89' lang='lat' dir='ltr'><strong>scribendum</strong></span> <span class='ocrx_word' id='word_1_206' title='bbox 1114 3472 1176 3535; x_wconf 86' lang='lat' dir='ltr'><strong>est:</strong></span> <span class='ocrx_word' id='word_1_207' title='bbox 1199 3470 1266 3532; x_wconf 81' lang='lat' dir='ltr'><strong>luae</strong></span> 
     </span>
     <span class='ocr_line' id='line_1_30' title="bbox 210 3572 1264 3658; baseline -0.003 -21"><span class='ocrx_word' id='word_1_208' title='bbox 210 3572 243 3637; x_wconf 91' lang='lat' dir='ltr'><strong>si</strong></span> <span class='ocrx_word' id='word_1_209' title='bbox 267 3591 441 3656; x_wconf 84' lang='lat' dir='ltr'><strong>praesens</strong></span> <span class='ocrx_word' id='word_1_210' title='bbox 463 3577 572 3658; x_wconf 81' lang='lat' dir='ltr'><strong>agat,</strong></span> <span class='ocrx_word' id='word_1_211' title='bbox 588 3578 631 3639; x_wconf 89' lang='lat' dir='ltr'><strong>ut</strong></span> <span class='ocrx_word' id='word_1_212' title='bbox 652 3573 754 3653; x_wconf 84' lang='lat' dir='ltr'><strong>dixi,</strong></span> <span class='ocrx_word' id='word_1_213' title='bbox 770 3572 1031 3656; x_wconf 86' lang='lat' dir='ltr'><strong>respublica,</strong></span> <span class='ocrx_word' id='word_1_214' title='bbox 1047 3572 1264 3657; x_wconf 88' lang='lat' dir='ltr'><strong>quidanimi</strong></span> 
     </span>
     <span class='ocr_line' id='line_1_31' title="bbox 210 3676 667 3764; baseline 0 -22"><span class='ocrx_word' id='word_1_215' title='bbox 210 3676 281 3743; x_wconf 84' lang='lat' dir='ltr'><strong>sitis</strong></span> <span class='ocrx_word' id='word_1_216' title='bbox 302 3677 503 3759; x_wconf 87' lang='lat' dir='ltr'><strong>habituri,</strong></span> <span class='ocrx_word' id='word_1_217' title='bbox 526 3699 667 3764; x_wconf 87' lang='lat' dir='ltr'><strong>quaero.</strong></span> 
     </span>
    </p>

    <p class='ocr_par' dir='ltr' id='par_1_7' title="bbox 204 3796 1265 4183">
     <span class='ocr_line' id='line_1_32' title="bbox 307 3796 1265 3882; baseline 0.008 -22"><span class='ocrx_word' id='word_1_218' title='bbox 307 3796 384 3861; x_wconf 84' lang='lat' dir='ltr'><strong>ibid.</strong></span> <span class='ocrx_word' id='word_1_219' title='bbox 411 3798 448 3860; x_wconf 88' lang='grc'><strong>18</strong></span> <span class='ocrx_word' id='word_1_220' title='bbox 470 3797 514 3874; x_wconf 89' lang='lat' dir='ltr'><strong>(in</strong></span> <span class='ocrx_word' id='word_1_221' title='bbox 537 3799 675 3880; x_wconf 86' lang='lat' dir='ltr'><strong>exemplo</strong></span> <span class='ocrx_word' id='word_1_222' title='bbox 698 3799 930 3876; x_wconf 87' lang='lat' dir='ltr'><strong>Demosthenis)</strong></span> <span class='ocrx_word' id='word_1_223' title='bbox 939 3820 946 3862; x_wconf 95' lang='lat'><strong>:</strong></span> <span class='ocrx_word' id='word_1_224' title='bbox 949 3798 1126 3880; x_wconf 75' lang='lat' dir='ltr'><strong>pVestra</strong></span> <span class='ocrx_word' id='word_1_225' title='bbox 1147 3817 1265 3882; x_wconf 75' lang='lat' dir='ltr'><strong>opera.</strong></span> 
     </span>
     <span class='ocr_line' id='line_1_33' title="bbox 206 3902 1265 3986; baseline 0.002 -21"><span class='ocrx_word' id='word_1_226' title='bbox 206 3902 496 3981; x_wconf 82' lang='lat' dir='ltr'><strong>Athenienses,</strong></span> <span class='ocrx_word' id='word_1_227' title='bbox 527 3904 564 3967; x_wconf 92' lang='lat' dir='ltr'><strong>iu</strong></span> <span class='ocrx_word' id='word_1_228' title='bbox 588 3906 702 3969; x_wconf 89' lang='lat' dir='ltr'><strong>tanto</strong></span> <span class='ocrx_word' id='word_1_229' title='bbox 727 3923 790 3968; x_wconf 90' lang='lat' dir='ltr'><strong>res</strong></span> <span class='ocrx_word' id='word_1_230' title='bbox 812 3904 977 3986; x_wconf 89' lang='lat' dir='ltr'><strong>publica</strong></span> <span class='ocrx_word' id='word_1_231' title='bbox 997 3908 1183 3986; x_wconf 88' lang='lat' dir='ltr'><strong>periculo</strong></span> <span class='ocrx_word' id='word_1_232' title='bbox 1203 3910 1265 3971; x_wconf 88' lang='lat' dir='ltr'><strong>est</strong></span> 
     </span>
     <span class='ocr_line' id='line_1_34' title="bbox 210 4007 1265 4078; baseline 0.004 -8"><span class='ocrx_word' id='word_1_233' title='bbox 210 4007 281 4070; x_wconf 85' lang='lat' dir='ltr'><strong>l&#39;os</strong></span> <span class='ocrx_word' id='word_1_234' title='bbox 316 4009 418 4074; x_wconf 91' lang='lat' dir='ltr'><strong>enim</strong></span> <span class='ocrx_word' id='word_1_235' title='bbox 452 4011 672 4077; x_wconf 87' lang='lat' dir='ltr'><strong>defendere</strong></span> <span class='ocrx_word' id='word_1_236' title='bbox 703 4012 920 4077; x_wconf 78' lang='lat' dir='ltr'><strong>defecistis</strong></span> <span class='ocrx_word' id='word_1_237' title='bbox 949 4014 1008 4076; x_wconf 83' lang='lat' dir='ltr'><strong>oet</strong></span> <span class='ocrx_word' id='word_1_238' title='bbox 1054 4012 1265 4078; x_wconf 87' lang='lat' dir='ltr'><strong>Scribendum:</strong></span> 
     </span>
     <span class='ocr_line' id='line_1_35' title="bbox 204 4104 1237 4183; baseline 0.009 -7"><span class='ocrx_word' id='word_1_239' title='bbox 204 4110 281 4177; x_wconf 87' lang='lat' dir='ltr'><strong>Vos</strong></span> <span class='ocrx_word' id='word_1_240' title='bbox 303 4115 406 4180; x_wconf 91' lang='lat' dir='ltr'><strong>euim</strong></span> <span class='ocrx_word' id='word_1_241' title='bbox 429 4117 469 4181; x_wconf 91' lang='lat' dir='ltr'><strong>de</strong></span> <span class='ocrx_word' id='word_1_242' title='bbox 492 4115 614 4183; x_wconf 80' lang='lat' dir='ltr'><strong>fmdere</strong></span> <span class='ocrx_word' id='word_1_243' title='bbox 636 4118 865 4183; x_wconf 83' lang='lat' dir='ltr'><strong>defecistis.</strong></span> <span class='ocrx_word' id='word_1_244' title='bbox 1234 4104 1237 4108; x_wconf 43' lang='grc'><strong>’</strong></span> 
     </span>
    </p>
   </div>
   <div class='ocr_carea' id='block_1_7' title="bbox 0 0 1332 5010">
    <p class='ocr_par' dir='ltr' id='par_1_8' title="bbox 0 0 1332 5010">
     <span class='ocr_line' id='line_1_36' title="bbox 0 0 1332 5010; baseline 0 2"><span class='ocrx_word' id='word_1_245' title='bbox 0 0 1332 5010; x_wconf 95' lang='lat' dir='ltr'><strong> </strong></span> 
     </span>
    </p>
   </div>
  </div>
 </body>
</html>
