2678 5016
337 741 341 748 Ε
394 735 398 743 ν
476 661 598 716 Velerins
620 661 741 717 Flaccus.
1036 666 1093 728 151

79 862 172 926 serius
201 860 384 926 secnbumm
408 858 528 925 facilins
561 860 628 926 leco
660 860 791 927 cessisse
813 860 933 927 videtur
954 865 986 928 et
1006 863 1045 928 sd
1068 884 1133 931 rem

78 965 171 1032 mnltc
193 966 291 1048 aptius
314 982 403 1030 esset

156 1070 219 1137 Vos
240 1070 316 1134 mihi
338 1087 423 1134 nnnc
444 1070 576 1152 primum
598 1071 629 1135 in
652 1070 727 1134 lirae
748 1072 904 1149 invertite,
927 1075 1019 1152 inuri,

155 1195 286 1259 aequorn
391 1243 394 1249 ,
883 1187 887 1195 “

172 1280 237 1345 lbd.
269 1279 331 1343 640
360 1278 410 1358 (de
443 1280 516 1346 viris
548 1299 565 1347 e
600 1283 684 1346 terre
716 1281 797 1346 netis
819 1281 851 1345 in
883 1301 917 1348 se
938 1284 1136 1366 irruentibus,

76 1407 142 1453 enm
164 1388 305 1453 Iasonem
328 1404 361 1450 se
382 1387 486 1468 petere
509 1388 684 1468 putescum:

206 1492 315 1557 Omnis
336 1490 379 1555 ibi
400 1490 567 1558 AEscniden
589 1493 683 1558 sterni
704 1493 803 1574 putet,
826 1493 969 1558 omnibus
992 1495 1038 1560 ire

204 1596 278 1662 telis
296 1600 372 1662 eret

170 1703 321 1785 Ignavum
347 1705 379 1766 et
399 1718 576 1782 perversum
599 1701 684 1778 εαίὶες
721 1703 820 1786 qualis
852 1704 934 1769 enim
961 1705 1007 1768 ira
1037 1704 1134 1789 signi·

74 1809 162 1891 iente
183 1808 252 1872 est?
293 1808 335 1871 Et
365 1806 475 1872 vitium
502 1807 555 1872 elii
582 1811 754 1882 senserunt,
784 1809 815 1874 in
845 1809 1022 1893 corrigendo
1045 1811 1133 1876 eber·

73 1916 179 1979 rerunt
199 1915 232 1977 et
253 1932 273 1978 a
294 1912 433 1996 vestigiis
454 1913 612 1996 scripturae
635 1915 667 1979 et
688 1913 728 1978 eb
749 1917 824 1996 epte
844 1916 1007 1980 sententia.
1052 1915 1136 1981 Scri·

73 2019 206 2085 bendum
228 2016 369 2084 videtu:
465 2031 467 2033 ’

636 2103 779 2168 omnibus
802 2101 849 2168 ire

276 2205 372 2268 Falsa
394 2190 499 2269 mat..

172 2314 237 2378 Lib.
260 2313 351 2390 VIII,
374 2313 402 2389 7,
424 2311 444 2375 8
466 2311 531 2376 cod.
558 2308 739 2380 Vaticanus:
1046 2392 1048 2395 ¹

609 2419 785 2504 crinemque
808 2415 964 2506 penesque

272 2523 345 2586 ante
367 2542 422 2604 per
442 2524 603 2589 anticarsit
624 2526 754 2609 uestigia
774 2526 884 2591 semni.

170 2629 281 2693 Editur
296 2649 356 2712 per
377 2628 496 2713 antiqui
516 2630 645 2714 carpsi&
677 2630 849 2696 faciendum
871 2633 973 2714 potius
994 2631 1133 2695 videtur:

197 2737 270 2800 ante
291 2752 346 2816 per
367 2735 484 2817 antiqui
507 2731 622 2816 (eutici)
643 2740 720 2798 rasit
739 2738 869 2821 vestigia
889 2737 999 2803 somni.
1092 2798 1096 2803 ,,
1121 2782 1127 2791 „

171 2841 294 2903 ccccm
327 2860 421 2922 penae
454 2844 562 2906 notum
597 2842 702 2920 estin
732 2841 816 2908 luctu
845 2844 964 2926 proprie
993 2844 1025 2907 et
1053 2841 1135 2907 enti·

74 2966 129 3031 que
150 2947 220 3011 dici.

170 3051 237 3117 lbd.
263 3053 318 3113 67:
813 3135 816 3140 Ι

272 3157 329 3221 Ille
352 3157 440 3230 silet,
462 3141 568 3222 tantus
590 3157 685 3228 subiit
708 3157 892 3241 ntuirginis
913 3157 1026 3224 horror.
1124 3210 1126 3214 .

74 3259 165 3327 Inane
189 3281 258 3329 esse
291 3273 391 3342 uncus
416 3263 478 3328 iam
500 3262 648 3327 Heinsius
674 3262 784 3338 sensit;
817 3263 873 3329 sed
893 3282 987 3345 prava
1009 3281 1131 3347 prorsus

73 3370 220 3452 temporis
243 3367 428 3452 significatio
451 3371 499 3434 est
520 3369 586 3451 (cc).
633 3367 849 3432 scribendum:
994 3376 995 3379 ’

237 3472 297 3538 llle
318 3475 397 3549 silet,
422 3474 529 3536 ccciccc
548 3473 643 3539 subiit
664 3472 840 3556 ecvirginis
862 3473 975 3537 horror.

176 3580 300 3642 Tacitus
321 3580 441 3645 Heinsii
463 3584 520 3647 est.

169 3685 238 3750 lbd.
263 3683 334 3762 285,
357 3684 434 3749 286:

153 3793 283 3856 Dixerat
303 3792 395 3874 etque
415 3810 504 3857 crans
521 3792 637 3872 >iterum
660 3794 828 3873 ventosque
849 3790 990 3872 virosque

154 3895 279 3980 Perque
303 3896 378 3960 retis
400 3897 527 3981 supplex
548 3900 580 3962 et
600 3897 726 3980 remigis
749 3895 860 3962 vexilla
882 3893 1048 3979 magistris.

170 4003 222 4067 Sic
245 4001 337 4067 codex
358 4002 404 4078 V„
437 4005 548 4086 praeter
574 4003 636 4068 clia
666 4000 778 4068 menda
806 4003 902 4066 altero
927 4017 1015 4066 versu
1036 3998 1133 4063 fracte

74 4114 103 4174 et
123 4126 304 4174 mensnram
332 4107 505 4173 excedente.
561 4109 619 4173 Pro
646 4116 736 4190 atque
758 4107 856 4172 Aldus
878 4107 980 4191 icqua-
1010 4097 1047 4168 in'
1063 4123 1136 4166 ucc-

74 4212 126 4274 ilia
147 4214 275 4279 subesse
296 4235 354 4276 voc
375 4213 428 4275 illc
449 4214 551 4296 plures
572 4212 725 4290 viderunt,
757 4211 846 4276 mede
874 4231 912 4277 ne
944 4211 1044 4283 uerbis
1071 4213 1085 4277 t
1120 4246 1135 4259 -

8 4354 12 4362 ·
76 4320 159 4386 iectis
192 4324 224 4388 et
256 4319 345 4384 huius
387 4319 492 4385 mendi
523 4319 673 4405 cn'ginem
711 4317 925 4383 obscurassent
966 4318 998 4382 et
1034 4320 1136 4383 cetere

78 4425 219 4492 iecissent
240 4425 439 4491 mendosiore.
494 4425 624 4492 Sublata
659 4442 749 4499 voce,
782 4441 848 4506 qnae
882 4423 988 4488 addite
1018 4424 1136 4507 relique

82 4533 273 4611 perturbavit,
296 4531 493 4597 scribendum
517 4534 582 4598 est:
635 4619 638 4623 1
