2654 5010
249 264 447 367 ω’,
606 270 883 342 mmmm

206 476 307 541 bitur:
343 472 442 539 mibi
478 470 627 547 omnia,
664 488 746 554 que
782 468 966 537 incunda
1142 472 1269 538 bomini

206 580 393 647 accidere
424 581 610 662 possunt,
644 594 686 641 ex
720 576 797 642 illc
830 575 1097 645 accidebant.
1147 577 1270 656 [Sician

209 685 375 753 Lambinus
395 685 428 750 in
450 683 592 768 margine
617 683 722 761 libb]

307 792 384 857 lbid.
420 794 440 875 ξ
472 793 507 856 4:
544 788 720 854 Primum
755 789 859 855 enim
899 791 941 856 te
974 792 1176 873 prasidio
1204 809 1272 857 esse

209 895 389 975 volui,si
412 897 477 978 qni
500 895 834 975 assentiamini,
864 915 1042 978 quorum
1064 897 1272 964 crudeliter

130 1064 132 1068 .
209 1003 379 1067 nondum
421 1004 534 1068 esset
575 1001 716 1066 nostra
757 1002 1004 1069 calamitate
1045 1005 1202 1070 satiata
1229 1005 1272 1069 cet

209 1107 328 1186 Qaaero,
363 1107 413 1173 cui
446 1107 571 1172 Marcus
602 1104 752 1186 Quintum
786 1106 933 1188 prasidio
967 1127 1043 1175 esse
1074 1109 1221 1183 vulneritr
1245 1107 1272 1173 dc

209 1213 304 1277 ldarci
326 1212 451 1294 quidem
472 1212 614 1295 prasidio
637 1230 696 1277 uon
718 1213 830 1297 agitur,
854 1213 1008 1296 quoniam
1032 1216 1061 1280 is
1083 1217 1150 1281 iam
1168 1216 1272 1282 calam·

207 1321 306 1384 tutem
328 1318 474 1384 subierat.
519 1318 721 1399 comparatis,
744 1337 812 1402 qua
830 1319 980 1403 leguntur
996 1321 1039 1385 ad
1054 1325 1126 1388 Att
1141 1323 1199 1400 ΠΙ,
1213 1323 1271 1398 9,1,

207 1423 393 1509 intelligitur
415 1423 582 1507 significari
611 1420 789 1507 periculum,
821 1425 901 1507 quod
932 1427 996 1508 ipsi
1029 1426 1150 1506 Quinto
1171 1429 1271 1510 impen-

209 1529 306 1609 deret,
329 1529 544 1608 accusationis,
566 1549 636 1596 cum
659 1549 695 1595 ex
715 1530 871 1612 prouincia
901 1530 1115 1610 decessisset;
1146 1553 1214 1599 eum
1232 1553 1272 1598 cn·

208 1634 326 1700 mulum
351 1634 463 1701 addere
483 1637 626 1718 poteraut
639 1635 758 1702 inimici
774 1636 871 1701 Marci
885 1636 1076 1704 calamitate
1090 1659 1156 1706 uon
1170 1640 1269 1706 satiati.

209 1740 409 1807 scribendum
433 1742 544 1826 igitur:
574 1744 614 1823 te
636 1742 752 1826 <in>
774 1742 966 1826 praesidio
990 1763 1084 1812 esse
1108 1747 1220 1812 volui
1238 1748 1272 1823 (et

207 1846 344 1929 impetus
366 1846 563 1914 inimicorum
585 1856 715 1928 cavere).

218 2015 221 2018 .
309 1964 1269 2051 lbid.ll‚b‚2:Qui(Pcmpeias)utperoravit-nam
1317 1986 1318 1997 ¹

207 2070 247 2137 in
267 2089 311 2136 ao
333 2090 426 2138 saue
447 2071 572 2138 fortis
594 2072 690 2150 luit,
720 2093 792 2139 non
820 2074 882 2138 est
902 2073 1161 2155 deterritus,
1184 2077 1269 2143 dixit
1317 2064 1318 2086 ¹

208 2178 338 2242 omnia
359 2179 480 2261 atque
500 2178 704 2244 interdum
726 2178 846 2243 etiam
868 2178 1068 2260 silentio,
1092 2202 1181 2248 cnm
1198 2202 1268 2249 auo

208 2284 384 2349 toritate
406 2289 623 2369 peregerat
639 2285 772 2363 -,sed
794 2286 838 2350 ut
857 2287 1089 2367 peroravit,
1106 2293 1168 2354 cet
1203 2288 1267 2370 Quid

208 2390 390 2455 auctoritate
422 2394 583 2475 peregerat
613 2394 646 2456 et
674 2392 798 2475 quidem
827 2395 960 2474 saepius?
1009 2394 1102 2460 Nihil
1124 2416 1206 2475 sane,
1225 2396 1266 2460 ced

206 2494 418 2580 pcrlrcgcuat
450 2495 500 2579 (er
531 2498 632 2582 deep
665 2498 788 2583 daret).
847 2498 920 2564 Sine
954 2502 1137 2567 accusativo
1171 2501 1268 2568 dicitur

207 2601 464 2686 perfringere
487 2604 581 2669 etiam
598 2603 649 2669 Or.
665 2606 714 2669 91.
738 2605 804 2687 [Sic
824 2604 887 2670 iam
905 2605 1093 2686 Gulielmus,
1117 2609 1170 2675 cui
1191 2624 1265 2673 nanc

204 2708 419 2787 auscultavit]
445 2706 541 2773 Paulo
556 2711 627 2791 post
642 2711 675 2795 (5
691 2713 724 2787 5)
739 2711 897 2776 scribitur:
914 2710 990 2776 Sed
1007 2712 1116 2780 idem
1134 2715 1266 2780 Nerius

205 2814 326 2881 index
349 2814 482 2879 edidit
503 2816 549 2881 ad
578 2817 775 2901 alligatos
796 2816 858 2882 (ln.
879 2818 1096 2884 Lentulum
1122 2821 1265 2885 vatiam

205 2922 243 2984 et
260 2918 293 2986 C.
309 2918 540 2985 Cornelium
563 2923 644 2988 ista
666 2924 709 2988 ei.
734 2924 874 2989 Primum
886 2924 1120 2991 restituendum
1136 2945 1154 2992 e
1170 2924 1264 2991 blrud

204 3025 427 3111 allegatos,
450 3026 506 3091 hoc
527 3029 584 3105 est,
608 3028 646 3092 ad
669 3048 731 3106 eos,
755 3028 808 3112 qui
824 3028 921 3094 Sastii
943 3031 1072 3098 nomine
1094 3034 1136 3098 ad
1150 3032 1264 3098 Nerium

204 3130 292 3196 missi
315 3132 404 3197 eraut
425 3134 457 3197 et
478 3152 548 3199 cum
570 3153 604 3199 eo
625 3136 774 3218 agebant3
799 3135 910 3201 deinde
924 3137 1125 3203 scribendum
1141 3140 1262 3204 videtur:

203 3233 262 3300 (ln.
292 3235 507 3304 Lentulum
541 3240 699 3306 Vatiam
733 3243 773 3307 et
804 3242 837 3307 O.
869 3241 1107 3309 Cornelium
1139 3245 1262 3312 inclara

203 3342 267 3407 Hos
290 3342 366 3408 duos
386 3343 500 3410 Nerius
521 3364 680 3427 superesse
702 3346 804 3414 Sestio
829 3352 1026 3414 accusatores
1041 3354 1080 3416 et
1103 3352 1260 3422 imminere

201 3449 228 3513 si
249 3449 315 3530 ipse
338 3448 520 3528 destitisset,
545 3451 693 3518 ediderat.

301 3551 379 3617 ibid.
403 3553 432 3632 6,
457 3556 473 3616 1
497 3558 530 3621 et
551 3557 585 3622 2:
619 3557 718 3624 Mibi
751 3579 833 3625 cnm
864 3580 935 3626 sua
962 3568 1111 3645 sponte
1132 3565 1258 3631 incuu-

199 3657 287 3724 dum
321 3659 417 3743 (quod
438 3660 584 3728 ¹Gabinio
618 3665 649 3730 in
683 3669 793 3733 senatu
826 3667 1012 3750 supplicatio
1053 3669 1257 3736 contumeliosa

199 3766 312 3848 negata
343 3771 432 3845 crat),
469 3767 551 3833 tum
588 3769 826 3853 iucundius,
860 3775 963 3858 quod
996 3793 1055 3840 me
1088 3778 1255 3846 absentet

198 3869 350 3935 etenim
371 3873 611 3958 εἰλικρινὲς
631 3878 1253 3968 iudiciumsincoppuguatiouc,
1316 3962 1318 3972 ς

196 3971 284 4039 sine
318 3978 455 4059 gratia
486 3985 745 4051 nostraerat.
786 3990 885 4052 Ante
919 3988 1024 4072 quod
1056 3990 1195 4056 Idibus
1221 3990 1252 4049 et

194 4079 399 4158 postridie
422 4085 558 4153 luerat
579 4087 730 4158 dictum
755 4093 910 4176 deagrc
927 4096 1249 4180 Campancactnm
1308 4133 1309 4139 κ
