2662 5062
352 689 384 747 Ia
405 691 506 747 Seneca
523 687 556 745 de
575 690 683 758 trauqu,
700 689 794 746 animi.
1004 688 1066 753 383

153 886 212 955 loo.
245 887 300 967 12,
337 892 370 954 1:
417 888 559 956 ne'aut
601 889 710 956 labor
745 887 883 953 irritus
924 888 978 954 sit
1022 889 1109 956 sine

76 987 195 1059 effectu
224 997 289 1060 aut
324 995 492 1062 effectus
525 994 653 1061 laboro
681 992 874 1077 indignus.
916 992 1111 1059 liberabitur

76 1097 152 1163 oratio
172 1099 315 1167 vocabulo
344 1102 453 1168 vitiose
474 1101 579 1166 inutili
599 1102 632 1165 et
651 1102 736 1165 recte
757 1096 877 1180 pondus
903 1097 952 1164 bis
974 1097 1006 1163 in
1027 1098 1110 1165 idem

74 1203 226 1271 auctuum
248 1206 375 1285 incidet,
407 1209 433 1272 si
460 1206 505 1274 sic
537 1206 711 1288 scripseris:
744 1214 787 1268 ne'
819 1213 884 1269 aut
915 1204 1025 1271 labor
1058 1205 1112 1272 sit

75 1304 139 1374 sine
157 1311 302 1377 effectu
322 1313 391 1376 aut
412 1313 577 1378 effectus
600 1310 731 1377 labore
752 1307 948 1393 indignus.
1002 1309 1111 1394 Sequi·

74 1411 197 1497 torti:
241 1416 385 1483 Deinde
415 1417 562 1483 domum
601 1434 682 1482 cum
725 1432 963 1498 supervacua
996 1415 1111 1482 rode·

73 1522 161 1587 untes
180 1522 421 1588 lassitudine
442 1523 575 1587 iurant
595 1520 768 1587 nescisse
791 1539 830 1586 se
851 1521 969 1603 ipsos,
993 1540 1111 1605 qnare

73 1625 330 1705 exierintsubi
367 1626 533 1704 suerint,
573 1627 632 1692 cet,
689 1626 903 1693 Grammatica
936 1628 1112 1709 postulabat

73 1729 209 1810 exirent,
243 1735 386 1810 essent3
419 1732 573 1799 sententia
601 1730 731 1797 ridicula
753 1733 811 1806 eat,
839 1749 881 1807 se,
903 1749 975 1797 cnm
997 1734 1112 1800 exirent

72 1834 107 1905 (ao
124 1838 198 1904 enim
219 1837 392 1903 necessario
423 1838 553 1904 refertur
582 1827 768 1922 benectum)
789 1837 938 1913 nocuisse,
968 1839 1022 1905 nbi
1042 1842 1113 1922 post

71 1932 186 2009 bosut
245 1942 376 2007 Rectum
419 1946 483 2008 cet:
525 1944 658 2011 iurant
700 1943 850 2005 nescire
898 1960 939 2008 aa
986 1944 1110 2027 ipsos,

71 2057 161 2121 quaro
204 2047 401 2123 exierini‚'
432 2051 492 2114 cat
543 2051 610 2116 Hoc
643 2051 691 2117 est
725 2048 988 2133 concursationem
1022 2066 1111 2116 suam

71 2142 222 2219 domarius
269 2153 498 2220 iusiurandum:
552 2155 675 2230 Nescio,
718 2174 773 2222 cur
814 2153 949 2221 exierim.
1000 2152 1113 2248 (Nuta-

68 2247 300 2338 uniuersos.)
358 2260 437 2325 Tum
459 2261 571 2326 iniuria
592 2261 725 2327 Hessius
747 2259 839 2326 rediit
861 2259 968 2325 contra
988 2258 1112 2326 codices
1153 2288 1154 2291 ¹

68 2357 293 2431 uebbonum
329 2368 400 2432 ante
430 2366 619 2434 Gronovinm
647 2367 845 2451 scripturam:
889 2364 970 2431 Non
1001 2365 1111 2431 indu·

66 2464 148 2535 stria
179 2471 391 2554 inquietos,
431 2470 497 2538 sed
531 2471 689 2539 insanos
719 2474 828 2539 falsa
859 2489 986 2537 rarum
1018 2474 1111 2538 ima·

66 2569 156 2649 eines
177 2576 347 2661 agitant.
399 2577 478 2654 Non,
501 2576 574 2661 qnid
596 2578 629 2643 in
655 2579 751 2645 altero
773 2597 790 2644 e
811 2577 928 2644 duobus
949 2578 1112 2664 generibus

67 2688 111 2744 oon
130 2681 194 2758 fiat,
217 2682 250 2747 in
273 2683 370 2748 altero
403 2684 469 2762 fiat,
501 2682 563 2749 dici
585 2683 688 2763 debet,
716 2684 771 2750 ssd
791 2683 830 2750 de
851 2686 980 2768 utroque
1000 2700 1113 2767 genera
1187 2734 1190 2744 .

10 2825 11 2868 g
67 2783 222 2873 utrumque.
268 2787 330 2854 Sed
363 2789 459 2855 oratio
493 2789 538 2855 sic
558 2791 736 2875 interpungi
757 2789 851 2856 debat
883 2790 932 2865 (ut
952 2788 989 2854 fit
1008 2788 1041 2852 in
1064 2787 1113 2853 eo.

10 2890 12 2902 ’
66 2882 205 2975 Bipuut.):
250 2894 334 2959 Non
375 2894 575 2962 industria
617 2896 813 2979 inquietos
855 2895 896 2960 at
940 2893 1112 2968 insanos,

10 3026 12 3103 ν
66 2991 160 3065 falsa
180 3018 307 3065 rerum
328 3000 524 3084 imagines
546 3001 716 3086 agitant,
737 3003 773 3066 ut
793 2998 937 3066 audiatur
958 2999 1068 3076 sed.¹)

10 3107 11 3157 1
148 3104 216 3172 lbd.
242 3104 292 3180 14,
315 3107 329 3166 1
350 3106 499 3172 edebatur
519 3124 536 3171 a
557 3107 735 3192 vulgaribus
756 3105 928 3173 codicibus:
951 3123 1019 3170 nec
1039 3123 1115 3169 mn-

67 3201 222 3276 tationcs
244 3212 310 3275 aui
342 3211 495 3277 consilii
524 3215 590 3278 aut
621 3216 748 3279 status
781 3212 1114 3295 pertimescamus.

70 3306 294 3383 HoasiuserA
323 3318 552 3394 mutatione;
588 3319 1009 3386 debebatmntationem.
1054 3316 1116 3380 ux-

70 3413 149 3485 trsmo
171 3421 272 3505 capite
294 3421 312 3505 ς
335 3421 375 3486 10
396 3426 482 3503 (nam
504 3426 524 3505 ξ
545 3424 642 3491 iiam
664 3426 804 3492 Muretus
827 3424 950 3500 iubet)
980 3420 1116 3488 scriben-

72 3611 248 3631 κῇ...

88 3745 105 3812 ¹t
128 3753 186 3825 Cap.
207 3758 250 3820 la,
269 3757 287 3812 3
304 3755 508 3821 mutaveram,
536 3772 585 3827 pro
609 3771 653 3823 eo,
671 3754 743 3826 quoi
769 3770 841 3810 nnnc
864 3753 955 3810 aditur
976 3754 1036 3810 sine
1060 3752 1119 3808 ulla

129 3847 267 3904 varietatis
294 3848 447 3903 mantione:
485 3847 651 3918 Inprimis
669 3849 781 3904 antem
804 3846 992 3918 cogitarit,
1021 3844 1119 3902 aliud

129 3951 221 4004 possa
248 3939 541 4010 propositiaauis
563 3940 747 4005 resistere,
773 3938 922 3999 necundo
949 3937 1119 3994 smibandum

129 4043 179 4088 assa
204 4033 333 4102 aliquid
354 4046 462 4102 posse.
498 4031 598 4088 Verum
622 4033 661 4089 sic
681 4035 753 4089 recta
783 4032 911 4090 scribitur
938 4031 968 4086 in
994 4029 1119 4086 omnibus

132 4121 291 4182 editionibus
314 4123 515 4194 antiquioribus
538 4125 634 4191 (etiam
658 4125 687 4181 in
709 4125 878 4196 Bipontina),
905 4122 989 4179 donee
1007 4120 1118 4185 aliud.

132 4217 214 4272 bacio
233 4216 282 4272 ubi
301 4217 450 4289 typothetae
473 4234 560 4273 errore
577 4220 666 4274 ortum
684 4223 729 4283 (-
747 4217 844 4288 again
862 4216 950 4288 prima
967 4214 1023 4270 riui
1042 4213 1120 4269 aditi·

135 4316 178 4362 one
194 4310 270 4381 Lips.
287 4312 358 4368 loos
377 4314 440 4376 -)‚
464 4309 651 4379 aRubkopio
670 4308 918 4379 motionibusque
943 4310 1120 4380 propagatum

133 4400 175 4463 “b
193 4418 209 4458 a
227 4402 354 4459 Fickerto
372 4403 419 4469 ita,
437 4407 470 4460 ut
487 4402 520 4459 de
538 4401 615 4459 cora
635 4404 664 4457 et
681 4402 751 4456 vett.
769 4400 829 4460 odd.
848 4404 958 4459 tecam
