2678 5016
944 171 1331 290 ἡὴΙ

473 658 557 713 Vnrro
575 658 644 713 del.
663 659 722 716 nar.
792 639 796 642 ⁴
1027 666 1084 727 171

160 851 227 917 Ibd.
250 873 281 935 p.
305 853 345 914 74
378 855 411 918 in
432 854 562 920 formula
588 856 692 940 populi
714 857 754 921 ud
777 875 918 923 censores
941 859 1128 926 convocandi

66 957 141 1041 quod
178 958 377 1022 nominantur
413 963 610 1025 curatores
647 963 814 1026 omniurn
850 962 1041 1042 tribuum,
1075 965 1127 1048 qui

65 1082 158 1145 neque
180 1061 238 1126 ulli
260 1062 384 1128 luerunt
406 1075 512 1147 neque,
532 1066 561 1129 si
582 1064 731 1142 fuissent,
751 1065 824 1148 quid
838 1066 870 1129 in
892 1085 983 1134 censu
1006 1069 1125 1153 egendo

64 1168 175 1251 negotii
207 1168 368 1241 haberent
400 1168 633 1253 intelligeretur,
666 1171 873 1266 substituendi
905 1178 978 1240 sunt
1000 1193 1017 1238 e
1039 1175 1126 1240 Livio

65 1271 216 1349 (XXXIX,
238 1272 347 1348 44)44
332 1272 480 1339 4Ρ14414ο
503 1273 598 1352 (Trin.
623 1273 676 1340 IV
700 1275 729 1350 2,
752 1274 850 1337 38==
873 1276 946 1355 879)
968 1279 1125 1354 iuratores,
1168 1345 1172 1348 ,

64 1379 151 1442 iurati
172 1377 344 1460 pretiorum
366 1378 578 1443 eestimetores
634 1379 710 1461 (Cir.
735 1380 861 1455 Beckeri
884 1383 1011 1467 Antiqq
1034 1385 1124 1451 Rom
1195 1383 1198 1389 '

66 1483 102 1560 11,
124 1484 196 1565 lp.
221 1480 305 1561 202.)
293 1483 345 1564 )¹)
1238 1511 1241 1519 .

158 1588 228 1652 lbd
251 1607 280 1669 p.
304 1588 381 1648 16
372 1606 403 1651 44
426 1588 494 1653 1444
528 1607 563 1652 er
585 1587 629 1653 M.
653 1587 751 1673 Sergii
774 1590 996 1656 commentario
1018 1591 1126 1673 enqui-

68 1691 183 1756 eitionis
207 1694 349 1775 excerpto
372 1692 518 1775 primum,
541 1693 686 1775 quonium
699 1696 838 1771 cornicen
850 1697 1011 1762 classicum
1034 1696 1126 1771 cenit,

67 1814 119 1860 non
140 1797 246 1862 nescio
267 1797 337 1879 quis
359 1796 516 1874 classicus,
537 1800 568 1862 et
589 1799 733 1882 quonium
755 1800 919 1865 classicum
942 1801 982 1866 ed
1001 1800 1128 1865 comitis

69 1903 236 1966 4444441444
257 1901 452 1983 redemptum
467 1903 592 1977 hebent,
614 1904 665 1987 qui
690 1907 743 1970 444
765 1905 805 1969 ud
827 1904 990 1971 classicum
1014 1923 1127 1970 44444-

68 2004 132 2071 144
166 2007 339 2073 cornicines
368 2008 547 2090 praebendos
582 2012 635 2073 444
671 2010 730 2094 ipsi
763 2010 933 2076 cornicines
961 2010 992 2074 id
1028 2028 1126 2092 operae

67 2113 271 2194 prestandum
283 2112 490 2191 redemerunt,
513 2113 708 2179 scribendum
730 2119 796 2182 est:
820 2116 856 2181 in
880 2133 966 2180 eroe
990 2114 1128 2176 classi·

69 2239 140 2279 cum
163 2229 330 2280 canatur
351 2225 423 2294 (nou
446 2218 634 2282 4144444444
657 2231 770 2282 cacat
795 2222 887 2301 tum)
910 2220 1126 2302 circumque

67 2342 205 2400 muros;
228 2323 356 2388 deiude:
379 2327 417 2387 et
437 2326 550 2389 ente.
575 2375 583 2388 .
607 2325 750 2410 ‚Trogi
772 2325 960 2392 scelerosi
982 2325 1126 2391 ostium

67 2424 193 2501 44444,
217 2429 262 2491 44
284 2429 406 2512 (vulgot
430 2432 541 2494 44444
562 2432 600 2494 44
622 2430 731 2507 44114
753 2449 882 2513 cumpo
904 2449 984 2495 cum
1006 2431 1128 2513 primo

66 2531 139 2598 luoi
161 2533 281 2599 441414.
336 2533 443 2617 Neque
476 2534 559 2598 enim
592 2536 625 2600 id
647 2554 753 2600 curere
773 2535 981 2618 redemptores
1003 2534 1129 2611 debent,

66 2640 95 2702 nt
113 2639 263 2703 classicus
285 2637 338 2703 ille
368 2639 458 2704 fictus
493 2632 592 2703 44444
606 2643 680 2705 4444
704 2641 820 2706 444144
842 2640 937 2723 Trogi
961 2643 993 2705 44
1015 2637 1126 2703 deinde

26 2796 27 2799 4
66 2743 177 2826 ipsein
201 2763 312 2826 campo
334 2743 425 2818 adsit,
458 2744 511 2809 4441
544 2747 579 2809 44
609 2745 775 2810 classicum
803 2746 873 2808 4444
896 2747 1009 2810 ostium
1033 2743 1127 2826 Trogi

67 2853 150 2915 44444
174 2850 394 2928 (canetur),'ut
415 2849 441 2914 14
463 2868 532 2912 4444
556 2848 647 2914 adsit.
681 2847 767 2927 Quod
789 2849 887 2931 priore
900 2850 966 2914 loco
990 2858 1127 2923 caretro,

67 2955 157 3021 eltero
195 2963 288 3016 canat
319 2953 438 3019 codices
475 2956 531 3018 uut
565 2953 742 3037 significent
773 2956 827 3019 444
864 2953 994 3030 hebent,
1027 2953 1127 3035 potuit

65 3061 179 3135 4441441,
212 3057 358 3141 quonism
391 3060 555 3139 utrumque
589 3058 762 3135 dicebatur3
806 3058 860 3122 sed
895 3062 996 3140 potest
1013 3055 1016 3057 ’
1031 3059 1126 3124 etiem

66 3176 150 3228 44441
172 3175 199 3226 et
224 3165 326 3229 ortum
348 3179 415 3228 4444
436 3180 454 3226 4
477 3172 614 3226 cauetur.

159 3268 228 3333 lbd.
248 3287 279 3349 p.
296 3267 335 3327 11
361 3286 483 3333 summe
504 3266 641 3349 (Quare
663 3287 737 3332 non
761 3271 820 3333 est
842 3267 1010 3346 dubium,
1036 3268 1125 3349 quin

66 3379 131 3452 oet.)
165 3373 312 3459 pleraque
344 3373 426 3436 recte
448 3371 632 3451 Muellerus,
669 3373 724 3438 sed
745 3375 880 3455 primum
903 3392 938 3437 ex
960 3372 1018 3436 hec
1040 3369 1126 3434 codi-

65 3497 129 3543 cum
152 3479 324 3561 scripture:
367 3478 430 3560 qui
451 3495 511 3542 roe
533 3495 667 3543 vocare
692 3481 824 3561 potest
856 3476 1024 3562 geminetis
1050 3474 1126 3538 due-

65 3583 116 3649 tus
136 3584 253 3649 litteris
274 3581 424 3647 efficitur:
458 3582 518 3665 qui
549 3583 656 3645 viros
691 3600 835 3648 vocure
865 3583 998 3664 potest
1036 3584 1126 3655 (nour

67 3689 124 3770 qui
152 3687 357 3768 Quirites),
389 3686 501 3753 deinde
533 3688 629 3752 oratio
653 3688 697 3753 sic
718 3686 961 3770 interpungends
983 3686 1045 3750 est:
1085 3687 1126 3748 ut

69 3906 260 3918 ————-——

90 4059 109 4124 ¹)
134 4060 163 4115 P.
195 4063 229 4118 74
267 4063 296 4117 in
327 4062 447 4118 versibus
480 4080 510 4119 er
539 4063 620 4118 Ennii
655 4059 807 4117 Alexandro
837 4059 947 4131 indigne
975 4060 1127 4131 negligitur

136 4154 224 4212 1441444
254 4154 325 4225 epud
353 4154 528 4209 Ribbeclium
561 4155 590 4209 in
618 4154 778 4227 fragmentis
807 4155 981 4223 tragicorum)
1017 4153 1126 4222 egregio

137 4243 266 4301 Vertrsnii
294 4246 445 4301 emendatio
466 4248 561 4300 abludit
587 4264 634 4317 pro
664 4253 695 4300 ab
722 4249 795 4305 ludu.
832 4247 947 4302 Animus
972 4261 1043 4308 ere,
1067 4261 1126 4314 que

139 4338 230 4405 egitur,
247 4343 275 4394 et
290 4355 307 4393 4
324 4338 502 4409 presentibus
519 4338 630 4394 obludit
648 4340 774 4395 nuntium
793 4342 954 4411 exspectans·
1003 4341 1040 4390 Au
1059 4338 1124 4390 ludu

140 4447 203 4482 erere
223 4430 294 4485 nihil
312 4433 363 4487 est.
