2656 5056
244 276 306 339 476
596 278 656 332 uu».
675 276 751 331 viu.
765 278 829 346 cap.
848 276 895 331 in.

204 479 282 554 uel,
304 480 410 542 natum
435 478 483 540 est
497 474 710 550 Vinicium,
734 480 768 542 ut
789 474 907 560 species
930 473 1101 539 accusativi
1124 494 1189 540 cum
1208 473 1255 538 inf.

205 586 298 647 esset
353 580 470 645 Deinde
505 582 596 663 paulo
617 586 696 664 post,
715 584 766 648 ubi
788 584 819 648 in
842 580 1085 647 codicibus'est:
1123 583 1187 664 qui
1206 579 1257 643 iili

205 688 359 770 singula
390 687 506 751 verba
538 688 724 763 vellenti,
759 693 941 771 tanquam
982 686 1164 759 dictaret,
1195 704 1259 749 nou

164 800 169 810 ’
204 793 368 868 diceret,
411 793 480 856 ait:
537 791 604 856 Die
646 813 838 877 nunquam
873 794 999 868 dicas,
1048 797 1122 874 puto
1161 792 1259 856 tuisse:

206 899 292 973 Dic,
335 919 425 958 orum
467 900 543 959 iam
585 899 701 964 dicas.
758 901 871 984 Fingit,
915 898 967 981 qui
1010 899 1194 981 interrogat,
1228 915 1262 961 se

205 1004 339 1079 nescire,
382 1004 485 1067 utrum
519 1004 655 1069 Vinicius
697 1005 758 1068 iam
781 1004 865 1068 dicat
900 1022 938 1068 an
973 1005 1153 1068 etiamnunc
1186 1022 1261 1067 oom-

208 1111 373 1172 mentetur.

306 1214 362 1295 Idp.
384 1214 436 1289 41,
458 1212 493 1277 3:
537 1214 576 1279 Si
598 1214 670 1279 tibi
691 1214 912 1279 occurrerit
933 1215 1101 1278 vetustis
1125 1215 1266 1279 arbori-

209 1320 281 1384 bus
388 1318 568 1401 frequens
590 1321 696 1384 luens
723 1368 787 1394 ...,
822 1319 893 1383 illa
915 1320 1142 1400 proceritas
1164 1321 1267 1385 silve

302 1423 419 1487 fidem
448 1425 525 1488 tibi
556 1425 722 1489 numinis
758 1425 870 1500 faoit3
904 1428 941 1487 et
973 1423 1005 1487 si
1029 1426 1115 1506 quis
1138 1443 1268 1505 specus

146 1510 150 1534 '
213 1528 1267 1612 ...montemsuspenderit...‚animumtuumquadam

208 1634 418 1717 religionis
440 1636 667 1720 suspicione
686 1637 889 1717 percutiet.
932 1634 973 1697 ut
994 1637 1118 1716 propter
1140 1652 1270 1698 oecur-

209 1740 305 1803 rerit
342 1740 435 1821 (quod
467 1759 519 1821 pro
553 1740 735 1805 occurrit
771 1760 787 1805 e
819 1760 839 1822 p
872 1741 1103 1821 reete-recepit
1141 1740 1270 1804 Hessius

208 1849 333 1926 propter
365 1845 629 1928 suspenderit)
663 1850 696 1911 et
716 1849 839 1928 propter
860 1847 1056 1927 percutiet
1078 1846 1270 1911 scribendum

209 1953 257 2014 eet
290 1949 437 2032 faciet,
470 1950 551 2032 quod
588 1951 662 2015 tecit
698 1951 809 2016 codicis
847 1952 976 2016 recentis
1014 1950 1175 2023 librarius,
1219 1951 1270 2015 sed

209 2056 303 2120 simul
325 2056 493 2120 tollendum
516 2061 555 2120 et
577 2057 697 2141 (faciem
728 2058 849 2140 siqui.
882 2056 996 2120 Eadem
1020 2055 1111 2136 epist.
1140 2054 1162 2141 ξ
1184 2057 1204 2118 6
1225 2074 1272 2120 re·

209 2162 381 2245 ponendum
405 2166 466 2226 est:
503 2161 613 2224 Alter
647 2163 706 2227 leo
729 2163 862 2226 aurata
887 2161 978 2225 iuba
1001 2161 1179 2225 mittitur
1207 2207 1270 2234 ...,

207 2267 304 2332 alter
337 2268 528 2343 incultus,
576 2268 722 2352 integri
765 2267 946 2349 spiritus:
993 2265 1056 2329 hic
1101 2267 1271 2333 scilicet

291 2376 498 2457 prefertur
519 2374 585 2437 illi
618 2373 801 2457 languido
822 2379 861 2438 et
882 2373 1098 2436 bracteato.
1162 2372 1268 2436 Editur

208 2479 255 2544 bis
283 2480 407 2544 aliter.
453 2479 624 2543 Diversitae
661 2480 781 2543 leonum
799 2473 937 2557 notetur,
960 2497 1020 2543 non
1045 2478 1202 2542 mittendi.

308 2587 363 2668 Ep.
385 2584 444 2659 42,
475 2584 510 2646 4:
544 2584 751 2649 Multorum
792 2584 1002 2649 crudelitas
1035 2587 1076 2648 ct
1108 2584 1273 2649 ambitio

207 2695 245 2757 et
273 2692 449 2759 luxuria,
483 2692 526 2752 ut
558 2690 669 2772 paria
698 2674 881 2772 pessimis
914 2689 1068 2764 audeat,
1102 2690 1272 2754 fortuna

207 2798 337 2863 favore
369 2795 566 2859 deficitur.
611 2795 747 2860 Eadem
780 2796 880 2859 velle
916 2796 1103 2861 subaudis
1131 2814 1272 2879 eogno-

208 2922 305 2969 sces:
336 2900 382 2964 da
414 2919 543 2982 posse,
576 2904 761 2983 qnantum
789 2902 934 2966 volunt.
979 2901 1030 2965 Sic
1054 2901 1203 2984 quicquid
1226 2905 1274 2966 est

207 3009 343 3074 codicum
389 3006 537 3072 bonorum
573 3009 604 3071 et
641 3006 856 3079 tolerabilium‚
901 3008 996 3073 etiam
1035 3008 1273 3073 deterrimorum

205 3115 351 3197 plerique.
394 3114 439 3177 Er
473 3130 533 3177 uno
567 3115 599 3177 et
629 3113 724 3175 altero
756 3111 939 3195 interpolato
969 3114 1083 3178 editur:
1128 3113 1274 3177 Eadem

207 3219 306 3284 velle
329 3235 553 3302 cognosces:
574 3216 618 3280 da
642 3219 700 3281 cet.
735 3217 815 3301 quod
837 3217 968 3283 debebat
989 3238 1076 3284 esse:
1096 3222 1125 3280 a·
1145 3218 1275 3280 dederis

206 3325 410 3408 Imperatirus
433 3323 471 3387 de
497 3323 703 3405 experimento
733 3324 880 3405 capiendo
913 3324 1004 3388 etde
1027 3322 1204 3388 condicione
1228 3322 1275 3385 rei

205 3430 335 3495 alieuius
357 3427 578 3511 consequendae
600 3428 680 3512 apud
708 3428 857 3493 Senecam
879 3432 947 3505 aut,
982 3432 1018 3493 ut
1039 3429 1121 3510 apud
1143 3431 1275 3504 eeteros,

205 3537 397 3619 preponitur,
432 3534 567 3600 subiecto
602 3533 705 3597 futuro
728 3533 766 3596 de
791 3536 902 3598 eventu
931 3533 1004 3608 (daz
1039 3551 1275 3615 cognoscem

191 3640 265 3716 da,
288 3643 326 3705 et
346 3648 581 3724 cognosces),
603 3640 657 3703 aut
668 3639 828 3703 subiicitur
847 3638 940 3702 verbo
970 3638 1029 3702 vis
1050 3638 1276 3721 interrogative

205 3748 304 3828 posito
328 3746 421 3825 (visi
442 3747 524 3823 fac),
547 3750 582 3809 ut
602 3764 648 3827 ep.
672 3744 722 3816 70,
746 3745 799 3805 17:
846 3742 896 3805 Via
917 3743 1061 3805 adversere
1082 3742 1140 3806 lice
1162 3765 1277 3827 coepas

206 3850 382 3914 liberasse?
431 3850 589 3934 Tanquam
612 3849 800 3933 migraturae
821 3846 942 3921 tabam·
975 3848 1013 3912 de
1034 3847 1117 3912 brev.
1141 3849 1198 3914 vit.
1224 3849 1276 3925 11,

207 3956 240 4019 l:
293 3953 343 4016 Via
374 3955 460 4031 coire,
494 3977 587 4040 quom
608 3977 668 4018 non
690 3956 744 4017 diu
766 3956 888 4019 vivant?
921 3955 1125 4039 viciaecque
1150 3956 1279 4038 cupient

205 4059 259 4121 dire
280 4060 384 4122 nicea.
430 4060 600 4134 (Interdum
623 4080 676 4144 pro
698 4061 879 4144 imperativo
904 4062 967 4126 alia
987 4063 1086 4127 torma
1109 4063 1279 4128 sententiae
