2678 5018
467 1425 728 1522 Pramonltum
809 1466 812 1471 ·

374 1548 561 1727 addenda
597 1549 820 1712 Corrigenda

52 1916 95 2030 In
117 1965 179 2029 hoc
211 1965 318 2030 altero
350 1933 594 2029 aureisanorum
621 1964 792 2042 volumine,
826 1966 903 2048 quod
933 1985 1023 2048 prope
1054 1965 1129 2030 duos

55 2089 146 2136 annus
169 2071 256 2153 apud
280 2070 461 2154 typothetae
483 2069 581 2145 nasia,
605 2070 783 2135 benevolam
807 2076 838 2136 et
853 2070 982 2155 peritam
1006 2089 1128 2154 operam

55 2176 84 2238 in
104 2177 304 2260 corrigendis
320 2177 463 2260 typorum
481 2176 631 2240 erroribus
648 2177 722 2242 mihi
738 2177 943 2243 commodavit
959 2178 1129 2242 Clarentius

57 2282 215 2356 Gerizim,
239 2282 409 2365 discipulus
428 2282 614 2359 carissimus,
637 2302 692 2348 nec
714 2302 810 2365 pauca
832 2288 916 2349 extra
938 2284 1012 2348 illud
1037 2283 1129 2348 corri-

58 2390 150 2473 gendi
173 2408 273 2474 genus
297 2389 416 2453 utiliter
437 2408 485 2452 me
507 2390 636 2455 monuit.
684 2391 714 2454 ls
738 2409 805 2454 cunr
829 2391 859 2454 in
883 2391 1011 2473 singulis
1033 2391 1128 2472 scrip·

61 2497 180 2561 bombus
204 2496 318 2578 prater
340 2497 453 2559 nostrae
474 2494 574 2558 aetatis
598 2495 799 2578 proximaeque
816 2496 964 2561 editiones
980 2498 1127 2578 apparatu
1180 2501 1202 2527 “

62 2604 170 2667 critico
192 2604 372 2700 instructas,
405 2600 514 2682 quibus
542 2619 599 2684 ego
627 2603 770 2684 perpetuo
799 2620 871 2665 usus
900 2621 1003 2710 eram²
1036 2602 1126 2665 etiarm

63 2710 263 2792 antiquiores,
285 2726 351 2790 quae
367 2705 520 2771 uariorum
540 2710 629 2772 notas
646 2709 803 2783 haberent,
826 2707 1014 2793 diligentius,
1038 2728 1126 2798 qnam

63 2834 120 2898 ego
143 2815 287 2888 feceram,
310 2813 560 2896 perscrutaretur,
588 2833 679 2879 unam
702 2815 793 2879 etiarn
819 2817 851 2878 et
873 2803 1131 2884 alter‘amenecenss
1198 2819 1201 2827 “

63 2919 229 2993 tissimum,
263 2939 353 3002 quam
377 2938 433 3003 ego
456 2939 512 2983 non
536 2919 746 2998 adhibueram,
780 2940 837 2984 non
861 2920 905 2983 ita
927 2940 1030 3004 pauca.
1063 2940 1128 3001 qnae

63 3045 134 3090 mea
157 3026 331 3090 coniectura
354 3025 622 3123 emendareram„
638 3026 744 3091 eodem
772 3027 862 3090 modo
886 3045 904 3089 a
926 3026 1128 3108 superioribus

65 3133 205 3196 senecta
238 3133 385 3216 repperit,
430 3132 575 3198 nonnulla
608 3151 712 3215 nuper.
776 3135 831 3199 His
866 3133 1128 3197 emendationibus
1227 3212 1239 3229 ⁰

65 3240 237 3320 primorum
259 3240 450 3304 inventorum
471 3240 594 3304 uomina
615 3239 646 3303 in
670 3240 801 3324 plagulis
824 3241 935 3305 iterum
960 3239 1128 3322 relegendis

66 3345 218 3426 adscripsi
240 3345 428 3420 breuissime,
450 3365 487 3409 ne
509 3345 638 3409 nimiam
662 3345 832 3410 molestiam
858 3345 1023 3430 typothetae
1047 3364 1129 3408 crea·

1 3494 2 3544 3
66 3470 142 3525 rem,
166 3468 222 3514 nec
243 3451 331 3516 valde
354 3451 434 3515 dolui
458 3451 502 3516 sie
514 3452 667 3516 nonnullis
680 3452 822 3516 novitatis
843 3451 975 3535 gratiam
998 3451 1127 3514 detrahi.

67 3556 147 3619 Nam
171 3575 225 3639 pro
248 3558 333 3622 nouis
355 3560 459 3622 tamen
483 3578 540 3622 uon
565 3559 720 3623 immerito
743 3557 937 3639 accipientur,
964 3577 1030 3640 quae
1053 3556 1128 3619 adeo

67 3667 171 3745 spreta
193 3666 224 3727 et
246 3664 386 3729 oblivioni
409 3664 522 3730 tradita
544 3665 712 3736 iacuerunt,
736 3665 770 3726 ut
792 3682 935 3747 magnam
952 3665 1070 3744 partem
1092 3681 1128 3724 ne

68 3769 270 3851 suspicionem
306 3770 431 3853 quidem
466 3772 561 3835 ullam
598 3771 738 3852 cuiqnam
772 3770 909 3874 obortapr
946 3767 1145 3831 recentiores.

68 3875 198 3939 editores
221 3875 407 3949 indicarent,
441 3877 471 3940 iu
494 3875 613 3941 Caesare
636 3874 840 3959 Nipperdeius
862 3875 916 3937 aut
938 3871 1128 3945 Duebnerus,

7 3971 8 3977 '
67 3980 96 4042 in
121 3980 254 4044 historiae
275 3984 422 4064 Augustae
437 3982 633 4064 scriptoribus
649 3980 906 4065 Eyssenhardtius
920 3977 1129 4059 Iordanusqua

67 4090 118 4150 aut
148 4086 286 4162 Peterus,
320 4087 350 4150 in
382 4088 451 4153 aliis
484 4088 546 4159 alii,
580 4090 610 4152 et
644 4089 840 4152 confirmatur
874 4085 984 4148 veritas
1011 4080 1127 4148 'iterum

69 4195 201 4258 inventa.
269 4192 440 4275 Supersunt
483 4195 617 4259 eiusdem
663 4193 785 4279 generis
829 4191 973 4256 nonnulla
1008 4191 1128 4273 aliaque

67 4299 204 4381 quaedam
229 4318 299 4365 sero
315 4299 538 4375 animadversa,
560 4319 626 4382 quae
645 4299 693 4363 hie
708 4318 777 4363 cum
795 4300 980 4362 minutorum
993 4316 1129 4361 errorum

6 4429 7 4433 ¹
67 4407 252 4471 correctione
277 4424 312 4469 eo
336 4404 400 4469 loco
422 4424 540 4488 ponam,
567 4405 618 4470 ubi
640 4405 760 4469 facilius
782 4405 814 4469 in
837 4405 940 4468 oculos
962 4403 1127 4467 incurrant.
