2662 5046
243 299 312 364 m
584 294 866 365 mmmm

202 498 282 582 quod
294 497 363 580 quis
378 495 515 560 futurum
535 494 636 576 putet,⁸
657 497 693 561 ut
708 494 776 559 hl.
789 491 851 572 („si
872 491 941 575 quie
964 477 1156 571 credidisset,
1182 495 1272 580 cogi-

199 607 367 669 tesseeum
382 600 576 679 descendere,
598 600 752 667 sustulisti
773 600 853 665 huuc
867 597 1119 682 suspicionem).
1148 599 1275 666 ¹(licere

201 708 375 791 scripserat
396 708 565 789 ntssmper
585 706 618 771 iu
639 705 698 771 hec
719 703 960 789 significatione:
982 704 1018 769 si
1040 705 1128 787 quie
1151 705 1268 772 duhi·

200 814 474 889 insectantes,
507 833 571 889 an,
607 812 649 877 id
670 810 767 894 quod
787 811 828 875 tu
849 808 1004 893 arguis,
1042 812 1272 895 cogitasset

201 920 260 984 cet.
303 919 423 983 Heusto
444 935 488 983 en
511 920 580 1001 post
601 920 738 996 entes,
760 914 901 980 sdditum
922 917 971 980 est
992 934 1090 984 num.
1105 918 1135 1000 ¹)

300 1024 360 1102 (De
381 1021 403 1109 ξ
424 1021 466 1086 80
487 1023 547 1089 uid.
569 1024 630 1090 vol.
653 1024 666 1088 Ι
692 1042 721 1106 p.
745 1021 809 1094 70.)
1097 1036 1101 1044 '

300 1128 366 1194 lhd.
390 1127 447 1194 87:
470 1129 611 1212 ltaque
630 1128 732 1193 idem
755 1143 824 1210 ego
845 1126 935 1203 ille,
972 1126 1034 1209 qui
1056 1125 1271 1192 vehemens

199 1234 376 1309 melios,
415 1235 479 1317 qui
510 1233 765 1300 inexorabilis
795 1232 832 1296 iu
870 1233 1019 1297 ceteros
1052 1249 1137 1296 esse
1159 1233 1271 1298 uisus

202 1357 299 1414 sum,
323 1339 499 1421 persolvi
526 1338 677 1423 petrice,
714 1336 815 1421 quod
836 1336 968 1410 debui,
989 1340 1050 1402 cet.
1106 1337 1196 1402 Adeo
1218 1338 1270 1402 in·

204 1445 277 1528 epte
297 1447 345 1509 est
365 1442 421 1509 ille
441 1445 595 1526 separatio
616 1448 764 1527 tunquam
793 1442 981 1508 diuersorum
1006 1443 1044 1507 in
1072 1441 1194 1521 elios,
1226 1443 1272 1507 iu

192 1546 371 1627 'ceter0s,
404 1551 440 1613 ut
459 1547 602 1631 suspicer,
627 1539 804 1614 Ciceronem
826 1548 902 1613 nihil
923 1548 1082 1637 scripsisse
1103 1548 1182 1614 nisi:
1205 1550 1270 1633 qui

200 1654 422 1731 uehemens,
444 1654 506 1737 qui
532 1653 793 1720 inexorabilis
814 1655 852 1719 in
876 1656 1039 1720 eeteros.

246 1787 250 1795 ·
299 1758 363 1827 Pro
404 1757 526 1826 hrchie
574 1758 614 1822 10
654 1759 686 1823 iu
718 1759 767 1824 hie
809 1759 926 1825 verbis:
973 1777 1058 1824 cum
1198 1760 1272 1824 eut

200 1864 312 1928 nulle
338 1867 405 1929 eut
426 1864 567 1929 humili
589 1864 727 1948 eliqua
759 1867 846 1930 erte
880 1866 1060 1949 praeditis
1086 1865 1271 1951 gratuito

201 1969 405 2035 civitatem
432 1968 471 2033 in
503 1967 657 2036 Graecie
683 1972 856 2036 homiues
888 1971 1179 2054 impertiebant
1208 1970 1270 2036 eli-

163 2144 165 2148 ,
201 2072 363 2156 quidesse
388 2074 455 2140 vitii
476 2075 539 2140 iem
561 2077 600 2141 eb
621 2075 692 2141 eliis
713 2075 909 2151 intellectum
930 2079 979 2167 est
1010 2097 1080 2143 cnm
1114 2094 1150 2141 er
1181 2075 1268 2141 codi-

200 2198 272 2244 cum
297 2179 420 2246 iudiciis
449 2181 547 2261 (velut
575 2181 733 2248 Gomhlec.
762 2185 902 2267 gravet
933 2185 991 2258 iu,
1025 2201 1119 2266 supm
1148 2181 1269 2265 scripto

198 2284 263 2350 vel
283 2287 484 2370 gratuito),
517 2288 585 2352 tum
613 2286 695 2370 quod
724 2286 945 2355 nihilomnino
967 2289 1094 2354 adrem
1115 2285 1267 2369 pertinet,

197 2391 373 2482 gratuitoue
401 2412 440 2458 un
461 2393 563 2476 pretio.
581 2391 692 2458 civitne
713 2393 786 2458 dete
807 2393 859 2461 sit.
902 2389 965 2459 Sed
985 2394 1063 2459 nihil
1083 2391 1267 2475 corrigendo

198 2497 334 2580 exsculpi
365 2497 478 2564 debore
503 2502 595 2581 puto,
628 2498 684 2566 sed
716 2499 786 2564 tolli
806 2497 988 2582 simpliciter
1008 2497 1184 2581 gratuito
1209 2499 1265 2561 eut

196 2606 336 2686 gravet
368 2604 423 2681 iu,
458 2607 576 2679 ortum,
611 2605 646 2669 ut
671 2603 795 2686 opinor,
830 2623 867 2669 ox
894 2603 1040 2670 vocabulo
1065 2603 1096 2666 in
1124 2602 1264 2685 proximo

198 2708 431 2792 versuitsper
452 2709 668 2792 compendium
689 2708 804 2791 scripto
825 2709 858 2772 et
878 2708 1042 2793 depravato
1070 2708 1118 2786 (iu
1138 2696 1209 2793 g‘r‘e
1229 2709 1263 2773 in

197 2813 251 2880 dn*
272 2832 326 2897 pro
347 2815 385 2879 iu
408 2813 583 2894 Graecis),
607 2816 644 2879 nt
664 2813 837 2879 coniectura
859 2815 942 2882 vario
964 2812 1167 2897 expediretur.
1204 2813 1263 2893 (lix

198 2918 514 3002 mmmm
781 2906 784 2913 ’

194 3122 393 3134 -ρ--η

215 3269 235 3341 ¹)
262 3273 329 3340 tw
347 3269 544 3338 restituendum
563 3272 622 3333 eet,
650 3269 721 3339 quod
740 3270 805 3324 olim
823 3267 963 3324 edebaturs
997 3267 1027 3322 si
1045 3271 1075 3320 in
1095 3269 1260 3322 extremo

264 3363 468 3420 discrimine
507 3376 543 3416 ec
582 3361 803 3417 dimicatione
834 3360 985 3416 fortune
1016 3363 1034 3412 d
1039 3378 1124 3412 eeeee
1131 3372 1143 3411 t
1169 3359 1261 3427 (codd.

264 3455 412 3523 deserit).
458 3453 529 3510 Nem
563 3454 635 3525 quod
664 3447 795 3518 Halmius,
826 3453 892 3523 quie
921 3453 950 3507 iu
977 3451 1034 3508 ood.
1062 3452 1261 3522 Tegeruseeusi

264 3550 306 3601 est
329 3549 359 3603 si
386 3565 451 3603 uon
470 3547 569 3617 prosi
587 3546 639 3610 in,
666 3546 755 3601 edidit
777 3545 964 3616 Kayserusque
980 3545 1115 3600 retinuit:
1143 3547 1173 3600 si
1192 3562 1261 3601 nou

263 3641 416 3695 extremo
438 3640 643 3695 discrimine
723 3638 919 3703 deserviet,
938 3654 1046 3707 prorsus
1065 3637 1261 3693 disceditureh

262 3747 375 3787 usuuou
387 3733 474 3788 solum
488 3732 570 3794 verbi,
590 3731 661 3802 quod
671 3733 714 3792 est
733 3729 904 3795 deservio,
923 3731 970 3786 sed
988 3731 1075 3800 ipsius
1094 3731 1215 3786 servio
1234 3733 1263 3784 et

263 3823 426 3903 inservio,
462 3840 520 3893 qun
546 3824 673 3878 dicuntur
701 3823 734 3878 de
753 3823 894 3878 voluutute
922 3825 951 3887 et
968 3822 1053 3877 studii
1071 3824 1101 3876 et
1118 3837 1207 3892 operes
1226 3823 1260 3878 ed

264 3916 333 3970 elius
352 3932 408 3971 rem
424 3915 677 3979 accommodatione,
698 3931 751 3971 non
770 3914 802 3970 de
821 3916 881 3985 ipss
899 3915 1030 3970 utilitate.
1076 3913 1134 3970 Neo
1152 3933 1259 3988 proepo-

261 4008 325 4062 sitio
342 4007 434 4063 eheese
453 4011 550 4078 potest.
587 4007 627 4063 Er
645 4008 702 4063 siu
722 4019 782 4078 {pro
800 4007 892 4075 siin)
911 4011 1005 4063 netum
1023 4007 1055 4062 si
1074 4024 1149 4064 nou.
