2648 5084
652 120 657 131 .
961 55 1056 137 ‘a‘
1164 92 1201 135 ·.

128 257 135 273 ἡ
310 264 314 269 ἢ
462 158 466 169 -
535 143 617 275 ι’.
654 136 679 249 ιι
833 254 835 258 .
923 155 1033 256 ’Μ
1068 150 1215 265 ιῇιρις.
1297 181 1301 187 „

24 273 42 283 ”
88 291 109 333 c
250 282 311 347 584
434 345 437 351 „
625 271 888 349 uib.1x.Cap.i..‘
944 273 994 380 ‘fl
1039 266 1164 394 ηπ.

208 456 395 555 admiratum
429 479 551 552 nedem:
575 480 668 545 etiam
677 476 813 544 ‘secutus
826 458 929 555 'osset
953 458 1105 569 'adhibito
1125 475 1270 542 liberunt
1296 458 1311 575 ΙΙ

208 587 352 672 prudenti
373 584 511 660 delectu;
540 603 620 649 nunc
641 603 712 650 cum
734 585 793 649 sibi
814 583 1023 667 proposuisset
1044 581 1145 665 (pr-rel.
1169 601 1198 664 p.
1219 582 1270 663 lv)
1318 663 1319 676 ἵ

171 728 174 733 <
208 695 355 760 librorum
377 691 652 773 manuscriptorum
683 688 858 773 imaginem,
881 689 1058 772 ubicunqne
1082 689 1270 771 aliquatenus

209 801 319 867 saltem
332 798 447 873 liceret,
469 797 647 880 exprimere,
660 796 953 871 dumtimidissime,
976 794 1052 878 quid
1076 797 1270 882 scribaepsr·

209 908 346 982 mittant,
378 903 525 968 audacter
550 905 582 967 st
603 903 741 978 licenter,
771 902 842 984 qnid
864 903 1018 967 sententia
1040 904 1075 966 et
1099 904 1210 976 oratio,
1230 904 1271 966 in·

209 1013 301 1088 dicat,
333 1010 486 1095 permulta
517 1009 645 1073 retinuit
680 1008 894 1090 renouauitque
915 1026 1040 1090 prorsus
1073 1008 1271 1082 incredibilis,

208 1138 275 1201 quae
291 1114 460 1184 Gronovius
483 1115 594 1198 aliique
616 1113 789 1179 certissima
810 1115 926 1178 ratione
948 1118 980 1178 st
999 1114 1086 1179 facili
1110 1117 1271 1199 apertaque

208 1225 268 1300 via,
290 1225 325 1287 ut
348 1221 457 1286 erroris
480 1240 573 1286 causa
603 1220 778 1303 appareret,
802 1219 1011 1289 emendarunt
1032 1221 1196 1286 interdum
1217 1223 1271 1286 alis

146 1310 148 1315 ¹
210 1349 318 1414 parum
341 1327 470 1394 feliciter
492 1326 632 1391 mutavit.
655 1325 718 1392 Sed
736 1344 774 1390 aa
794 1344 892 1410 neque
913 1325 1101 1410 singillatim
1125 1329 1272 1412 attingere

208 1436 305 1502 nostri
349 1432 466 1499 consilii
506 1435 553 1497 est
591 1451 687 1515 neque
712 1431 866 1520 *universe
908 1433 1018 1498 acerbe
1053 1432 1272 1516 reprehendere

208 1560 330 1625 aequum
355 1543 419 1614 est,
442 1538 584 1622 qrroniam
607 1557 643 1602 ex
665 1538 830 1619 specimine
853 1538 976 1602 maioris
998 1538 1166 1616 editionis,
1199 1540 1271 1624 quod
1313 1587 1320 1615 ,a

210 1668 237 1713 a.
262 1647 340 1711 1868
368 1646 411 1721 (in
433 1646 533 1711 indice
556 1643 647 1710 schol.
671 1643 848 1721 Vratislan.l
871 1645 1026 1728 evulgavit
1063 1646 1147 1721 (Lib.
1174 1646 1270 1722 IV,c
1318 1646 1321 1690 ¹·

209 1754 315 1833 1-4),
337 1753 413 1817 satis
436 1753 562 1843 apparat
590 1747 681 1833 longe
703 1750 796 1814 sliam
818 1770 898 1815 nunc
922 1770 991 1815 oum
1016 1752 1182 1826 rationem,
1206 1772 1271 1836 prn-

209 1859 375 1925 deutiorem
399 1856 640 1938 liberioremque,
663 1856 748 1939 sequi
759 1857 799 1930 1);
822 1855 853 1919 iu
875 1856 913 1920 iis
935 1862 985 1921 ine
1008 1858 1186 1931 continebo,
1208 1878 1270 1943 qua

186 2198 201 2228 Ἴ

241 2260 262 2326 ¹)
282 2257 323 2312 Ne
343 2261 433 2313 tamsn
461 2256 517 2311 huo
539 2260 638 2325 tepuere
663 2255 761 2311 dixisse
788 2260 815 2310 et
845 2268 1015 2329 exaggerasse
1042 2259 1149 2327 ridear,
1179 2279 1272 2332 ponam

280 2350 397 2419 sliooot,
427 2353 459 2405 ut
476 2365 533 2404 sese
551 2348 712 2414 obtulerint,
739 2366 771 2404 ex
799 2351 879 2407 variis
901 2353 988 2422 operis
1004 2351 1133 2422 partibus
1153 2356 1273 2425 exempla

279 2442 433 2499 huiusmodi
451 2441 622 2506 mendorum,
651 2444 783 2514 appositis
805 2444 877 2498 inter
907 2444 1074 2514 parenthesis
1094 2451 1175 2505 notes
1195 2451 1273 2504 cartis

178 2595 183 2606 ,
282 2538 395 2592 aliorum
427 2535 665 2597 emendationibus,
684 2536 712 2589 in
731 2553 842 2606 qnorum
861 2538 998 2607 plerasque
1015 2538 1073 2607 ipse
1093 2541 1215 2596 nondum
1232 2543 1270 2596 in·

143 2652 148 2679 ι
177 2650 180 2658 ·
277 2632 377 2701 spectio
395 2631 562 2699 superiorum
590 2628 787 2682 commentariis
813 2629 910 2684 incidi:
948 2629 1026 2686 Praer.
1046 2637 1062 2697 5
1080 2635 1099 2688 3
1119 2635 1271 2690 cru'diti·

218 2720 223 2736 '
276 2723 400 2778 ouibus
418 2727 466 2789 (sn
484 2720 752 2788 auditionibus),
784 2723 813 2777 ll
845 2722 1097 2778 convertebant
1123 2730 1269 2793 (conver-

275 2815 421 2882 tebant),
441 2817 474 2872 15
492 2816 526 2870 et
544 2813 629 2885 quid
647 2813 798 2884 (ecquid),
816 2815 865 2870 lib.
885 2816 913 2880 1,
930 2819 956 2878 4,
974 2820 992 2874 8
1009 2813 1270 2877 delectitabant

237 2934 245 2950 ·
275 2908 527 2979 (lectitabant),
558 2911 587 2973 7,
617 2911 651 2964 17
670 2907 726 2963 sed
750 2909 920 2964 rationem
948 2908 1046 2964 dictu
1073 2915 1210 2969 certam
1237 2919 1267 2969 st

274 3002 427 3074 probam,
458 3001 553 3058 additu
569 3017 652 3073 ¹pruno
669 3001 820 3056 coniectura
847 3002 993 3066 (rationo
1020 3001 1152 3060 dictum
1177 3011 1269 3061 carta

274 3099 309 3151 st
329 3070 458 3165 proba),
487 3096 524 3159 ll,
552 3099 595 3158 28,
626 3096 642 3151 6
669 3092 828 3150 lumina.
853 3093 1091 3149 ..obstiterit
1110 3099 1269 3173 (luminib

272 3186 567 3258 111,3,1qui...
593 3188 809 3242 lectitarunt
841 3188 1044 3255 (lectitarit;
1078 3196 1200 3246 erratum
1229 3196 1268 3246 est
1298 3255 1300 3258 ,

271 3281 305 3336 ob
323 3281 495 3349 homines),
515 3283 539 3347 l,
559 3284 592 3338 19
610 3283 686 3349 post
704 3279 816 3346 illam,
842 3296 977 3350 operam
996 3286 1085 3351 (post
1104 3284 1172 3339 illa
1190 3300 1265 3354 ope·

269 3382 360 3439 rum),
381 3377 422 3437 13,
443 3373 470 3429 ’2
501 3375 647 3444 populos
679 3376 930 3428 concurrentes
962 3376 986 3443 (e
1022 3376 1152 3446 populo
1188 3394 1266 3432 con·

270 3469 469 3532 currentem
480 3466 519 3522 VI
531 3467 640 3536 (Villa,
658 3467 693 3522 32
708 3466 988 3521 necessitatibus
1007 3472 1214 3541 conscripta
1231 3474 1265 3538 (a

270 3560 550 3630 circumscripta),
580 3562 622 3623 11,
649 3557 851 3613 lhocritio
882 3559 952 3628 (hoc
971 3562 1159 3631 convicio),
1192 3566 1267 3626 123

268 3653 433 3708 diffusam
462 3648 628 3706 indecere
656 3650 798 3718 (decere,
823 3668 894 3707 error
923 3669 954 3708 ex
974 3659 1014 3719 ιιι),
1047 3657 1088 3720 l'l,
1107 3658 1125 3711 8
1144 3658 1266 3712 nonius

268 3747 418 3811 unctius),
439 3743 486 3806 IX,
507 3745 549 3805 12,
576 3745 593 3799 6
611 3740 649 3797 de
667 3744 818 3799 alicuius
837 3745 886 3811 (ds
904 3747 1023 3816 cuius),
1052 3749 1094 3810 14,
1122 3751 1140 3805 3
1164 3750 1197 3803 in
1216 3766 1265 3803 or·

268 3834 378 3889 dinem
396 3835 564 3905 scriptum
582 3834 629 3902 (iu
645 3837 764 3905 ordina
782 3838 963 3908 scriptum
982 3839 1017 3894 sd
1035 3840 1151 3897 eundem
1170 3842 1265 3896 litters

267 3946 288 3976 ιι
307 3927 462 3998 scopulum,
489 3928 605 3983 vitatum
624 3929 652 3983 in
673 3931 719 3994 Vl,
749 3936 772 3996 l,
799 3933 824 3993 8,
854 3932 900 3996 VI,
920 3933 945 3997 2,
966 3934 989 3995 1,
1008 3933 1139 3988 offensum
1159 3940 1199 3990 est
1218 3936 1265 3997 Xl,

264 4018 369 4075 alst
386 4024 411 4087 8,
440 4024 486 4089 4);
513 4022 546 4087 X,
578 4025 619 4085 18,
647 4024 665 4080 2
694 4023 884 4094 proviuoirs
914 4025 1050 4080 Graeeiae
1080 4028 1265 4096 prafectus

265 4111 462 4179 (provincis
482 4113 693 4184 prefectus),
722 4117 765 4178 20,
793 4116 901 4169 ‘tsine
919 4116 1004 4187 qnod
1023 4117 1064 4172 ad
1083 4120 1264 4176 universos
