2626 5070
484 108 606 164 Valerius
623 110 693 166 Max.
1014 110 1075 174 315

73 306 207 386 perinde
239 306 366 372 victor
396 306 518 387 (idest,
553 325 614 372 non
635 307 738 372 minus
771 307 837 390 ipse
870 326 976 377 eornm
1007 311 1114 390 victor,

71 429 144 494 qnam
165 413 220 477 illa
245 412 384 478 victricia
406 416 505 491 erant)
528 412 660 478 rediit.
937 488 939 492 .

151 518 210 598 (De
233 519 259 595 Ι,
285 520 301 579 l
325 517 392 582 Ert.
415 518 434 580 2
457 519 572 583 dictum
596 518 722 583 astrol.
744 519 760 583 Ι
781 539 811 602 p.
835 519 901 598 37.)

149 623 215 688 lbd.
238 623 267 697 6,
293 623 344 686 10:
368 622 540 702 (Octavius)
574 623 829 706 praesumpsit
859 626 985 691 animo
1009 644 1050 692 aa
1080 648 1118 695 re

63 727 274 810 significari
292 729 449 794 exitium
465 748 582 810 suum,
598 729 634 792 in
653 747 760 810 quem
776 730 899 794 metus
916 733 1118 820 augurium

62 833 161 897 tristi
183 833 263 897 fine
285 833 372 897 vitae
394 833 547 900 incidit.
603 833 801 900 Consentitnr
823 834 967 899 mendum
995 838 1115 902 esseio

61 935 97 1002 lis
117 940 154 1002 in
177 958 286 1022 quem
308 943 444 1005 metus.
503 938 657 1004 eorrectio
685 939 786 1006 facilis
817 942 866 1006 ost
888 943 920 1006 et
940 944 1040 1006 certa:
1062 943 1117 1004 id-

62 1064 116 1125 poe
135 1046 261 1110 metus
283 1045 481 1130 augurium
506 1045 576 1126 (hoc
598 1047 660 1110 est:
692 1047 723 1109 et
744 1046 810 1121 hoc,
833 1046 914 1128 quod
935 1049 1037 1111 metus
1060 1065 1118 1111 an·

61 1149 227 1230 parabatur)
255 1150 365 1214 tristi
393 1149 473 1216 line
495 1151 585 1215 vitae
608 1149 758 1216 incidit.

147 1255 215 1320 lbd.
239 1256 274 1337 (l,
297 1256 330 1334 6)
352 1256 387 1319 Ε.
413 1257 444 1318 l:
478 1274 538 1333 ne,
566 1256 598 1320 si
620 1256 785 1321 ulterius
807 1256 976 1321 Romana
998 1259 1116 1336 (oston-

62 1359 95 1431 ta)
124 1360 431 1443 apprehendero,
469 1380 486 1426 e
516 1361 667 1427 coelesti
689 1362 832 1443 templo
865 1360 909 1425 ad
939 1364 1117 1445 privatas

63 1463 179 1532 domos
215 1486 287 1531 non
321 1469 606 1532 'consentaneos
642 1485 732 1532 usus
768 1467 1023 1532 transtulisse
1056 1469 1116 1533 vi·

63 1568 147 1636 dear.
191 1573 301 1655 Neque
323 1573 397 1656 quid
418 1573 460 1638 sit
487 1592 575 1637 usus
597 1572 687 1655 (plur.
702 1578 799 1648 num.)
821 1572 1036 1638 transferre
1059 1592 1118 1640 ne·

64 1694 109 1756 que
129 1677 202 1761 quid
224 1696 314 1742 usus
347 1695 416 1741 non
447 1679 729 1743 consentaneos
751 1678 988 1754 transferre,
1021 1680 1115 1746 intel·

62 1780 120 1866 lgo.
160 1784 198 1847 ln
221 1783 319 1867 Lipsii
342 1783 517 1850 coniectura
550 1785 582 1848 et
604 1784 708 1848 visus
739 1784 990 1849 consentanei
1022 1786 1115 1851 vohe-

2 1946 3 1949 ,
64 1893 167 1954 uenter
190 1889 356 1973 displicent
387 1892 419 1955 et
440 1890 541 1972 ipsum
564 1887 669 1953 visus
691 1887 803 1968 plurali
824 1907 950 1954 numero
972 1892 1002 1955 in
1025 1912 1114 1974 prosa

63 1996 183 2061 oratioue
216 1996 255 2059 de
286 1994 381 2059 oculis
413 1996 557 2078 positum.
625 1992 829 2059 scribendum
862 1994 997 2060 videtur:
1020 2016 1115 2063 ‚non

4 2112 5 2117 ’
64 2111 300 2163 consentaneo
321 2123 389 2163 neu
405 2101 670 2180 ,transtulisse
694 2099 823 2164 videar
845 2101 1004 2179 (ostentat
1082 2168 1087 2178 ,

144 2205 213 2273 lbd.
242 2207 279 2270 Ε.
302 2207 336 2269 2:
381 2205 471 2271 Nam
507 2205 629 2271 Midas
663 2209 883 2272 cunctorum
917 2225 1021 2288 paene
1053 2227 1116 2274 re·

61 2325 130 2390 gum
151 2331 249 2395 opes
271 2312 512 2379 abundantia
532 2312 707 2395 pecuniae
729 2312 961 2386 antecessit,
985 2314 1117 2379 inian-

60 2415 181 2503 tiaequc
210 2417 440 2483 incunabula
474 2418 567 2482 utili
599 2417 755 2482 deorum
785 2436 942 2483 munere
967 2418 1113 2485 donata

60 2525 197 2590 onustis
248 2542 341 2588 auro
392 2527 509 2606 atque
557 2525 723 2609 argento
767 2524 877 2608 gazis
920 2526 1110 2607 pensavit.

58 2626 146 2696 drana
180 2628 277 2696 tritici
304 2630 336 2693 in
363 2648 397 2695 os
420 2648 513 2712 puero
542 2629 707 2694 dormienti
736 2632 882 2713 congesta
911 2631 987 2694 mire
1014 2631 1119 2696 utile-

57 2750 153 2802 uunus
188 2736 383 2819 appellantur
409 2736 562 2818 (quoniam
598 2735 636 2800 iis
666 2735 770 2817 granis
802 2754 841 2799 ne
872 2736 955 2800 vesci
985 2737 1110 2819 quidem

55 2857 116 2920 puer
147 2825 300 2925 poterat);
345 2841 428 2917 alind
470 2841 567 2906 latere
608 2839 746 2907 ostendit
785 2840 879 2906 ctiam
912 2843 1111 2923 pensavit3

3 3029 4 3032 Ἴ
55 2949 237 3014 scribendum
267 2949 366 3013 enim:
399 2947 652 3030 inlantiaeque
683 2947 918 3012 incunabula
945 2946 1018 3009 uili
1047 2946 1112 3011 dc-

53 3067 143 3121 orum
167 3073 325 3119 munere
349 3054 488 3120 donata
508 3054 659 3118 onustis
682 3071 770 3118 auro
792 3073 819 3118 a.
843 3072 871 3118 a.
894 3055 1003 3137 gazis
1025 3071 1110 3137 pen·

53 3161 151 3226 eavit
197 3160 279 3237 (Vile
300 3158 378 3224 illud
396 3178 508 3225 munus
530 3160 615 3243 large
637 3160 869 3242 compensatum
892 3160 961 3238 ast.)

140 3265 209 3331 Ibd.
244 3266 274 3342 7,
307 3265 344 3329 2:
388 3265 470 3331 Non
503 3269 562 3330 est
593 3266 697 3329 inter
730 3267 876 3347 patrem
910 3266 948 3329 et
981 3264 1109 3329 lilium

10 3364 11 3368 ’
54 3371 160 3437 ulline
192 3371 249 3436 rei
277 3371 602 3454 comparationem
624 3370 730 3447 fieri,
762 3371 975 3451 praescrtim
1008 3367 1120 3435 divi-2

54 3476 184 3542 nitatis
205 3476 372 3561 fastigio
394 3477 560 3542 iunctos.
606 3475 677 3540 Non
700 3475 822 3558 disputo
845 3494 935 3556 nunc,
959 3476 1110 3543 dixeritne
1143 3520 1147 3528 ,

55 3575 182 3648 luanus
205 3602 276 3648 cnm
298 3584 409 3667 poetis,
430 3586 465 3648 ut
486 3581 584 3648 semel
602 3581 729 3646 Tacitus
752 3580 842 3660 dixit,
877 3583 939 3646 ast
966 3582 1109 3656 facere;

57 3699 126 3765 uam,
158 3688 239 3773 quod
260 3690 317 3756 hoc
338 3689 406 3755 loco
429 3689 585 3755 scribitur:
625 3689 684 3752 est
713 3693 797 3765 (non
820 3691 901 3766 est),
921 3688 991 3754 hoc
1016 3687 1110 3755 fieri

57 3804 141 3874 neque
168 3795 196 3860 is
217 3815 315 3879 neque
341 3796 394 3860 alii
426 3795 576 3861 dixerunt,
629 3796 750 3862 Excidit
772 3798 825 3862 aut
838 3795 909 3881 foe
930 3798 984 3861 ant
1005 3817 1117 3880 opor·
