2654 5010
454 660 559 715 Seneca
576 660 768 731 Philosophus.
1043 663 1101 726 211

70 855 246 937 exspectari
268 858 372 937 posset
392 855 580 924 adiectirnm
612 865 746 935 (cansa
777 862 980 942 perpetuae
1012 859 1146 927 iacta·

70 961 227 1039 tionis)‚
250 961 333 1044 quod
354 962 581 1027 substantivum
605 981 691 1045 paene
711 981 766 1047 pro
789 963 937 1049 gerundia
956 966 1077 1046 passivo
1099 968 1149 1032 est

71 1075 159 1143 (cur
179 1086 305 1150 usqne
327 1067 600 1148 iactentur).*)

482 1317 606 1385 Plinius
631 1319 743 1385 maior.

177 1470 252 1548 Quae
274 1471 312 1535 ad
335 1469 428 1535 Plinii
450 1471 610 1536 historiam
633 1471 804 1538 naturalem
827 1472 1051 1538 emendandam
1074 1491 1146 1539 con·

69 1576 132 1641 tuli
155 1578 185 1640 in
209 1576 288 1641 Adv.
312 1575 385 1642 crit.
408 1575 439 1641 11
470 1596 499 1659 p.
530 1578 590 1640 523
620 1597 697 1662 sqq,
731 1578 768 1643 iis
800 1577 977 1663 adiungam,
1011 1597 1080 1662 qnae
1113 1580 1145 1644 iu

70 1681 162 1748 libris
191 1681 485 1748 xxxv-xxxvl
515 1689 621 1767 postea
649 1685 818 1762 amandari,
852 1703 921 1750 cnm
955 1703 1039 1768 parua
1073 1703 1146 1750 casn

71 1787 114 1852 ad
146 1806 198 1853 eos
227 1788 408 1872 relegendos
435 1787 558 1855 delatus
589 1809 689 1857 essem
718 1794 810 1873 atque
839 1796 905 1855 tum
928 1790 1003 1855 solie
1024 1791 1090 1854 Iani
1113 1796 1146 1856 et

74 1893 191 1979 Silligii
215 1897 310 1977 copiis
331 1897 445 1960 uterer.
454 1894 503 1974 **)

177 2013 243 2079 bib.
265 2011 393 2091 XXXV,
418 2013 475 2077 20:
511 2015 651 2079 Parvis
684 2012 943 2098 gloriabatur
971 2014 1146 2079 tabellis

71 2119 1146 2204 exstinctusnnperinlongasenectaTitedinsLabeo

75 2226 293 2310 praetorius
318 2273 325 2289 .
349 2273 356 2288 .
381 2273 387 2289 .
412 2251 437 2301 .;
470 2209 537 2293 sed
571 2246 614 2293 ea
642 2246 705 2292 res
733 2226 770 2290 in
800 2226 884 2291 risu
908 2226 1028 2291 etiam
1052 2245 1144 2293 oon-

75 2332 254 2398 tumaliae
282 2336 378 2398 erat.
433 2333 633 2399 Scribendnm
657 2334 836 2417 manifesto:
858 2333 927 2397 sed
949 2352 991 2398 aa
1014 2350 1076 2397 ras
1097 2331 1146 2399 in·

74 2439 166 2511 risui,
188 2441 310 2505 etiam
333 2440 590 2506 contumelia
612 2444 708 2507 erat
752 2440 820 2507 Non
842 2440 942 2506 solnm
961 2438 1145 2505 irridebatur

74 2545 227 2624 titedius,
253 2546 308 2611 sed
330 2547 520 2612 contumelia
541 2546 743 2614 afficiebatur.
1005 2541 1008 2545 ’

127 2816 154 2884 *)
175 2815 342 2884 Simpliciter
359 2818 517 2887 recipienda
535 2819 658 2872 codicum
683 2819 818 2886 scriptura
840 2833 913 2871 nuno
935 2823 1075 2886 protracta
1093 2817 1109 2886 ξ
1128 2818 1145 2870 7

176 2912 264 2979 (ergo
284 2911 316 2964 in
336 2912 398 2966 hoc
417 2911 502 2965 idem
521 2918 680 2980 poterunt
698 2910 836 2965 artifice
850 2909 1143 2977 vivendi),20(Non

175 3012 302 3059 mutata
328 3005 525 3059 feminarum
554 3012 688 3070 natura,
716 3005 774 3058 sed
802 3004 893 3057 victa
921 3011 985 3064 est3
1020 3003 1144 3070 alioquin

176 3098 349 3152 scribendum
367 3106 440 3153 erat:
460 3099 530 3153 Non
557 3105 679 3151 natura
703 3098 721 3151 i.
746 3105 885 3164 mutata,
909 3096 965 3151 sed
985 3097 1055 3150 vita
1073 3097 1143 3162 ost),

174 3191 209 3245 55
227 3190 301 3256 (Sed
326 3191 373 3244 nil
401 3200 490 3259 aget,
516 3193 569 3246 hoc
594 3199 644 3258 est,
666 3192 793 3260 proficiet
813 3191 985 3260 praeceptor).
1021 3189 1053 3242 ln
1074 3188 1090 3257 ξ
1108 3189 1145 3243 sc

175 3285 257 3337 torti
275 3300 362 3355 prava
375 3287 509 3341 correctio
523 3293 577 3353 est3
593 3287 664 3341 iuter
682 3294 786 3340 totanr
805 3292 834 3338 et
853 3284 1041 3351 structique
1060 3282 1144 3337 inter·

174 3377 240 3431 cidit
257 3378 332 3447 prior
350 3394 415 3446 pars
434 3380 508 3434 vocis
526 3389 685 3435 remanente
704 3386 826 3433 extrema
845 3377 952 3447 syllaba
970 3376 1007 3432 de
1026 3376 1071 3430 vel
1086 3375 1142 3429 dae.

105 3470 151 3536 **)
173 3469 225 3536 Qui
244 3487 331 3539 nuper
350 3472 432 3526 Plinii
451 3489 520 3541 opus
539 3473 699 3543 conquisitis
722 3472 919 3527 studiosissime
943 3478 970 3524 et
995 3469 1141 3539 diligentis·

175 3564 242 3618 sime
261 3564 385 3620 codicum
403 3568 664 3635 manuscriptorum
690 3565 820 3621 subsidiis
843 3563 936 3628 edidit,
961 3564 1058 3618 vellem
1079 3563 1143 3618 huic

174 3657 324 3725 diligentiae
344 3659 512 3714 adiunxisset
530 3660 728 3714 accuratiorem
741 3658 874 3712 sermonis
890 3656 979 3711 Latini
999 3658 1141 3712 scientiam

175 3760 203 3807 et
233 3752 335 3805 certius
365 3752 393 3804 iu
430 3753 511 3807 rebus
548 3754 747 3820 sententiisque
783 3750 969 3818 intelligendis
1004 3750 1141 3804 iudicium.

173 3844 334 3898 careremus
354 3846 412 3899 eius
431 3846 539 3913 generis
558 3846 732 3912 coniecturis,
756 3845 833 3899 cuiue
858 3844 1009 3913 exemplum
1034 3843 1141 3912 inipso

172 3937 257 4003 initio,
270 3938 332 3992 libri
352 3939 454 3994 XXXV
472 3939 525 4007 §4
547 3939 682 4005 obiicitur,
710 3939 764 4004 ubi,
792 3938 853 3991 ouiu
880 3938 913 3991 de
933 3936 1068 4006 capitibus
1087 3941 1142 3989 sta-

171 4038 280 4085 tuarum
292 4032 490 4100 permutandis,
504 4040 534 4087 ut
546 4049 616 4088 vana
629 4048 759 4087 novarum
774 4031 881 4101 species
895 4030 1038 4095 efficiatur,
1058 4029 1097 4082 sio
1115 4029 1141 4080 in

172 4124 311 4179 codicibus
339 4126 490 4180 rectissime
525 4136 552 4181 et
584 4126 723 4195 aptissime
757 4124 904 4179 scribatur:
936 4129 971 4177 ut
1004 4122 1140 4188 frangat

172 4220 268 4275 heres
297 4202 449 4288 iurisque
478 4219 635 4275 detrahat
657 4219 798 4285 laqueus
821 4219 885 4283 (hoo
903 4224 953 4283 est,
977 4215 1022 4269 fur
1040 4215 1140 4283 laqueo

172 4313 270 4368 iniecto
290 4319 371 4381 caput
389 4329 494 4368 ueneram
513 4313 640 4367 detrahat
657 4312 727 4365 lucri
747 4328 761 4365 e
780 4311 890 4366 metullo
904 4309 1022 4364 faciendi
1038 4313 1140 4375 causa),

172 4422 244 4459 nuuc
272 4408 324 4461 hoc
351 4413 501 4460 monstrum
530 4406 672 4476 scripturae
701 4405 825 4459 effectum
859 4414 914 4459 est:
948 4410 983 4457 ut
1006 4402 1139 4469 frangat

172 4499 268 4554 heres
287 4498 440 4567 forisque
459 4500 616 4554 detrahat
632 4500 760 4567 laqueo.

888 4603 938 4657 lt*
