2678 5016
261 281 321 344 m
618 279 880 351 fflQO

218 480 359 564 scriptus,
390 478 440 544 oui
462 477 734 544 coniunctissimus
767 480 800 544 et
831 478 1009 545 simillimus
1038 479 1107 560 fnit,
1139 500 1178 546 ex
1198 483 1285 549 cuius

219 586 393 672 apographo
416 584 549 668 primum
573 583 690 649 editum
712 603 823 667 poema
844 585 901 659 est,
915 584 1134 669 sangallensis.
1174 588 1285 672 Itaque

218 691 341 757 infinita
376 694 424 756 est
466 690 649 754 coniectura
693 689 870 756 necessitas.
929 688 990 754 Sed
1027 691 1129 775 ipsum
1162 711 1284 776 poema,

219 796 300 880 qnod
320 796 426 881 tritam
449 795 611 860 materiam
646 795 800 861 communi
833 797 865 859 et
899 792 1013 862 tradito
1043 815 1155 881 genere
1177 817 1285 882 perae·

219 902 337 985 quitur,
368 904 404 966 ut
445 900 482 963 fit
503 901 535 965 in
566 900 739 967 imitatione
772 900 944 967 adventicio
977 903 1087 968 ornatu
1123 922 1285 970 commen·

218 1007 329 1084 danda,
352 1007 428 1072 adeo
450 1025 531 1091 saepe
542 1007 692 1072 tumidam
708 1006 802 1072 habet
823 1006 1043 1072 sentemiarum
1065 1010 1097 1073 et
1110 1008 1285 1094 imaginum

217 1110 360 1186 sormam,
395 1115 471 1176 adeo
505 1112 667 1177 molestam
707 1113 739 1176 et
771 1111 945 1175 affectatam
988 1112 1206 1192 elocutionem,
1249 1118 1286 1180 ut

218 1216 343 1281 difficile
379 1218 485 1282 multis
516 1218 594 1284 locis
624 1218 666 1284 sit
693 1220 838 1292 statuere,
875 1217 948 1300 quid
978 1221 1075 1301 poetae
1101 1220 1161 1303 ipsi
1188 1221 1285 1286 tribui

217 1322 338 1401 debeat,
372 1323 564 1389 enarratione
596 1325 763 1406 utcumque
783 1321 973 1401 leniendum,
1008 1325 1082 1407 quid
1113 1325 1285 1392 scribarum

217 1430 326 1507 errori,
360 1430 391 1495 in
416 1449 477 1513 qua
497 1428 687 1494 dubitatione
709 1428 874 1493 cautiorem
896 1432 1016 1510 partem
1038 1431 1126 1513 sequi
1147 1449 1203 1514 par
1225 1435 1283 1498 eat

218 1533 367 1619 Legeram
399 1536 520 1618 partem
553 1535 688 1618 aliquam
721 1534 803 1609 olim,
841 1533 974 1600 Harlesii
1013 1534 1208 1615 (Burmanni)
1230 1556 1285 1603 ex-

218 1641 319 1723 emplo
342 1643 450 1718 utens;
484 1639 593 1704 deinde
615 1641 646 1704 in
669 1639 804 1722 reliquis,
838 1638 909 1704 inde
940 1658 959 1704 a
986 1641 1079 1706 tertio
1101 1641 1191 1718 libro,
1227 1643 1285 1707 ab·

217 1745 371 1811 solvendis
405 1745 566 1811 Thilonem
602 1746 737 1811 adhibui.
789 1747 826 1810 Iu
863 1745 953 1811 celeri
991 1747 1122 1812 lectione
1154 1766 1213 1813 nec
1241 1749 1283 1812 ln
1313 1737 1315 1739 ’

218 1848 395 1915 difficilibus
423 1870 460 1917 ao
493 1851 594 1917 dubiis
627 1851 718 1917 valde
739 1852 916 1916 immoranti
937 1855 1043 1917 tamur
1064 1852 1284 1918 nonnullorum

216 1954 353 2020 locorum
375 1958 430 2021 aut
450 1959 534 2022 certa
555 1957 785 2039 autprobabilis
812 1957 958 2022 correctio
980 1977 1014 2023 se
1036 1957 1150 2023 obtulit
1170 1960 1285 2041 praeter

218 2078 281 2139 eas,
316 2081 385 2144 quae
416 2063 447 2129 in
474 2063 595 2129 Heinsii
631 2063 765 2128 maxime
808 2064 1056 2129 annotationibus
1097 2064 1179 2129 inter
1211 2083 1284 2148 pcr-

217 2186 365 2252 magnum
395 2189 558 2234 numerum
591 2170 797 2261 suspicionum
828 2172 945 2234 temere
970 2172 1002 2234 et
1024 2170 1090 2235 sine
1111 2187 1205 2235 eausa
1228 2173 1285 2235 aut

218 2272 303 2338 nulla
330 2276 414 2339 certa
446 2277 496 2341 via
528 2276 685 2341 rationeve
721 2275 870 2340 metarum
891 2275 1001 2341 latent.
1056 2275 1160 2340 Unum
1181 2278 1215 2340 et
1236 2277 1285 2340 al·

217 2380 329 2454 terum,
368 2381 448 2464 quod
481 2381 644 2465 inprimis
681 2380 767 2446 libris
799 2381 865 2462 ipse
895 2382 1123 2454 adnotaveram,
1156 2380 1221 2445 ridi
1244 2383 1286 2447 ab

217 2484 286 2549 aliis
307 2488 534 2571 occupatum.¹)

317 2590 384 2656 Lib.
406 2594 440 2668 1.,
464 2594 523 2657 512

280 2696 313 2761 Si
335 2698 423 2789 mihi,
448 2717 514 2782 quae
538 2698 700 2782 quondam,
723 2697 814 2776 vires,
838 2697 887 2762 vel
908 2696 1042 2779 pondere
1063 2717 1171 2780 poenas

280 2801 426 2869 Colchida
448 2804 511 2869 iam
534 2806 566 2869 et
586 2804 668 2887 regis
691 2805 782 2887 caput
802 2802 853 2867 hic
875 2805 907 2867 et
928 2821 1016 2868 arma
1035 2801 1167 2870 videres.

217 2903 304 2972 Nihil
325 2908 479 2992 siguificat
499 2909 559 2988 vcl3
583 2910 777 2976 scribendum
801 2912 861 2975 est:
886 2918 925 2970 tu
942 2909 1074 2992 pendere
1089 2930 1213 2993 poeaae.

317 3011 383 3080 Ibd.
409 3014 449 3076 64
473 3035 555 3099 squ:
654 3070 659 3074 .

351 3119 423 3185 Mox
444 3121 530 3186 taciti
551 3125 677 3204 patuere
701 3120 764 3187 doli
788 3138 843 3185 nec
865 3120 979 3185 vellera
1001 3137 1081 3185 curae

352 3243 420 3290 esse
441 3225 517 3303 viro‚'
539 3228 595 3293 sod
616 3247 685 3294 sese
707 3227 785 3293 odiis
807 3226 954 3291 immania
975 3226 1043 3310 cogi

352 3331 383 3395 in
406 3331 493 3405 treta
517 3352 578 3415 qua
598 3334 698 3399 iussos
721 3333 892 3398 sectantem
914 3350 1049 3416 quaerore
1070 3331 1200 3398 Colchos

351 3439 428 3502 Arte
449 3442 551 3521 queat.

95 3538 101 3549 '
217 3540 311 3607 Nullo
350 3542 442 3609 modo
482 3546 639 3627 postrema
675 3544 740 3608 haec
779 3561 849 3607 cum
883 3543 1089 3626 superioribus
1118 3543 1282 3620 cohaerent,

220 3663 277 3712 nec
298 3649 453 3714 structura
475 3649 610 3732 expediri
631 3650 742 3732 potest.
793 3649 966 3731 Scripserat
986 3651 1092 3730 poeta:

128 3932 129 3935 =
245 3897 268 3965 ¹)
289 3898 368 3969 [Cum
397 3903 454 3956 beo
482 3901 537 3956 iam
567 3900 714 3973 typotheta
745 3896 928 3964 tradidissem,
968 3896 1058 3967 accepi
1088 3895 1237 3951 editionem
1267 3913 1283 3950 a

288 3993 434 4050 Soheullio
456 3994 576 4048 curabam
601 3991 701 4059 (Berol
721 3993 812 4058 1871),
841 4007 872 4045 ox
897 4005 951 4060 qua
967 3992 1022 4045 tros
1040 3989 1206 4060 quattuorve
1221 4004 1282 4043 oon·

292 4086 408 4142 iacturas
425 4101 497 4142 meae
515 4084 549 4141 ab
568 4085 631 4142 aliia
650 4086 794 4156 pmoeptaa
812 4082 891 4150 ridi]
