2678 5016
544 630 652 687 cenea.
1033 632 1093 697 125

193 828 258 895 loo.
282 829 343 892 561
366 849 432 914 sqq.
477 830 564 895 Aiax·
577 829 795 903 Oileus‚·nsue
818 849 836 896 a
857 831 984 898 Pellede
1005 831 1134 899 fulmine

76 932 182 1008 iuste,
203 934 269 1016 ipse
292 937 325 999 iu
349 934 447 1001 nudes
469 953 613 1000 excussus
635 955 745 1002 uorem
765 938 895 1021 repetit:

544 1040 663 1106 dirimit
682 1042 826 1108 iussuum
848 1063 934 1110 mere
975 1121 978 1128 ¹

218 1144 389 1228 fluctusque
410 1147 527 1230 rumpit
548 1147 671 1229 pectore
693 1149 724 1212 et
745 1167 855 1214 usrem
878 1166 972 1214 mouu

217 1251 392 1332 complexus
417 1252 449 1316 iu
470 1271 504 1317 se
526 1252 621 1316 traxit
641 1254 673 1317 et
688 1270 777 1318 caeco
800 1255 878 1318 meri

216 1356 348 1422 collucet
368 1356 463 1433 Aion
488 1375 578 1422 omue
599 1356 777 1440 resplendet
796 1358 920 1425 fretum.

165 1460 253 1526 Nihil
280 1465 329 1527 est
359 1480 489 1537 uorem,
525 1480 617 1546 quam
639 1463 703 1542 iem
726 1464 901 1546 complexus
936 1466 1012 1543 erut,
1048 1464 1081 1527 is
1101 1485 1133 1528 se

71 1565 203 1645 trehere3
237 1586 294 1633 uec
315 1568 515 1653 significetur,
544 1567 624 1633 unde
657 1569 807 1635 colluceat
839 1573 872 1635 et
903 1570 1010 1636 erdest
1043 1570 1133 1636 Aiax.

71 1672 238 1739 Ardentem
259 1693 370 1739 nerem
392 1674 568 1756 complexus
589 1673 656 1756 ipse
676 1674 804 1739 flamme
826 1679 982 1758 correptus
1003 1678 1065 1741 ests

617 1781 650 1846 et
669 1799 780 1846 nerem
800 1799 895 1845 mauu

268 1886 444 1968 complexus
466 1886 551 1969 iones
571 1886 665 1951 traxit
686 1890 719 1951 et
739 1905 818 1951 oaeoo
839 1886 918 1951 meri

266 1990 397 2056 collucet
415 1991 503 2057 Aiax.

166 2094 294 2162 liercul.
324 2095 385 2162 (lit.
399 2097 423 2174 ¹)
458 2094 516 2158 123
549 2095 658 2161 chorus
688 2096 876 2178 captiuomm
904 2097 971 2163 loce
1005 2098 1037 2162 et
1057 2095 1133 2162 cdi·

69 2201 135 2266 licis
166 2220 255 2267 scere
287 2200 327 2267 ed
348 2201 508 2284 proleuum
540 2203 572 2267 et
592 2201 743 2267 humilem
783 2221 873 2268 usum
896 2203 1073 2270 museum
1093 2202 1133 2270 iri

69 2305 218 2388 queritur:

267 2412 393 2479 Stemus
414 2430 495 2477 nuuc
517 2413 627 2496 patriis
649 2413 802 2480 messibus
823 2414 882 2478 heu
903 2415 997 2481 locus

201 2522 204 2526 ’
269 2519 302 2583 et
322 2517 408 2583 silvis
431 2517 554 2584 dabitur
575 2520 723 2602 lapsaque
745 2519 874 2584 sordidae

234 2658 239 2668 ·
265 2624 341 2689 fient
363 2626 481 2708 templu
502 2642 590 2690 cesse.

165 2728 252 2795 Nihil
274 2732 322 2795 est
348 2739 473 2805 stamus,
508 2747 566 2794 uec
588 2729 704 2794 mulum
727 2729 776 2794 est
805 2730 956 2795 messibus
987 2732 1020 2794 et
1040 2727 1130 2794 siluis
1194 2742 1196 2746 “

67 2832 167 2899 locum
189 2835 266 2913 duri,
288 2835 348 2900 uisi
368 2835 513 2920 indignus
537 2837 602 2899 tem
624 2834 735 2899 humili
756 2854 814 2901 usu
836 2835 935 2900 detur.
974 2833 1129 2917 Scriptum
1155 2923 1159 2930 Α

67 2938 139 3004 olim
162 2943 246 3006 eret:

268 3044 365 3107 Facis
387 3063 468 3110 nune
489 3044 597 3129 patriis
620 3043 772 3110 messibus
794 3045 855 3110 heu
875 3046 959 3112 locus

266 3154 297 3215 et
319 3151 404 3216 silvis
427 3150 550 3216 dabitur
569 3151 718 3234 lapsuque
739 3150 871 3217 sordido

266 3257 343 3322 fient
365 3256 481 3340 templu
503 3274 591 3321 essm.

164 3363 320 3429 Fauorum
359 3364 543 3446 patriorum,
579 3380 650 3427 oum
684 3380 789 3428 eversu
825 3361 895 3436 siut,
933 3380 1021 3428 erese
1057 3379 1130 3427 cou-

68 3468 160 3533 situm
182 3469 220 3533 iri
243 3469 358 3534 dicunt.

163 3574 229 3640 ibd.
252 3573 315 3637 315
338 3573 483 3640 Deianira
503 3573 640 3638 dolorem
661 3574 694 3637 et
716 3572 794 3638 irum
811 3569 849 3636 ad
870 3568 1128 3657 perseuerandum

68 3679 221 3746 hortatus:

267 3785 361 3850 Pares
385 3803 522 3860 eramus3
544 3803 604 3849 nou
627 3787 694 3851 erut
714 3784 795 3850 votis
818 3803 908 3868 opum

267 3889 368 3955 aderit
381 3908 518 3964 noverca,
540 3909 607 3974 quse
630 3908 738 3955 munus
760 3891 880 3954 nostras
903 3891 991 3975 regat

251 4016 322 4063 uec
342 3997 491 4061 invocate.

166 4105 300 4170 Prsum
334 4122 401 4168 esse
433 4100 511 4167 illud
543 4124 603 4165 noo
637 4109 701 4164 erat
737 4122 829 4185 opus,
865 4101 892 4165 ei
927 4120 982 4184 per
1010 4117 1042 4164 se
1068 4115 1129 4164 nou

75 4298 265 4313 -ι--...

94 4432 115 4501 ¹)
141 4435 203 4491 Hee
219 4435 312 4492 lobuls
329 4437 413 4492 etism
429 4438 458 4492 iu
475 4437 498 4491 ll
515 4435 594 4492 uelde
613 4434 740 4503 corrupte
759 4436 808 4488 est
