2648 5084
474 694 561 751 Taciti
573 696 704 766 Agricola.
723 714 773 769 ψ
792 704 793 707 ’
837 636 863 661 Α,
1023 694 1083 757 569
1137 772 1139 775 ¹

46 879 234 967 docorum
280 892 390 978 gnari
432 893 804 960 circumveniebant.
862 894 1126 963 Varie'mntatur

59 1006 157 1069 item
180 1006 234 1067 aut
255 1001 383 1067 elicitur.
437 999 637 1065 Scribendum
660 1000 795 1065 videtur:
829 1002 944 1064 iidem
975 1003 1125 1087 primos.
1236 1020 1238 1024 ⁴

60 1110 293 1195 Significantum
315 1108 353 1172 de
375 1107 484 1190 quibus
505 1106 640 1188 proxime
662 1109 733 1172 aute
756 1107 871 1174 dictum
895 1112 957 1175 est:
990 1112 1027 1174 et
1051 1111 1125 1177 ali·

59 1217 211 1302 qnando
233 1216 349 1281 etiam
372 1213 488 1278 victis
510 1211 568 1276 ira
590 1212 804 1297 virtusque.
838 1215 921 1300 [lam
944 1215 1125 1302 Goebeliusa]

164 1322 231 1388 lbd.
251 1321 292 1385 38
314 1323 379 1386 tam
401 1317 499 1384 audax
520 1317 616 1382 videri
638 1321 740 1402 potest
763 1321 896 1405 suspicio
919 1341 998 1404 mea,
1021 1326 1056 1387 ut
1077 1325 1125 1388 vir

60 1449 132 1496 eam
155 1447 292 1513 promere
312 1427 460 1502 audeam;
495 1424 550 1490 sed
581 1426 722 1508 quoniam
754 1427 866 1510 sapius
887 1428 988 1493 locum
1010 1433 1125 1495 retrac-

60 1536 143 1602 tanti
165 1537 272 1600 renata
294 1536 351 1609 est,
373 1532 471 1597 libere
494 1530 602 1599 dicam.
631 1532 787 1617 Agricola,
807 1548 877 1598 cnm
899 1537 971 1617 post
984 1536 1125 1617 prolium

60 1642 102 1708 ad
126 1644 262 1706 montem
283 1639 451 1723 Graupium
475 1641 582 1703 exacta
603 1639 663 1704 iam
686 1640 793 1704 astate
815 1641 982 1706 exercitum
1002 1643 1033 1707 in
1049 1642 1126 1709 fines

63 1749 259 1812 Borestorum
292 1745 412 1829 (populi
443 1744 553 1828 ignoti)
587 1744 772 1820 deduxisset,
805 1745 939 1829 acceptis
971 1747 1013 1812 ibi
1045 1748 1127 1814 obsi·

62 1853 168 1927 dibus,
204 1851 386 1935 praefeoto
428 1851 568 1917 classis
610 1852 853 1916 circumvehi
887 1853 1126 1920 Britanniam

62 1957 259 2043 praecepit.
316 1957 420 2022 Datae
463 1956 508 2022 ad
552 1957 754 2035 idcirce,
798 1959 835 2020 et
869 1963 1126 2039 praecesserat

61 2070 201 2131 terror.
256 2064 303 2128 De
332 2064 399 2149 ipsa
420 2064 613 2148 navigatione
643 2063 778 2147 perlecta
800 2081 926 2146 quaeque
947 2065 979 2129 in
1002 2067 1126 2131 carisa

63 2172 126 2236 sint
147 2173 202 2236 aut
223 2170 399 2247 acciderint,
421 2171 498 2235 nihil
520 2173 660 2236 narratur
684 2189 719 2235 ac
740 2188 779 2234 nc
801 2170 892 2236 verbo
915 2171 1039 2255 quidem
1062 2173 1126 2257 sig·

62 2278 213 2344 nificatur.
267 2275 365 2342 Nemo
398 2277 479 2343 enim
504 2277 557 2342 illo
588 2280 727 2359 tempore
762 2277 818 2342 sub
856 2278 989 2343 hiemem
1022 2279 1126 2363 ignoto

60 2384 142 2450 mari
164 2383 203 2448 ad
225 2383 391 2448 Britanniae
412 2383 658 2467 septentrionalis
692 2383 797 2448 littora
828 2384 916 2449 evehi
949 2402 1041 2450 ansus
1069 2390 1125 2452 est.
1249 2371 1254 2377 ⁹

62 2489 194 2563 Deinde,
218 2491 379 2572 postquam
402 2490 528 2556 Tacitus
550 2491 725 2575 Agricolam
749 2489 870 2572 pedites
892 2493 985 2573 atque
1008 2493 1126 2575 equites

59 2600 92 2663 in
105 2597 241 2662 hibernis
253 2597 371 2662 locasse
386 2595 472 2673 dixit,
494 2597 560 2662 haec
583 2595 751 2661 adduntur:
775 2596 820 2661 Bt
843 2596 962 2661 simul
985 2597 1126 2663 classis

63 2701 236 2768 secunda
266 2704 507 2786 tempestate
533 2721 575 2768 ac
605 2703 706 2768 fama
737 2703 1008 2768 Trntulensem
1036 2722 1127 2787 por·

24 2886 26 2889 ¹
62 2812 142 2873 turn
195 2808 338 2885 tenuit,
388 2808 489 2873 uude
534 2810 703 2891 proximo
746 2809 958 2874 Britanniae
987 2811 1128 2875 ¹latere

61 2915 165 2980 lecto
194 2914 300 2979 omni
335 2914 517 2982 redierat.
572 2914 684 2980 Mirum
716 2916 795 2980 hanc
817 2916 985 2981 orationem
1009 2915 1052 2980 sic
1074 2934 1146 2981 er-¹

62 3019 168 3105 pedire
191 3022 353 3094 conantur,
387 3022 422 3084 ut
443 3019 539 3086 unde
561 3022 747 3107 coniungant
774 3041 843 3088 cum
875 3022 1001 3087 latere
1023 3022 1127 3087 lecto

63 3127 257 3211 classemque
278 3144 313 3192 er
336 3146 371 3192 eo
392 3129 480 3210 portu
501 3127 671 3210 proximum
693 3129 775 3195 letus
797 3129 916 3213 legisse,
945 3129 1015 3194 dein
1038 3128 1124 3194 rede-

62 3235 171 3298 untem
204 3233 335 3299 eundem
366 3235 501 3300 tenuisse
527 3234 687 3317 accipiant.
746 3235 808 3302 Sed
836 3256 903 3320 qua
931 3238 980 3301 est
1001 3234 1125 3300 tandem

62 3339 130 3403 haec
148 3338 289 3421 loquendi
312 3342 504 3425 perversitas,
527 3342 562 3405 ut
583 3342 715 3423 primum
737 3342 818 3407 hac:
842 3343 920 3406 unde
942 3341 1014 3404 lecto
1037 3341 1128 3405 tatem
1153 3361 1155 3366 ’

63 3445 196 3508 oudinet
216 3446 442 3530 intelligantur:
477 3447 555 3509 unde
577 3449 754 3532 concipe-rat
783 3458 810 3510 et
837 3470 895 3533 quo
924 3449 997 3542 lecto
1036 3446 1127 3509 lotoe

63 3551 205 3625 redierat,
227 3551 337 3617 deinde
358 3553 465 3619 classis
487 3555 628 3618 narretur
649 3555 784 3620 tenuisse
800 3545 879 3618 =eum
902 3556 1036 3636 portum,
1068 3571 1127 3637 quo

62 3658 126 3722 iarn
149 3655 185 3722 er'
206 3657 313 3723 eadem
335 3660 402 3742 ipsa
424 3660 599 3724 excursione
626 3660 750 3722 redonet
772 3659 1022 3743 (plusquamperi.
1045 3664 1125 3724 tem·

64 3767 172 3848 pore)?
225 3764 343 3832 Omitto
388 3766 527 3844 minora,
572 3765 657 3830 velut
693 3784 801 3848 pamm
841 3769 913 3850 apte
953 3766 1034 3831 latus
1068 3766 1126 3831 dici

64 3871 159 3938 simul
210 3872 390 3956 monimum
447 3877 479 3938 et
535 3890 627 3934 corne.
700 3871 840 3937 Breviter
888 3873 999 3959 dicam.
1063 3873 1126 3937 Ne·

64 3996 124 4063 que
157 3977 333 4044 redierat
370 3978 442 4044 lerri
484 3978 601 4060 potest,
635 3994 731 4061 neque
767 3979 929 4062 quicquam
968 3980 1006 4044 de
1046 3980 1127 4045 mota

65 4083 261 4168 navigatione
288 4086 360 4165 (nisi
390 4086 428 4150 de
458 4084 526 4168 ipso
552 4083 658 4149 classis
691 4084 722 4148 in
753 4087 875 4167 portum
909 4085 1126 4152 Trutnlensem

65 4190 216 4270 adventu)
231 4191 278 4256 his
294 4192 394 4258 verbis
420 4194 572 4264 narratur,
594 4189 649 4254 sed
671 4190 709 4256 de
731 4189 884 4256 destinata
905 4210 940 4256 er
962 4192 1018 4257 hoc
1038 4193 1126 4276 portu

65 4297 105 4363 ad
123 4298 363 4381 septentrionem
375 4317 480 4364 versus
502 4296 572 4374 sito,
595 4288 851 4378 scribendumque
869 4296 1003 4363 videtur:
1026 4299 1126 4364 unde

64 4404 234 4488 prorimo
276 4426 388 4480 anno,
437 4396 820 4468 Britannia‘latere
862 4402 965 4468 lecto
1007 4404 1126 4482 omui,
1235 4410 1237 4416 '

63 4509 241 4594 redituro
273 4521 355 4574 crat
387 4510 431 4588 (in
465 4510 569 4594 portus
595 4509 694 4594 magis
728 4508 913 4575 meridianos
937 4509 1034 4593 ipsius
1056 4528 1125 4592 pro·
1242 4562 1244 4567 .
