2678 5016
538 633 646 692 Seneca.
1026 638 1084 702 111

58 834 160 900 ludere
181 853 278 918 nuper
301 832 474 899 Ribbeckio
505 832 537 896 et
564 831 633 897 aliis
662 832 780 915 pleonit
808 837 840 899 in
873 835 999 920 Vergilii
1027 835 1129 902 Buco-

59 939 140 1016 licis,
174 941 241 1005 tota
264 957 342 1002 cum
365 937 438 1012 risu
452 936 600 1002 eiicienda
622 941 683 1016 est,
715 939 774 1005 nisi
797 941 873 1024 quis¹
887 941 1005 1006 mauult
1026 940 1130 1026 indig-

60 1046 121 1109 nari
149 1046 225 1110 talis
248 1047 282 1109 et
310 1042 441 1126 proferri
473 1042 504 1106 in
536 1027 639 1108 lucem
670 1063 727 1110 uec
760 1047 866 1111 statim
891 1046 1018 1128 explodi.
1067 1045 1128 1111 Sed

37 1151 126 1234 buic
148 1151 286 1223 invento,
319 1167 359 1212 ne
382 1147 456 1230 quid
477 1147 515 1211 ad
537 1148 693 1214 licentiam
721 1151 860 1216 mutandi
884 1155 915 1217 et
937 1151 1041 1216 omnia
1062 1168 1128 1215 uer·

59 1256 139 1320 badi
162 1252 306 1328 deesset,
342 1252 544 1321 adiunxeruut
569 1253 717 1330 alterum,
750 1255 874 1321 Seneoae
902 1256 1067 1341 tragoedias
1088 1254 1129 1321 ad

61 1360 276 1442 posteritatem
307 1360 493 1442 propagatas
523 1378 590 1447 esse
615 1377 650 1425 er
683 1360 883 1446 chirographo
918 1362 1014 1444 ipsius
1045 1360 1128 1432 omni

60 1483 167 1549 genere
189 1463 374 1537 liturarum,
412 1463 651 1543 correctionum,
685 1465 958 1550 dittographiarum
995 1466 1128 1547 oppleto,

61 1571 100 1634 ite
120 1573 157 1633 ut
177 1570 211 1634 in
235 1570 350 1635 nostris
373 1568 607 1635 codicibus.uon
629 1589 697 1636 raro
720 1571 799 1636 binae
823 1573 1020 1655 superessent
1032 1571 1129 1654 ipsius

63 1675 190 1740 auctoris
214 1675 394 1757 scripturae,
425 1674 504 1757 quod
529 1676 631 1739 totum
659 1676 735 1743 adeo
762 1677 872 1742 leviter
895 1676 1059 1743 confictum
1082 1669 1140 1740 est

62 1780 256 1846 escribendi
293 1779 444 1844 erroribus
468 1766 643 1863 vulgaribus
674 1784 706 1846 et
739 1801 774 1847 cr
807 1781 940 1865 antiquae
972 1780 1129 1862 scripturae

63 1885 193 1953 difficilis
229 1888 286 1951 aut
317 1883 457 1949 nonnihil
493 1888 641 1967 corrupta
681 1887 964 1971 interpolationibus
1003 1885 1035 1949 et
1062 1902 1129 1949 cor·

64 1992 248 2058 tentionibus
276 1990 353 2054 nihil
374 1989 497 2054 omnino
526 1991 563 2055 ab
590 1992 646 2067 ile,
683 2012 749 2076 quae
771 1993 804 2056 in
825 1992 966 2056 omnibus
989 1990 1129 2073 antiquo·

64 2115 126 2161 rum
147 2096 296 2179 oporibus
318 2095 469 2169 accidunt,
491 2095 636 2172 diversis,
658 2098 733 2164 adeo
758 2099 896 2163 veterum
919 2095 1130 2162 consuetudini

65 2201 152 2268 libros
175 2199 346 2284 evulgandi
367 2203 526 2284 repugnat,
549 2203 584 2265 ut
604 2202 730 2269 refutari
753 2223 814 2268 non
836 2222 910 2286 opus
933 2203 1018 2284 sit1).
1071 2201 1130 2267 His

66 2306 163 2391 itaque
188 2307 371 2390 opinionum
394 2307 578 2372 commentis
599 2308 735 2375 dimissis
769 2309 932 2392 eiectisque
962 2307 1130 2391 transposi-

67 2415 199 2480 tionibus
223 2413 364 2491 infinitis,
386 2413 563 2476 lacunarum
591 2415 681 2488 uotis,
710 2415 950 2498 coniecturisque
972 2432 1040 2479 cum
1064 2431 1130 2495 quae

66 2518 129 2585 binc
151 2522 236 2585 natae
256 2520 333 2587 sunt
367 2522 433 2581 tum
461 2516 529 2582 aliis
566 2521 715 2601 praetereo
736 2520 895 2603 permultis
918 2519 1078 2585 inutilibus
1100 2518 1132 2583 et

65 2627 172 2708 partim
198 2623 343 2689 absurdis
351 2624 389 2702 2),
412 2625 535 2688 utamur
557 2624 677 2708 Peiperi
700 2627 732 2690 ot
752 2624 889 2691 Richteri
916 2624 1012 2709 copiis
1039 2626 1080 2700 et,
1102 2622 1129 2687 si

63 2731 132 2813 qnid
153 2732 194 2796 iis
224 2747 345 2813 quoque
375 2727 482 2804 adiuti,
517 2730 594 2812 quod
617 2729 739 2796 traditis
769 2733 823 2795 aut
843 2731 881 2795 ab
899 2730 973 2812 *aliis
995 2728 1128 2795 inventis

64 2837 170 2901 melius
196 2836 248 2907 sit„
272 2834 412 2899 effecisse
437 2832 523 2897 nobis
545 2833 692 2912 videmur,
717 2853 928 2918 proponamus.

159 2940 296 3006 llerouli
320 2939 395 3013 lun
419 2938 473 3000 27:
782 2997 785 3004 Δ

265 3047 336 3112 Non
359 3045 403 3109 sio
425 3044 553 3108 abibunt
574 3042 658 3119 odia;
684 3045 804 3110 vivaces
826 3046 898 3128 aget

266 3148 418 3213 violentus
439 3147 502 3212 iras
524 3149 643 3213 animus
666 3152 697 3214 et
722 3168 820 3215 saevus
844 3148 929 3213 dolor

268 3256 385 3319 aeterna
407 3251 487 3317 bolla
509 3272 583 3334 pecc
605 3255 727 3320 sublata
751 3255 846 3340 geret.

63 3432 266 3442 *ψ’-

90 3518 96 3545 ¹
102 3527 112 3582 o
134 3512 175 3569 Ut'
194 3515 275 3568 illins
293 3511 326 3566 de
346 3512 476 3577 numeris,
501 3528 567 3582 qnos
585 3512 728 3581 scriptores
747 3511 832 3566 secuti
853 3511 921 3571 sint,
941 3507 1039 3590 somnii
1057 3508 1132 3578 origo

132 3607 169 3663 ad
190 3606 394 3660 Lachmannnm
409 3603 501 3659 referri
520 3606 617 3672 potest,
636 3603 683 3672 qni
701 3603 730 3657 iu
748 3603 862 3657 iuvenili
880 3600 949 3656 libro
967 3598 1000 3653 de
1019 3598 1133 3655 choricis
1165 3669 1167 3673 y

133 3699 299 3769 tragicorum
337 3698 493 3769 systematis
517 3688 687 3766 'AEschylum
724 3696 814 3750 omnia
846 3695 988 3749 chororum
1018 3691 1135 3747 carmina

135 3774 289 3861 septenario
311 3806 438 3844 remnnm
454 3804 563 3844 numero
582 3788 741 3842 conclusisse
761 3787 914 3852 statuebat,
942 3786 981 3841 sio
999 3786 1055 3840 haeo
1074 3786 1132 3855 opi·

135 3885 183 3938 nio
209 3884 241 3937 de
265 3883 385 3937 codicum
412 3885 563 3937 nostrorum
591 3879 770 3950 discrepantia
797 3895 828 3933 ex
858 3879 965 3933 confuso
995 3878 1134 3947 scriptoris

137 3975 318 4046 chirographo
337 3977 397 4029 orta
414 3977 548 4029 auctorem
567 3972 759 4044 quodammodo
778 3971 899 4026 habeti).
914 3971 944 4026 0.
964 3970 1133 4034 Muellerum,

138 4068 186 4137 qui
206 4079 262 4122 eam
282 4067 311 4121 in
332 4067 459 4121 Varronis
477 4067 510 4121 de
530 4066 624 4135 lingna
641 4066 740 4120 Latina
758 4064 835 4118 libris
853 4063 975 4134 protulit.

98 4161 121 4227 ²)
143 4161 242 4214 Statim
262 4159 457 4215 Herc.i'ur.19
476 4160 587 4213 mirifice
605 4159 710 4228 Peiper‚
731 4157 837 4212 sublato
853 4175 878 4212 v.
896 4161 939 4223 20,
958 4173 1040 4226 quem
1059 4156 1133 4226 prins

140 4253 271 4321 compto,
300 4252 454 4306 coniectura
478 4252 604 4306 Senecam
631 4249 764 4304 dicentem
789 4248 854 4304 facit
881 4250 977 4304 Dircen
1004 4249 1135 4305 lunonem
1210 4277 1213 4282 ·

144 4360 279 4399 normcam
298 4361 366 4414 sape
385 4344 492 4408 fecisse,
521 4344 598 4414 qussi
615 4359 629 4396 e
650 4342 728 4398 Dirce
747 4342 850 4413 Iupiter
868 4342 966 4397 liberos
985 4358 1053 4412 sape
1073 4358 1135 4411 pro·

143 4451 240 4492 crusec
259 4437 392 4492 tradatur.
419 4437 476 4491 Hoc
494 4427 577 4493 unum
598 4451 644 4506 pro
662 4434 757 4489 multis
774 4435 821 4489 sit
