2626 5070
238 298 300 361 274
595 293 725 351 Item.
739 292 803 363 Cep.
810 293 863 349 111.

199 517 257 584 quo
292 497 425 581 pertinet
463 492 740 559 nihilominus?
792 491 875 557 Num
914 492 1067 559 deterrere
1100 494 1267 572 Caeserem,

199 625 266 688 quae
289 590 639 683 nondum'eognoverut
672 617 731 664 nou
754 601 906 681 poterent.
958 597 1128 666 Sententiae
1150 602 1197 666 sic
1218 619 1266 668 se·

198 708 341 791 pureudae
385 706 474 772 sunt:
511 703 696 769 reduetus
733 703 987 769 existimabor
1029 703 1148 772 bello
1176 727 1264 791 per·

196 814 329 879 iecto“.
373 811 427 878 Ab
459 810 509 874 iis
532 808 657 875 Cesar
687 809 766 873 lraeo
788 809 848 872 cet.
889 808 999 891 [Recte
1031 812 1172 893 quedam
1197 812 1261 878 edd.

198 916 410 1000 vetustiores]
634 947 638 951 ·

296 1023 441 1088 lbd.19:
487 1024 525 1087 et
547 1022 1036 1106 4orebro...pronuntieret,
1066 1023 1259 1090 liceretne

198 1130 351 1195 civibus
388 1127 435 1192 ud
467 1126 572 1192 civ-es
603 1127 647 1192 de
677 1147 767 1210 pace
799 1129 869 1193 duo
900 1126 1053 1210 legatos
1092 1129 1262 1213 mittere.

198 1236 314 1301 Delent.
330 1234 413 1308 duo,
447 1221 526 1316 puod
549 1251 622 1297 sene
644 1232 838 1316 perineptum
871 1234 935 1307 est;
965 1233 1019 1299 sed
1042 1235 1162 1315 aptum,
1185 1234 1262 1318 quod
1300 1301 1302 1305 ,

200 1324 295 1414 latet,
332 1341 373 1404 de
405 1357 501 1423 poce
534 1347 614 1401 rute
646 1337 799 1421 legatos
838 1338 1006 1404 mittere.
1056 1338 1167 1415 (Paulo
1196 1342 1263 1423 post

203 1449 327 1530 recepte
340 1444 521 1541 ldlberlingii
542 1443 755 1509 emendatione
776 1443 968 1509 retinendum
990 1446 1057 1509 eret
1079 1463 1150 1510 unc
1172 1463 1189 1509 e
1212 1465 1262 1512 co·

202 1552 336 1617 dinibus:
359 1552 475 1634 etque
493 1551 765 1642 unanisurum,
787 1550 1109 1632 quemadmodum.
1143 1551 1262 1617 Deinde

155 1735 159 1742 ⁴
199 1657 355 1742 egregiam
379 1657 587 1743 Oudendorpii
609 1655 832 1720 coniecturam:
855 1656 917 1720 sed
939 1655 1081 1733 (debebat
1102 1656 1195 1722 eddi:
1216 1659 1262 1735 is)

195 1761 541 1829 omisseoretione
562 1760 607 1848 de
641 1779 733 1843 puce
770 1761 953 1827 altercari
985 1779 1066 1825 cum
1099 1758 1263 1828 Vatinio

144 1911 146 1914 -
195 1869 340 1949 incipit
380 1867 549 1932 clarissime
594 1865 778 1932 confirment
814 1866 956 1932 codicum
1005 1867 1140 1951 vestigie'
1182 1868 1261 1953 apud

197 1972 394 2039 Duebnerum
426 1970 564 2037 indicate
585 1972 885 2055 interpolationisque
917 1971 1087 2037 feditatem
1110 1975 1261 2057 aperiunt.

197 2076 235 2141 Id
266 2077 369 2160 ipsum
402 2078 520 2152 Cesar,
557 2078 693 2143 Labieno
730 2077 893 2155 inimicus,
926 2076 1139 2161 reprehendit,
1182 2079 1263 2162 qnod

196 2184 313 2250 emisse
335 2203 372 2250 ee
392 2191 447 2262 re‚''
468 2183 554 2249 cuiue
577 2201 669 2248 ceusu
691 2181 876 2264 colloquium
897 2184 1029 2265 petitum
1052 2187 1145 2262 esset,
1167 2185 1263 2250 inuti·

194 2289 265 2356 liter
297 2289 452 2382 ‘altercari
491 2289 624 2373 eruperit.
680 2287 830 2370 Equidem
867 2274 937 2353 cum
977 2289 1041 2354 solo
1080 2285 1262 2372 Nipperdeii

198 2397 337 2481 exemplo
359 2397 470 2475 uterer,
492 2395 633 2460 omnibus
655 2394 768 2460 litteris
789 2399 926 2476 (excepto
950 2393 994 2470 is)
1010 2394 1140 2460 eandem
1157 2414 1262 2461 ernen-

198 2499 355 2566 dutiouem
378 2503 457 2582 ieci.)
504 2501 618 2585 [Tuto
638 2503 700 2565 iam
722 2501 849 2586 Dionys.
873 2498 1028 2584 Vossius]

297 2606 365 2673 lod.
390 2607 445 2672 25:
471 2608 543 2671 .Ac
580 2605 775 2672 nonnulle
800 2607 881 2671 eius
909 2605 963 2669 rei
990 2609 1261 2688 praetermiesae

194 2712 423 2778 occasiones
446 2711 587 2777 Caeseri
613 2710 865 2786 videbuntur,
900 2711 995 2795 quod
1017 2711 1126 2777 certe
1159 2727 1259 2795 saepe

195 2817 272 2884 fler
284 2821 396 2883 erent
412 2817 529 2894 venti,
545 2817 684 2900 quibus
700 2817 924 2882 necessario
940 2817 1261 2883 committendum

196 2922 456 2990 existimabat.
511 2920 591 3002 Quid
614 2922 665 2987 hic
688 2911 754 3006 egit
777 2924 907 2986 certe?
937 2924 970 2988 et
986 2921 1082 3006 'quem
1103 2923 1260 2989 infinitum

192 3026 391 3094 fleverunt
424 3027 545 3106 venti,
571 3030 615 3093 et
643 3029 775 3094 ventis
804 3028 1129 3095 committendum
1156 3030 1261 3095 esse?

193 3136 286 3200 Latet
321 3149 425 3200 verum
455 3152 515 3200 uon
538 3133 637 3215 valde,
658 3135 848 3201 involutum:
883 3134 978 3218 quod
1011 3134 1130 3199 ceroti
1163 3151 1260 3218 saepe

191 3241 392 3308 fleverant
406 3241 531 3305 uenti.
576 3241 685 3319 (Paulo
708 3242 780 3324 pest
799 3235 1178 3324 ebemuvit'Nipperdeius,
1199 3258 1260 3305 non

194 3347 356 3413 attendens
390 3346 522 3414 leniores
554 3347 663 3414 ventos
696 3346 922 3413 incommodos·
942 3345 1038 3413 fuisse
1058 3345 1260 3427 nemausum,

195 3453 451 3520 remunetione
487 3455 519 3519 et
551 3452 643 3518 celeri
664 3452 863 3537 nedgetione
885 3452 1105 3534 Pompeianam
1127 3453 1260 3518 classem

200 3558 377 3634 vitentibus,
399 3560 436 3624 ut
456 3561 616 3644 apparete
638 3576 704 3641 cup.
727 3558 789 3636 26.)
1086 3636 1101 3654 s

293 3664 360 3730 Ibd.
383 3663 425 3730 30
446 3666 554 3731 sorio:
590 3665 683 3732 Nem
706 3664 985 3748 praetervectus
1006 3661 1262 3746 Apolloniam
1292 3690 1308 3704 ’

159 3761 164 3766 ’
194 3770 694 3854 Dyrrhachiumqueueves
726 3758 904 3836 viderent
924 3770 1016 3852 ipsi,
1046 3779 1079 3833 et
1099 3769 1176 3836 iter
1202 3789 1263 3835 se·

195 3874 360 3941 cundum
382 3894 448 3942 eus
470 3878 579 3943 terre
602 3876 833 3943 direxerant.
881 3876 933 3956 (V.
962 3874 1162 3953 viderent,
1184 3875 1263 3959 ipsi

193 3979 269 4045 iter
291 3983 365 4063 oet.)
487 4007 489 4012 ·

294 4086 362 4152 lbd.
396 4086 453 4152 36:
487 4107 571 4156 uem
608 4088 840 4173 plerumque
875 4087 913 4152 in
945 4087 1130 4152 novitate
1163 4086 1262 4153 ieme
