2656 5056
450 646 592 704 Ciceronis
611 648 757 704 orationes.
927 640 930 643 ⁷
1038 647 1097 710 151

10 914 12 921 A
166 844 245 910 lbid.
275 845 332 910 38:
364 844 445 910 Iam
476 844 587 922 cedo,
621 863 704 910 cum
738 845 789 923 is,
824 846 890 928 qui
928 844 1138 928 pecuniam

5 1027 11 1030 ⁴
62 948 256 1015 Postumo
278 951 435 1028 debuit,
457 970 532 1017 nou
554 950 662 1027 huic,
684 951 751 1015 sed
774 951 951 1017 Gabinio
973 951 1136 1032 dederit,

1 1103 3 1112 2
62 1056 331 1122 condemnato
354 1057 526 1123 Gabinio
548 1058 682 1121 utrum
702 1055 780 1121 illa
801 1075 874 1140 quo
899 1075 943 1122 aa
964 1058 1138 1139 pocuuia

62 1162 121 1229 sit
153 1180 200 1226 au
233 1181 334 1228 nouo
366 1163 411 1227 do
443 1165 510 1228 oa?
563 1163 609 1227 Ex
630 1162 742 1228 litteris
765 1155 799 1226 ot
819 1161 895 1228 alibi
917 1180 1002 1244 sape
1025 1165 1058 1227 iu
1080 1162 1138 1227 hac

60 1267 204 1333 oratione
229 1269 340 1333 misero
363 1269 519 1334 distractis
542 1286 598 1332 neo
619 1273 722 1333 omen
746 1267 809 1332 ulla
823 1269 890 1333 arto
906 1269 1038 1334 mutatis
1056 1267 1136 1334 ellici

62 1372 205 1439 videtur:
221 1373 298 1438 Iam
314 1374 410 1440 codo
426 1397 516 1438 ....:
539 1378 671 1447 utrum
686 1373 736 1440 illi
751 1374 953 1459 acquirenda
967 1375 1136 1458 pecunia

61 1481 97 1544 st
118 1496 163 1543 au
179 1478 254 1545 boio
268 1479 457 1547 reddenda?
481 1479 588 1546 Potius
604 1480 728 1546 Rabirio
745 1481 917 1562 pecuniam,
933 1499 1025 1563 quam
1041 1499 1093 1545 ror
1108 1480 1135 1544 oi

63 1584 215 1662 debuerit,
232 1584 418 1651 reddendam
434 1606 500 1652 esse
516 1585 592 1650 dicit
608 1605 701 1669 quom
717 1585 846 1652 Gabinio
862 1605 971 1652 nouam
995 1587 1033 1650 ad
1056 1604 1134 1662 eam,

60 1709 159 1772 qoam
180 1690 242 1754 iam
265 1693 425 1774 acceperit,
447 1691 675 1776 adiungendam
692 1698 778 1768 (uam
793 1693 825 1757 id
841 1695 889 1758 ost
910 1693 1133 1775 acquirere).

167 1807 1133 1892 ibiddO:Atpermutataaliquaudopocuniaost;

62 1913 273 1980 subduotae
294 1912 395 1989 (codd.
419 1913 559 1993 duotae)
590 1934 710 1981 naves
740 1914 923 1981 Postumi
951 1912 1133 1979 Puteolis

62 2027 173 2096 suut,
197 2019 338 2085 auditae
360 2018 535 2102 visaque
557 2041 717 2087 meroes.
761 2020 948 2086 Fallaces
974 2018 1133 2102 quidem

61 2128 105 2190 ot
126 2125 272 2190 fucosae
293 2124 450 2191 chartis
473 2127 672 2192 etlintois
689 2127 851 2193 otvitro
867 2126 1028 2202 dolates,
1044 2124 1132 2208 qai·

63 2232 242 2295 boscum
263 2231 397 2296 multae
420 2248 540 2298 naves
562 2235 723 2299 referteo
745 2233 942 2308 luissent,
964 2250 1039 2296 una
1060 2248 1132 2295 nou

61 2337 240 2420 potuerit
262 2355 391 2419 parva.
429 2339 594 2404 Rumorcm
610 2339 778 2417 hominurn,
797 2341 848 2423 qui
864 2338 1024 2404 Rabirium
1039 2357 1132 2420 pecu·

63 2442 149 2507 nbm
168 2441 285 2526 regiam
306 2443 510 2524 permutando
532 2446 575 2510 ita
597 2445 749 2528 accepisse
769 2446 944 2521 sanabant,
966 2448 1001 2510 ut
1022 2463 1076 2527 pro
1097 2463 1133 2507 ea

62 2549 216 2631 pretiosas
235 2567 352 2613 merces
368 2547 588 2618 Alexandrinas
605 2550 634 2616 ei
651 2551 793 2616 Puteolos
814 2571 907 2616 naves
928 2550 1132 2626 advexissent,

59 2653 170 2719 Cicero
193 2655 236 2718 sio
266 2653 377 2733 elevat,
408 2660 443 2719 ut
463 2675 582 2720 meroes
604 2657 728 2739 quidam
750 2657 875 2721 Rabirio
900 2657 1020 2722 venisse
1042 2655 1133 2720 conti·

61 2762 178 2836 toatur,
191 2759 245 2825 sed
260 2763 345 2842 parvi
361 2766 416 2826 aut
430 2762 546 2827 nullius
562 2762 662 2844 pretii,
678 2762 716 2825 ad
732 2759 864 2841 speciem
877 2760 985 2844 exiguo
1000 2761 1132 2844 quodam

61 2885 192 2931 uumero
229 2885 330 2931 rerum
367 2869 579 2949 pretiosarum,
623 2867 807 2942 obortarum,
845 2866 1021 2946 linteorum,
1060 2869 1132 2932 vitri

60 2972 208 3038 adiuncto
231 2974 265 3036 et
285 2973 539 3055 superimposito;
562 2972 669 3056 itaquo
692 2992 763 3037 oum
785 2970 891 3037 multa
913 2990 1006 3037 naves
1026 2971 1133 3036 buius·

60 3077 148 3143 modi
177 3076 318 3142 lutilibus
346 3079 436 3143 rebus
466 3080 584 3144 relertae
613 3079 753 3157 luissent,
785 3083 927 3163 exiguam
956 3097 992 3142 ex
1018 3078 1057 3142 iia
1079 3096 1132 3161 pe-

60 3175 188 3249 cuniam
224 3185 364 3249 effectam
401 3203 477 3249 esse.
540 3184 626 3250 Hauc
658 3184 848 3250 sententiam
883 3183 996 3267 quibus
1032 3182 1133 3247 verbis

59 3290 336 3372 comprehenderit,
366 3309 402 3355 ex
429 3291 567 3355 obscuris
598 3291 738 3356 codicum
769 3291 910 3376 vestigiis
932 3292 1034 3354 tamen
1057 3290 1133 3354 satis

60 3395 264 3479 probabiliter
299 3395 435 3460 eruitur:
472 3395 656 3462 Fallaces
700 3396 859 3481 quidem
896 3399 934 3461 el
969 3395 1131 3473 sucosa,

57 3500 221 3567 chartis
253 3509 292 3567 ot
325 3500 470 3566 liuteis
505 3507 544 3567 et
577 3505 683 3568 vitro
711 3502 838 3581 volatu,
872 3503 1027 3587 quibus
1048 3520 1132 3566 cum

60 3606 199 3672 multa
231 3624 351 3673 nares
386 3607 547 3673 rolertae
580 3608 776 3686 luissent,
810 3627 886 3673 uua
917 3625 998 3692 opus
1030 3607 1133 3673 luerit

60 3729 185 3796 parva
205 3728 285 3778 arou
307 3713 459 3796 (sequitur
486 3714 692 3796 cataplus3
721 3715 838 3780 codices
867 3714 981 3779 babent
1010 3729 1132 3795 parva
1175 3725 1176 3728 ’

56 3819 198 3884 artata
230 3820 343 3901 plus).
396 3819 497 3885 Unam
530 3837 660 3903 eamque
688 3839 814 3902 parvam
845 3838 947 3886 arcam
976 3817 1132 3883 suffecisse

59 3924 140 3991 dicit
171 3924 336 3990 condendae
368 3924 397 3989 ei
430 3926 577 4007 pecuniae,
613 3945 681 4009 quae
710 3944 746 3991 ox
776 3926 884 3991 multis
914 3924 979 3989 illis
1002 3923 1132 3989 naribus

60 4030 245 4095 efficeretur.
294 4030 481 4096 liallaoos
503 4031 663 4113 quidem
686 4035 745 4097 oct.
770 4032 882 4097 dicitur
905 4032 975 4096 uoto
997 4028 1055 4093 illo
1073 4047 1132 4093 usu

57 4137 221 4220 particulae
244 4135 420 4219 quidem,
450 4156 511 4220 quo
538 4139 694 4203 concessio
723 4137 919 4221 coniungitur
940 4155 1011 4202 cum
1032 4134 1130 4201 eleua-

58 4243 147 4308 tiouo
170 4246 202 4306 et
223 4241 416 4321 remotione,
439 4244 477 4308 de
499 4261 558 4327 quo
582 4260 640 4306 usu
662 4243 723 4311 diri
748 4245 788 4310 ad
804 4244 865 4311 Cic.
883 4243 921 4308 de
936 4243 1023 4307 lina.
1038 4243 1064 4322 Ι,
1080 4241 1129 4306 35.

55 4348 230 4426 (Volatae
251 4350 313 4413 iam
335 4348 406 4414 aliis
427 4350 459 4413 in
481 4348 617 4413 monum
639 4352 790 4426 venerat.)

163 4454 239 4520 lbid.
266 4454 321 4518 41:
355 4455 435 4520 nisi
464 4455 497 4520 C.
526 4453 698 4520 Caesaris
729 4473 880 4520 summa
911 4457 949 4520 in
981 4474 1130 4535 omues,
