2654 5010
244 313 305 378 m
605 301 872 371 muQm

203 506 367 577 necessarii
400 502 626 588 propinquique
659 499 886 583 intelligantur.
937 499 1094 582 Exempla
1126 495 1218 562 Taciti
1240 499 1264 560 41

205 613 347 681 Suetonii
369 613 401 677 in
423 609 529 675 lexicis
554 608 761 690 reperientur;
785 606 933 670 inferiore
957 609 1056 670 aetate
1072 605 1177 670 eodem
1191 602 1266 669 modo

206 723 406 789 caritates
428 715 619 789 dicebantur,
641 712 695 796 qui
717 731 790 777 usus
814 711 896 795 apud
914 712 1124 776 ammianum
1145 709 1269 791 trequcrs
1314 757 1316 766 r

207 829 264 894 est.
299 824 365 906 [Sic
385 824 448 888 iam
473 820 675 898 Perizonius]

310 965 388 1031 lbid.
410 964 467 1027 43:
498 961 675 1026 Donavit
702 964 817 1042 peter
846 961 942 1025 1444
970 960 1121 1035 murra,
1142 958 1272 1039 etipse

209 1072 383 1140 donasti.
417 1068 599 1133 Cesserit
620 1086 755 1149 parum
778 1067 921 1149 gratus
945 1072 1006 1130 oet.
1044 1065 1139 1129 Varie
1154 1066 1271 1128 ertrerm

208 1182 386 1254 tentantur;
410 1172 690 1240 verisimillimum
714 1171 790 1236 mibi
814 1170 954 1236 videtur:
983 1171 1172 1236 Dceesserit
1192 1175 1271 1244 (mor-

210 1288 281 1351 tuus
304 1284 347 1347 sit
367 1281 493 1364 aliquis)
516 1298 649 1363 parum
673 1281 813 1362 gratus
836 1277 929 1352 (nihil
951 1282 1144 1342 testamento
1158 1272 1272 1356 principi

209 1393 408 1475 relinquens).

311 1531 390 1596 lbid.
413 1531 453 1592 44
476 1527 528 1605 (de
556 1528 698 1603 Traiano,
727 1527 892 1607 antequam
920 1522 1069 1607 princeps
1099 1521 1196 1597 fieret
1222 1520 1273 1584 lto

211 1637 333 1704 mitiaui
355 1639 494 1717 tempora
509 1639 660 1716 exportet:
679 1631 919 1703 Meministi,
944 1649 1031 1712 quae
1054 1633 1197 1711 optare
1218 1646 1272 1691 uo·

210 1746 383 1817 hiscum,
415 1760 496 1823 qnae
533 1741 589 1805 sis
622 1738 737 1822 queri
774 1736 935 1803 solitus.
989 1735 1090 1802 Nam
1127 1737 1274 1818 privato

210 1851 365 1916 iudicio
409 1847 633 1931 principem
676 1844 801 1928 geris,
844 1840 1059 1908 meliorem
1097 1844 1213 1908 inimo
1244 1845 1272 1904 14

211 1954 398 2036 prestes,
421 1971 535 2034 qnam
556 1951 635 2017 tibi
656 1952 778 2016 alium
802 1948 1033 2032 precabare.
1069 1949 1199 2015 Nullam
1219 1965 1273 2012 4444

212 2077 312 2126 causae
336 2058 594 2142 significationem
609 2057 705 2123 sensit
721 2055 877 2121 Livineius
892 2055 1107 2139 substituique
1125 2074 1182 2138 pro
1203 2074 1270 2120 nau

213 2153 439 2229 voluit'nuno.
487 2164 528 2229 Et
549 2163 671 2229 facilius
693 2165 725 2228 et
745 2163 847 2244 aptius
868 2159 1078 2227 substituitur
1099 2163 1176 2240 iam,
1204 2160 1271 2244 quod

213 2272 245 2333 et
264 2271 425 2352 praesentis
446 2271 594 2353 temporis
616 2275 647 2335 et
668 2262 847 2336 mutationis
869 2266 1135 2351 significationem
1158 2270 1251 2334 babet

313 2409 392 2475 lbid.
425 2411 465 2474 48
495 2412 547 2488 (de
579 2413 723 2477 comitate
755 2410 878 2475 Traiani
912 2427 986 2492 erga
1019 2415 1183 2475 senatores
1213 2427 1272 2474 eun

213 2514 415 2594 441414414414
452 2519 595 2602 Itaque
627 2537 699 2584 nou
731 2516 805 2582 4111
838 2520 877 2581 41
908 2516 1090 2581 attoniti
1132 2534 1201 2581 uec
1238 2518 1272 2577 41

211 2622 438 2705 periculum
460 2624 611 2706 capitis
632 2624 788 2690 adituri
810 2622 1034 2697 tarditate,
1058 2623 1129 2687 sed
1153 2621 1271 2686 securi

210 2731 250 2793 et
282 2728 450 2806 hilares,
489 2749 572 2796 oum
609 2731 850 2797 commodum
889 2729 967 2805 est,
1006 2729 1270 2794 convenimus

211 2833 396 2901 Meudosum
418 2855 486 2901 esse
509 2837 582 2901 alii
610 2839 687 2902 satis
706 2840 753 2900 est
779 2835 995 2911 manifestum
1018 2834 1270 2900 aliorum-correo·

210 2938 310 3005 tiones
332 2940 452 3024 longius
474 2943 626 3022 aberrant
653 2942 751 3007 Keilii
773 2941 951 3024 (pallidi)
974 2943 1167 3007 seutentiam
1189 2939 1270 3006 efficit

210 3049 324 3111 rectam
356 3051 388 3111 et
419 3049 632 3129 necessariam,
668 3050 842 3115 litterarum
879 3047 1024 3131 vestigiis
1062 3067 1122 3114 uon
1160 3046 1270 3113 insistit

210 3150 280 3217 Una
301 3153 405 3218 littera
428 3155 578 3221 mutanda
599 3159 656 3233 est,
686 3157 722 3221 ut
749 3154 820 3220 liat:
855 3154 999 3237 ltaque
1034 3173 1110 3220 nou
1145 3153 1212 3221 albi
1239 3159 1268 3215 et

196 3240 383 3343 'attoniti
417 3263 475 3326 441.
537 3263 679 3328 Album
713 3281 794 3333 eum.
827 3261 879 3344 qui
913 3278 1027 3341 pavore
1064 3261 1191 3343 palleat,
1220 3257 1268 3322 dici

208 3366 393 3431 testimoniis
416 3367 516 3433 Persii
538 3372 571 3433 et
592 3367 747 3434 Martialis
770 3366 868 3432 loric-a
889 3367 1069 3431 ostendunt.

308 3485 387 3550 lbid.
418 3486 475 3550 53:
515 3485 651 3570 Neque
687 3485 791 3550 enim
828 3485 933 3550 satis
971 3487 1124 3550 amarit
1162 3487 1268 3549 44444

207 3589 434 3671 principes,
458 3594 523 3675 qui
556 3594 683 3657 malos
716 3593 818 3657 satie
853 3609 926 3655 nou
956 3590 1109 3657 oderit
1165 3591 1270 3656 Plinius

207 3694 390 3778 scripserat:
415 3698 483 3781 qui
504 3697 630 3764 malos
652 3718 724 3764 nou
750 3696 900 3772 oderit;
924 3698 1109 3764 adverbium
1126 3718 1195 3765 cum
1210 3715 1267 3761 sen·

206 3801 313 3867 teutiae
335 3808 367 3868 et
388 3805 538 3869 acuminis
556 3803 742 3870 detrimento
758 3822 794 3869 ax
808 3803 908 3885 priore
924 3805 1066 3870 membro
1083 3804 1264 3872 bucilletum

205 3908 262 3970 est.
308 3908 355 3971 Ad
376 3910 522 3975 virtutem
545 3911 621 3977 44114
644 3912 677 3975 41
699 3929 768 3975 vere
785 3911 947 3974 amandam
965 3928 1095 3978 necesse
1111 3916 1160 3978 est
1173 3910 1267 3976 vitium
1316 3965 1319 3976 .

205 4009 317 4090 odisse,
354 4034 414 4080 uon
447 4018 523 4081 satis
555 4016 664 4093 odisse,
699 4016 781 4098 quod
814 4014 944 4080 ridicule
978 4015 1105 4096 dicitur,
1139 4017 1265 4102 quonian

204 4114 295 4182 huius
318 4119 379 4185 odii
403 4121 488 4186 nulla
511 4140 655 4188 mensura
677 4121 813 4206 intelligi
836 4123 949 4204 potest.
