2626 5070
451 669 562 728 Cereris
579 660 658 727 nen:
668 671 727 729 (tir.
1018 671 1079 733 275

64 872 265 938 antecedit.
333 869 498 935 Manifesto
535 868 724 962 significatur
756 868 871 935 temam
907 889 941 935 rs
974 871 1122 937 maiorem

58 998 131 1044 esse.
175 975 384 1059 scribendum
407 975 528 1040 ridetur
548 974 648 1050 lame
670 974 910 1059 antecellia.¹)

1 1081 2 1084 ’
149 1083 220 1149 lbd.
254 1081 314 1144 44:
357 1082 483 1164 Atque
525 1081 566 1145 nt
597 1080 721 1144 nostri
753 1082 957 1163 perpetuas
995 1084 1123 1148 mnni-

60 1192 180 1255 tioues
206 1184 624 1273 ridebant-perductus
657 1203 698 1249 er
727 1187 908 1252 castellis
929 1188 966 1252 in
988 1190 1122 1271 proxi·

59 1315 110 1362 na
131 1293 326 1367 castelle,
358 1310 403 1356 ne
427 1309 499 1375 qno
522 1292 608 1354 loco
631 1295 875 1373 erumperent
897 1292 1122 1376 Pompeiani

56 1420 95 1465 ac
115 1384 274 1466 nostres
297 1400 387 1482 post
407 1399 565 1480 tergum
588 1395 862 1470 adorirentur,
893 1396 1119 1482 [timebant]

56 1508 108 1571 ite
140 1505 211 1570 illi
245 1504 432 1595 interiore
466 1501 599 1586 spatio
630 1488 837 1584 perpetues
872 1504 1121 1597 munitiones

57 1611 312 1679 efficiebant,
350 1627 393 1672 ne
430 1627 541 1691 quem
574 1608 698 1672 locum
728 1608 850 1672 nostri
876 1609 1028 1674 intrare

57 1718 226 1798 possent.
256 1791 258 1795 k
281 1713 371 1793 Quod
391 1714 544 1779 inclusum
573 1716 621 1779 est
641 1712 789 1791 verbum,
827 1713 963 1779 Faernus
984 1713 1122 1789 sustulit,

56 1821 195 1886 additum
217 1818 361 1901 (atride
383 1818 564 1896 licentiam),
586 1837 666 1892 cnm,
696 1837 741 1883 ne
775 1819 853 1884 unde
884 1818 1041 1901 penderet,
1062 1836 1122 1883 nou

56 1925 374 1992 animadverteretur..
422 1923 482 1987 Sed
523 1926 697 2005 corruptum
734 1942 801 1989 esse
843 1917 1028 1990 vide-bant
1066 1941 1122 1988 nec
1159 1990 1163 1996 ,

58 2031 245 2098 mutantium
287 2032 448 2104 constare,
494 2028 694 2095 manifestum
737 2031 785 2094 est
815 2029 1071 2111 >intellectumque
1104 2047 1122 2093 a

59 2139 178 2213 multis3
223 2135 405 2219 corrigendo
449 2134 592 2199 aberrant
630 2137 678 2212 (ut
714 2135 806 2218 longe
838 2134 990 2212 Rectius,
1029 2152 1121 2217 quern

1 2233 2 2236 '
60 2240 235 2307 Duabuerus
257 2243 382 2306 secutus
407 2243 478 2318 est).
512 2277 513 2280 =
538 2238 625 2304 Nihil
644 2241 758 2321 praeter
778 2239 854 2304 illud
876 2257 977 2303 unum
994 2240 1121 2306 verbum

1 2392 2 2420 ,
61 2347 256 2413 mutandum:
294 2330 421 2428 Atque
444 2347 484 2410 ut
505 2345 635 2411 nostri
658 2343 1121 2428 perpetuas-munitiones

1 2450 2 2484 r
63 2451 234 2515 retebant
266 2451 472 2533 perductas
512 2499 578 2527 ...,
614 2468 660 2513 ne
698 2497 763 2524 ...,
792 2452 850 2516 ita
884 2452 942 2517 cet.
1005 2451 1121 2517 Eodem

2 2545 3 2560 ¹
64 2553 154 2642 capite
186 2557 281 2639 paulo
309 2557 381 2639 post
407 2556 551 2622 scribitur
578 2555 636 2620 sic:
680 2555 767 2645 Quae
794 2574 874 2644 cnm
896 2554 1020 2620 'erent
1040 2556 1121 2625 loce

65 2660 198 2728 Caeseri
220 2661 424 2744 capienda,
459 2663 534 2728 etsi
564 2661 774 2744 prohibere
798 2661 1003 2742 Pompeius
1024 2663 1120 2728 totis

65 2769 177 2852 copiis
310 2786 382 2832 uon
415 2767 701 2839 constitueret,
737 2769 867 2831 tamen
902 2767 985 2830 suis
1021 2766 1121 2832 locis

66 2873 292 2956 sagittarios
336 2871 638 2956 funditoresque
681 2871 875 2947 mittebat,
918 2872 977 2936 cet.
1035 2871 1121 2953 Quae

67 2996 115 3044 nou
140 2979 248 3055 habet,
280 2997 339 3062 quo
371 2978 534 3052 reseratum
574 2977 644 3058 (hec
672 2976 783 3041 vitium
817 2974 914 3041 sensit
946 2975 1121 3060 ueroeam)

2 3127 4 3134 ,
67 3099 138 3149 eum
178 3086 294 3149 eraut
333 3103 392 3150 uon
435 3085 519 3149 recte
559 3083 672 3148 dicitur
714 3087 800 3162 (nam
840 3081 868 3147 ai
898 3100 980 3163 qnae
1013 3083 1123 3149 scribi·

68 3188 116 3268 tur,
137 3190 273 3256 causalis
302 3189 485 3275 significatio
509 3191 583 3268 est).
635 3187 854 3261 Scribendum:
888 3182 1124 3275 Quocunque

9 3361 12 3366 ,
69 3298 170 3362 arant
202 3295 287 3363 loca
319 3296 458 3378 Oaeqsari
490 3293 771 3378 capieudecet.
828 3291 943 3357 Eodem
973 3283 1123 3360 modo'id

9 3395 10 3398 ’
68 3417 225 3480 pronomen
262 3402 337 3467 alibi
368 3402 568 3485 depravatum
600 3418 668 3466 esse
696 3402 728 3465 et
748 3417 767 3464 a
788 3416 840 3464 me
864 3401 1034 3465 correctum
1056 3420 1123 3486 rne-

68 3507 142 3583 nini,
164 3519 230 3573 uso'
245 3509 350 3573 lumen
372 3525 453 3572 nnnc
473 3507 575 3573 locum
597 3507 723 3592 reperio.
768 3504 838 3590 [Sic
858 3504 917 3569 Th.
937 3505 1121 3590 Bentleius.]

158 3611 226 3678 lbd.
255 3612 313 3677 48:
342 3613 426 3679 ‚Est
453 3613 569 3678 etiam
602 3630 726 3697 genus
750 3611 895 3677 radicis
925 3611 1123 3677 inventum

68 3714 113 3814 ab¹
135 3719 295 3801 iis,'qul
322 3718 481 3782 fuerant
514 3717 730 3796 rnlerihus,
767 3715 864 3800 qnod
901 3717 1126 3800 appellatur

73 3940 260 3954 h*-

96 4096 116 4163 ι)
132 4094 399 4167 (lup.40rectiasirne
413 4095 605 4168 Nipperdsius:
623 4093 710 4150 mols
728 4093 826 4149 tenui
844 4095 1005 4148 naturali
1023 4096 1125 4162 (minus
1240 4057 1241 4061 Ἰ

133 4189 203 4242 reete
221 4187 453 4256 naturaliter)
479 4188 630 4254 obiecta,
652 4186 702 4255 eui
719 4186 766 4256 qui
784 4185 884 4242 obiecit
910 4188 1047 4240 tenuem
1067 4204 1142 4243 mo·.

136 4277 188 4333 lem
204 4295 253 4350 pro
269 4287 420 4351 angusta
437 4297 491 4337 nou
508 4281 571 4347 dici,
600 4296 652 4334 non
672 4277 780 4332 ridetur
799 4278 971 4333 tellurem
988 4283 1126 4338 tenuem

138 4369 245 4440 (ond),
287 4371 437 4430 frontem
473 4363 612 4429 tenuem
648 4371 754 4441 (Hor),
799 4371 949 4431 limitem
991 4376 1126 4436 tenuem

1 4531 2 4538 ,
142 4461 275 4535 (Quintil)
294 4468 429 4524 similiare
446 4467 612 4537 cognovisse.
684 4484 686 4492 ἱ

882 4557 926 4611 18⁶
