2654 5010
261 306 323 368 w
625 304 881 376 mame

321 502 399 569 lbid.
413 503 467 576 IV,
482 507 536 565 tri:
559 502 790 586 Statimque
806 502 940 580 (Brinno
958 504 1022 568 dux
1035 502 1265 577 Canninefatium)
1312 536 1316 550 ·

222 611 373 677 accitis
401 610 549 674 Frisiis
571 611 886 684 (transrhenana
908 628 1012 694 gens
1035 614 1111 685 est)
1132 609 1268 674 duarum

222 716 449 782 cohortium
486 714 657 781 hiberna
693 717 871 798 proxima
907 723 1112 799 occupata
1142 716 1269 783 Oceano

221 825 426 904 irrumpit.
476 823 604 887 Frustra
636 820 770 886 editores
799 822 916 905 aliique
946 822 1091 888 homines
1120 825 1198 889 docti
1215 841 1271 888 esr-

223 930 349 995 iectnris
372 927 465 993 etiam
489 928 566 993 satis
587 927 734 992 violentis
758 929 949 993 sententiam
964 930 1161 995 tolerabilem
1176 934 1272 995 retento

223 1039 418 1116 occupato
446 1039 501 1099 aut
524 1033 584 1098 alia
606 1034 673 1098 eius
695 1035 780 1100 verbi
801 1035 905 1100 efficta
927 1037 1031 1100 forma
1053 1037 1173 1101 efficere
1192 1039 1272 1101 eonati
1324 1108 1327 1126 ⁴

222 1143 303 1217 snut,
325 1139 386 1203 nisi
407 1140 457 1203 cni
479 1140 558 1204 forte
580 1139 691 1222 placet,
713 1140 793 1223 quod
815 1160 833 1206 a
854 1141 1115 1207 Weissenbornio
1136 1147 1272 1223 sumptum

222 1247 366 1310 Halmius
381 1245 489 1321 edidit
504 1245 675 1312 hiberus
695 1249 864 1328 proxima
885 1253 1133 1330 occupatum
1148 1249 1273 1314 Oceano

222 1352 430 1433 irrumpit,
452 1351 517 1417 sire
539 1355 717 1434 proxima
740 1351 894 1419 Oceano
917 1353 1067 1438 coniungi
1092 1353 1273 1436 voluitpror·

221 1478 274 1523 sus
294 1457 422 1522 mirifice
444 1459 626 1540 interposito
655 1459 772 1540 supino,
804 1458 869 1523 sire
904 1458 1067 1526 Oceano
1100 1461 1272 1542 irrumpit

221 1571 456 1647 occupatum
490 1565 676 1642 hiberna,
705 1564 776 1630 licto
807 1565 973 1631 Brinnonis
1005 1570 1039 1632 et
1060 1568 1271 1632 nansrhenene

221 1673 322 1755 gentis
349 1690 403 1754 per
429 1672 585 1737 Oceanum
616 1673 758 1749 adventu,
788 1675 822 1735 ul
850 1673 944 1737 simul
974 1692 1031 1755 pro
1063 1692 1110 1748 eo,
1140 1673 1216 1756 qnod
1235 1680 1272 1737 eet

219 1777 443 1862 irrumpere
466 1779 651 1851 hiberna.
673 1780 792 1844 dicatur
812 1781 1041 1863 irrumpere
1065 1783 1272 1862 occupatum

220 1884 405 1961 hiberna,
435 1904 620 1969 quamquam
645 1885 771 1951 hiberna
795 1887 900 1951 Latine
914 1885 1100 1968 capiuntur,
1123 1906 1180 1950 non
1199 1905 1272 1951 ocen-
1325 1893 1327 1904 “

218 1996 330 2072 pantur
352 1991 411 2054 nisi
430 2010 448 2055 a
463 1991 727 2073 prevenientibus.
738 1993 771 2069 *)
807 1992 939 2058 Omnino
956 1993 1048 2058 nulla
1064 1993 1116 2058 hio
1133 1993 1272 2075 occupatio

218 2097 419 2181 significatur,
447 2117 543 2182 neque
572 2098 711 2164 Oceanus
739 2103 997 2164 commemoratur
1028 2098 1092 2164 nisi
1121 2102 1159 2165 ad
1187 2100 1270 2163 locun
1317 2168 1318 2172 ,

218 2202 414 2268 hibernorum
437 2204 788 2279 demonstrandum3'ea
808 2206 847 2270 ad
870 2223 954 2269 mare
973 2208 1081 2280 erant;
1106 2207 1174 2270 inde
1192 2205 1273 2290 igitur

222 2309 350 2373 Romani
373 2312 405 2374 in
434 2313 618 2392 superiorem
648 2311 755 2377 insulae
789 2317 914 2395 partem,
947 2313 981 2377 id
1015 2317 1075 2389 est,
1110 2311 1273 2377 orientalem

221 2415 341 2480 cedunt.
386 2417 585 2482 Scribendum
622 2419 733 2502 igitur:
770 2420 946 2501 proximu
985 2417 1096 2486 leuata
1133 2418 1272 2484 Oceano

221 2523 423 2604 irrumpit.

320 2674 400 2740 ibid.
426 2675 479 2738 16:
514 2676 670 2742 directa
692 2696 733 2740 er
756 2676 915 2741 diverso
937 2678 1047 2743 acies
1072 2679 1177 2744 hand
1198 2697 1273 2763 pro·

219 2781 283 2846 cul
303 2800 322 2845 a
344 2781 515 2846 flumine
537 2782 672 2848 Rheno
695 2790 732 2847 et
754 2783 938 2848 obversis
968 2783 1007 2847 in
1039 2785 1199 2850 hostem
1219 2802 1274 2847 ua·
1317 2846 1318 2850 ,

217 2889 350 2964 ribus,
374 2907 471 2970 quas
494 2889 677 2954 incensis
699 2886 893 2953 castellis
923 2887 1021 2954 illuc
1044 2893 1271 2973 appulerant.
1317 2942 1318 2945 ,

216 2994 337 3059 Pendet
374 2997 429 3069 etr
466 2995 570 3077 itaque
605 2997 742 3061 ltitterus
773 2998 844 3077 post
882 2996 1134 3078 appulerant
1167 2995 1274 3062 addidit

215 3106 451 3184 pugnatum
482 3100 616 3166 Pichena
642 3102 733 3166 scribi
754 3101 909 3167 voluerat:
939 3100 1027 3165 acis
1052 3149 1059 3163 .
1088 3151 1094 3164 .
1120 3151 1127 3165 .
1151 3110 1191 3170 et
1217 3105 1273 3168 ob·

214 3208 345 3270 versis
368 3213 437 3279 cet..
471 3207 536 3272 haec
568 3210 680 3281 omnia.
714 3227 781 3289 quae
813 3209 850 3272 ad
884 3226 996 3291 pugnae
1026 3210 1274 3291 praeparationem
1319 3197 1320 3200 ¹

215 3310 376 3392 pertinent,
400 3315 503 3379 minus
525 3315 684 3380 commode
707 3315 895 3398 coniungens
918 3332 988 3379 cnm
1011 3317 1061 3392 iis,
1083 3335 1154 3399 qnae
1170 3317 1207 3382 de
1221 3317 1275 3398 ipss

263 3580 288 3643 *t
308 3581 431 3648 lgnormi
461 3584 512 3637 hoc
540 3585 620 3639 video
649 3600 666 3638 a
691 3585 838 3653 plerisque,
867 3600 1035 3653 occupare
1064 3589 1142 3657 apud
1170 3589 1273 3643 Latinos
1317 3603 1327 3680 Ἰ

309 3689 456 3742 numquam
477 3678 639 3749 simpliciter
656 3696 706 3750 pro
725 3695 767 3746 eo,
792 3678 864 3747 quod
890 3686 932 3733 est
951 3694 1093 3750 capere,
1115 3683 1231 3752 potiri.
1246 3681 1273 3734 de
1317 3677 1319 3680 ’

307 3768 376 3836 loco,
402 3769 479 3839 urbe,
506 3774 604 3828 castris
633 3772 696 3841 dici,
724 3772 777 3827 nisi
802 3772 932 3828 adiuncta
950 3772 1157 3842 significatione
1174 3791 1269 3846 praere·

305 3861 398 3917 nisndi
425 3872 475 3919 aut
501 3866 556 3922 late
582 3866 694 3924 tenendi
722 3873 749 3922 et
779 3866 848 3921 alios
881 3865 1054 3922 excludendi.
1109 3869 1164 3937 Qui
1192 3869 1272 3924 Gallos

304 3955 412 4010 Brenno
433 3958 502 4013 dirce
520 3960 635 4015 Romam
654 3976 805 4030 occupasse
824 3960 987 4028 narraverit,
1006 3978 1094 4031 prave
1114 3980 1166 4018 nec
1185 3963 1270 4017 Lirim

304 4053 465 4118 conaverit,
483 4069 534 4108 neo
552 4054 650 4121 minus,
669 4054 715 4122 qui
734 4054 864 4108 rictorem
883 4053 1035 4108 exercitum
1054 4065 1151 4112 caure
1163 4057 1268 4112 hostium

303 4155 461 4209 occupasse.
