2662 5046
150 364 155 370 ι
251 286 313 350 m
610 284 871 357 mmmm

205 482 1277 571 siliatempornmsuntquaeinhorascommutarivides.

210 594 355 659 Latinum
375 592 492 656 nonest
511 609 652 674 quarm,
669 599 703 651 ot
723 590 914 675 quiefactus,
936 609 991 672 pro
1005 609 1051 666 eo,
1067 592 1149 676 quod
1161 594 1210 658 est
1216 614 1279 676 pc·

205 698 336 773 amiam
368 698 472 781 itaque
494 695 635 761 Baiterus
658 695 764 761 abesse
785 696 875 761 malit
894 695 965 761 illa:
988 699 1033 762 nt
1056 697 1276 782 suscipiam

201 804 495 889 cogitationem,
518 818 688 883 quaenomo
709 799 867 866 additurus
889 804 965 879 erat,
986 804 1050 868 tam
1063 803 1177 869 Latine
1197 823 1278 888 pra·

213 911 322 977 sertim
357 911 389 973 et
409 907 563 991 proprie.¹
597 905 764 972 Sententiae
793 906 926 974 formem
957 907 1079 975 uiderat
1106 909 1277 974 Lambinus

205 1016 331 1102 (quod
352 1013 489 1098 rogas),
512 1011 567 1077 sed
588 1030 606 1076 e
627 1012 762 1094 proximo
784 1014 817 1078 et
836 1032 907 1079 uero
932 1014 1093 1091 aberravit,
1118 1015 1199 1099 qnod
1220 1008 1279 1083 troc

213 1124 279 1190 est:
328 1119 435 1198 Quod
456 1119 528 1196 cia,
565 1121 608 1182 ut
630 1117 844 1201 suscipiam
867 1137 953 1202 cog,
976 1138 1005 1201 q.
1035 1118 1056 1184 i.
1084 1119 1279 1204 agendum

213 1229 360 1312 putem,
390 1223 559 1291 consilia
581 1227 798 1306 temporum
820 1225 932 1300 sunt,
967 1226 1027 1289 cet.
1073 1225 1145 1309 (Ilp.
1168 1226 1226 1305 21,
1260 1226 1280 1287 2

213 1333 362 1401 utendum
393 1351 460 1398 esse
481 1332 585 1397 vetere
607 1327 798 1396 coniectura:
831 1331 872 1394 ut
903 1351 1010 1392 orma
1044 1348 1173 1396 omnes
1209 1331 1280 1396 lra-

132 1450 134 1455 ·
213 1439 364 1512 terent,
397 1439 429 1502 et
462 1456 510 1503 res
539 1439 572 1502 et
606 1437 735 1501 verbnm
767 1435 811 1500 rei
843 1435 999 1518 proprium
1031 1435 1281 1518 inspicerent

204 1543 370 1620 ostendit.)

314 1649 381 1713 Lib.
416 1646 484 1724 XV,
519 1646 539 1709 6
569 1645 658 1711 initio
692 1644 838 1729 epistolas,
871 1647 1016 1712 restituto
1047 1645 1111 1711 cod.
1145 1646 1279 1713 Medicei

205 1755 376 1839 scriptura,
397 1753 507 1818 lacuna
527 1750 573 1817 sio
595 1751 759 1845 indicanda
780 1755 843 1818 est:
882 1750 970 1816 Cum
992 1750 1037 1816 ad
1052 1769 1108 1816 me
1131 1752 1280 1818 Brutus

209 1862 350 1925 noster
371 1859 604 1941 scripsisset
636 1860 674 1922 et
700 1856 874 1935 Cassius,
906 1858 948 1923 ut
979 1857 1172 1932 Hirtium,
1212 1858 1281 1942 qui

208 1964 334 2032 :adhuc
366 1963 485 2028 bonus
521 1962 681 2038 luisset,
716 1961 813 2001 ***
849 1963 1015 2030 sciebam
1050 1981 1171 2047 neque
1194 1982 1280 2028 eum

207 2067 457 2136 confidebam
483 2068 563 2134 foro
590 2087 675 2134 mea
704 2069 942 2135 auctoritate
964 2068 1167 2134 meliorem
1189 2069 1283 2151 (Διι-

216 2175 325 2240 tonio
347 2175 409 2239 est
431 2174 532 2240 enirn
554 2174 724 2240 tortasse
745 2174 903 2255 iratior,
930 2193 1052 2241 causa
1074 2193 1168 2240 vero
1192 2178 1282 2241 emi·

209 2280 426 2357 cissimus),
458 2281 589 2345 tamen
627 2280 671 2345 ad
703 2298 786 2345 enm
814 2281 958 2365 scripsi
987 2283 1047 2347 cot.
1097 2279 1173 2360 Quae
1202 2282 1283 2347 erci-

121 2410 122 2413 “
206 2386 336 2460 aderunt,
358 2386 535 2452 huiusmodi
555 2385 618 2451 fere
639 2385 779 2451 inerunt:
826 2384 1115 2471 [confirmarem
1151 2395 1184 2449 os
1222 2407 1283 2449 ea-

216 2494 394 2569 citarem,
426 2493 496 2555 etat
527 2490 652 2554 clicaeo
685 2512 705 2552 a
728 2513 842 2554 cocao
864 2490 1144 2577 animofaisse]
1168 2494 1284 2559 scie·

213 2599 316 2673 tram,
340 2600 398 2663 oet.
442 2597 493 2663 Sic
516 2597 640 2663 demum
661 2596 847 2681 intelligitur
867 2598 1008 2663 tamen.

317 2703 383 2768 Ibd.
406 2703 456 2778 20,
484 2704 523 2767 4:
560 2723 638 2787 quae
660 2703 831 2781 (mercedes
853 2703 1004 2769 dotalium
1026 2699 1224 2785 praediorum)
1248 2704 1284 2768 si

217 2807 407 2874 lideliter
439 2808 616 2873 Ciceroni
647 2808 900 2884 curabuntur,
933 2825 1159 2892 quemquam
1189 2809 1285 2874 vvolo

216 2909 525 2990 larius‚'tamen
559 2914 592 2979 ei
617 2913 888 2996 propemodum
915 2912 1015 2978 nihil
1036 2911 1176 2979 deerit.
1220 2913 1284 2978 Ve-

208 3036 291 3093 reor,
314 3037 353 3084 ne
375 3017 525 3080 lautior
546 3019 637 3084 scribi
660 3019 780 3085 debeat.

319 3122 385 3186 llud.
418 3122 468 3201 26,
501 3124 522 3186 4
544 3144 560 3191 e
593 3124 707 3190 codicis
729 3122 977 3210 Med'uestigiis
1005 3124 1070 3190 hec
1093 3124 1285 3190 efficiuntur:

218 3226 262 3292 M.
285 3228 422 3294 AElium
456 3248 544 3295 cura
565 3230 775 3307 liberabis3
809 3250 864 3296 me
896 3249 1037 3314 paucos
1069 3249 1217 3313 specus
1247 3232 1286 3296 in

208 3336 385 3401 extremo
406 3335 539 3413 fundo,
561 3338 598 3400 et
620 3353 681 3401 eos
703 3334 856 3419 quidem
879 3337 1171 3413 subterraneos,
1195 3355 1288 3401 ser-

218 3440 359 3505 vitulis
413 3451 571 3525 putasse
613 3440 767 3524 aliquid
811 3441 893 3523 (cod.
941 3440 1127 3525 apudtale
1178 3443 1287 3526 quid)

219 3542 445 3623 habituros3
500 3546 539 3611 id
591 3565 647 3612 me
695 3547 851 3612 iamiam
905 3545 1017 3612 nolle
1072 3547 1158 3623 (iam
1216 3565 1328 3612 non

94 3658 104 3672 ’
210 3649 363 3734 mellei)
385 3655 444 3721 cet.
756 3697 759 3701 ·

321 3756 370 3823 Ad
392 3758 553 3824 Ciceronis
567 3757 608 3824 de
628 3755 830 3845 philosophia
850 3758 944 3825 libros
967 3759 1035 3842 quae
1057 3757 1209 3822 annotata
1231 3758 1290 3823 ha·

219 3862 329 3928 betam
363 3867 532 3931 necantes
554 3864 719 3938 edideram,
753 3883 789 3929 ee
812 3865 925 3947 partim
958 3883 985 3930 a.
1019 3863 1098 3928 1857
1130 3863 1183 3942 (ad
1206 3867 1291 3930 Aca·

211 3967 349 4046 demica,
371 3970 571 4049 Tusculanas,
594 3970 754 4054 paradoxa,
777 3970 871 4036 libros
893 3971 932 4036 de
953 3990 1016 4054 rep.
1038 3973 1071 4036 et
1084 3967 1123 4034 de
1138 3968 1290 4053 legibus),

216 4074 333 4159 partim
372 4073 452 4137 1859
490 4076 542 4155 (ad
573 4076 667 4142 libros
705 4074 743 4141 de
771 4078 833 4140 nat.
865 4076 1008 4154 deorum,
1042 4077 1080 4141 de
1111 4075 1221 4155 divin,
1251 4078 1291 4142 de
