2662 5046
429 687 566 744 ciceronis
584 690 733 749 Ontiones.

1 875 3 892 ’
43 897 168 969 punse
200 885 271 952 boa
298 875 349 954 'ds
371 889 480 956 officiis
507 893 539 957 et
560 892 751 977 temporibus
781 891 858 974 ipsis
890 889 1115 978 distinguendis

1 1039 3 1075 ⁴
45 994 1114 1189 bibliittzpoltcilllltiiltti

47 1200 184 1269 tciibmc
208 1202 399 1282 addebatur,
432 1205 581 1285 detecta
612 1207 776 1290 aptissima
796 1205 900 1273 omnia
921 1212 1023 1273 erunt:
1057 1210 1115 1278 di·

1 1316 2 1371 ]
49 1308 220 1392 stinguit
241 1309 402 1372 rosione
422 1309 655 1378 officiorum
682 1331 725 1378 ao
752 1313 965 1397 temporum
993 1314 1114 1382 viois·

1 1382 3 1485 l
53 1409 262 1480 siluissem
299 1415 449 1482 rasoris
479 1433 522 1483 ac
557 1417 797 1500 voluptatis,
830 1417 889 1483 hoo
918 1420 983 1501 oo,
1014 1421 1046 1486 in
1074 1420 1114 1488 ns

50 1520 235 1586 alternandis
258 1521 413 1587 rationem
433 1523 529 1589 hubet
550 1522 725 1589 officiorum
745 1539 783 1587 co
798 1524 994 1605 temporum..
1026 1525 1113 1592 Idem

53 1625 191 1711 tissbyeo
213 1627 249 1691 in
272 1628 411 1692 mentem
432 1629 566 1694 venerut.
808 1611 813 1622 ’
858 1621 862 1628 ’

141 1731 212 1797 Pro
244 1730 337 1798 Sulla
368 1732 429 1798 42:
481 1733 608 1799 Divisi
639 1732 719 1800 toti
751 1733 895 1812 Italiae,
929 1733 1043 1800 omisi
1074 1734 1114 1801 iu

54 1838 458 1921 smnesprovinoias‚
489 1840 547 1905 oet.
604 1838 745 1904 Insolens
774 1836 896 1904 dativus
926 1838 964 1904 de
991 1838 1114 1907 indiciis

56 1942 236 2028 pervulgatis
279 1944 312 2007 et
352 1943 466 2009 mcum
499 1943 611 2028 oppida
645 1944 760 2010 missis
815 1943 915 2011 Codex
946 1944 1114 2012 Vaticanus

0 2077 1 2107 ι
54 2046 199 2126 (smmum
221 2047 373 2131 optimus)
394 2050 500 2127 tote,
533 2044 601 2132 qnae‘
628 2049 725 2116 dativi
747 2049 847 2115 torma
866 2068 960 2132 pravo
982 2051 1114 2118 orationi

55 2151 201 2218 tioeronis
223 2151 363 2218 infertur.
407 2152 604 2238 Significatur
625 2165 705 2220 toto
725 2152 860 2217 Italic.
915 2154 941 2219 il
974 2156 1114 2239 sequenti

56 2259 195 2324 suatum
217 2258 364 2338 Italian,
398 2259 465 2324 tum
493 2262 597 2339 totae,
633 2262 804 2327 correctum
826 2258 958 2337 deinde
975 2264 1012 2327 ut
1031 2265 1115 2331 esest

57 2363 131 2431 toti.
177 2364 284 2445 (Det
306 2364 346 2427 55
368 2364 486 2431 dietum
508 2367 557 2431 ost
576 2366 636 2432 vol.
657 2366 674 2430 I
694 2385 724 2448 p.
749 2364 868 2446 127.)¹)

143 2469 214 2535 Ibd.
237 2468 294 2533 68:
325 2470 371 2536 de
393 2488 462 2555 qno
485 2471 605 2536 etium
627 2469 769 2554 siquis
793 2470 1024 2538 dubitasset
1045 2490 1114 2536 an·

57 2575 124 2654 lea,
154 2594 255 2649 num,
283 2575 320 2641 id
343 2575 441 2658 quod
473 2578 517 2643 tu
539 2575 687 2661 arguis,
722 2576 947 2660 cogitasset
982 2576 1114 2641 inter-

58 2677 150 2746 leoto
172 2681 287 2763 patr‘e
309 2681 372 2746 tuo
395 2681 555 2747 consule
576 2680 815 2748 descendere
836 2681 1010 2751 Kalian.
1032 2699 1113 2747 oum

57 2778 280 2860 lictoribus,
308 2785 517 2852 sustulisti
537 2786 635 2852 hano
656 2787 920 2870 suspicionem
943 2787 1001 2852 cet.
1045 2786 1115 2851 Non

58 2892 199 2972 operitur
220 2890 578 2975 alibiapudOioeronom
601 2891 755 2968 dubito,
777 2912 882 2969 num;
902 2891 1115 2958 multominus

59 2992 143 3062 itaut
153 2996 239 3080 apud
250 2995 352 3079 ipsum
364 3000 418 3063 aut
430 2997 512 3081 apud
522 2997 600 3064 alios
614 2997 705 3064 huius
721 2978 829 3066 'etatis
844 2996 1115 3080 scripturaram,

61 3163 250 3177 N—-m

19 3297 20 3310 ¹
74 3277 93 3348 'l
121 3287 136 3348 ς
164 3282 202 3337 49
227 3280 405 3336 revocandum
433 3277 510 3339 non
531 3285 594 3338 ante
621 3282 819 3338 suscensnit
845 3297 876 3336 ex
905 3278 1042 3336 codicibus
1065 3281 1117 3336 tide

20 3359 21 3446 T
123 3373 217 3444 dignis
236 3373 377 3435 omnious,
404 3373 475 3443 quoe
500 3374 608 3428 moros
635 3373 699 3428 fidei
715 3374 792 3430 noos
811 3372 937 3429 Parnm
956 3374 984 3426 o
1002 3373 1037 3429 ιι.
1057 3372 1117 3428 sse-

119 3466 206 3535 pbani
229 3465 350 3520 obsecuti
369 3465 493 3520 Hdlmius
521 3468 549 3520 et
566 3465 700 3536 Kayserus
718 3466 895 3523 sustulerunt.
937 3466 1118 3535 iuterrogatio

118 3557 280 3613 bimembris
313 3561 405 3628 (quam
447 3559 514 3613 satis
551 3558 737 3613 demonstrant
778 3575 819 3613 sn
855 3572 935 3612 vero
971 3556 1119 3626 particulae)

120 3666 181 3704 cum
202 3651 241 3704 sio
259 3650 397 3706 decurrere
411 3650 534 3707 deberet:
572 3650 618 3704 ltu
635 3666 717 3704 vero
735 3687 741 3702 .
759 3687 766 3700 .
786 3688 793 3705 .
813 3648 1120 3704 familiarissimis

120 3743 198 3796 suis
212 3758 276 3796 non
291 3743 495 3798 sueosnsuit
512 3742 611 3811 pater
628 3743 717 3806 tuns,
731 3739 815 3794 mihi
833 3743 869 3794 tu
887 3740 1120 3807 succensebis,
1151 3776 1152 3780 ,

122 3835 183 3904 qui
200 3832 317 3889 nullis
342 3835 411 3890 tuis
436 3833 658 3889 ornamentis
678 3830 864 3887 adversor?
892 3831 926 3886 ad
944 3832 1019 3901 prius
1036 3847 1120 3886 mem·

88 3987 91 3991 ,
123 3925 201 3982 brum
219 3927 343 3998 pluribus
368 3926 470 3982 additis
493 3926 570 3995 (iude
598 3923 632 3980 ab
658 3921 914 3994 intelligebat),
942 3922 1121 3978 anacoluthon

124 4023 216 4074 natum
239 4022 281 4074 est
306 4021 336 4073 et
358 4019 474 4074 alterum
499 4015 649 4073 membrum
674 4031 721 4085 por
747 4031 775 4070 ss
802 4014 857 4071 alia
875 4013 961 4069 forma
979 4015 1123 4075 adiectum,

125 4115 155 4166 ut
172 4111 205 4167 de
226 4111 347 4182 provinc.
366 4110 469 4167 consul.
487 4114 530 4174 21,
561 4109 682 4177 Philipp.
709 4107 732 4170 1,
751 4109 785 4163 17
803 4106 867 4172 (nbi
884 4107 970 4161 oratio
988 4106 1022 4161 ab
1041 4107 1121 4161 initio

126 4205 163 4259 aio
185 4205 276 4259 auimo
304 4203 468 4272 concipitur:
496 4219 552 4264 an,
576 4201 607 4255 si
631 4197 779 4267 cuiquid
806 4198 870 4252 ille
892 4197 1067 4268 promisit,
1087 4197 1122 4251 id

127 4297 194 4351 orit
210 4297 321 4352 iirnm
341 4333 347 4347 .
367 4336 375 4351 .
394 4334 409 4356 .‚
429 4294 525 4364 leges
544 4291 695 4348 (tuearis
720 4306 788 4344 non
806 4288 1021 4357 valebuntl),
1045 4290 1122 4345 Tuae.

29 4375 30 4380 ἵ
128 4385 159 4450 V,
177 4390 218 4446 73.
256 4389 344 4456 (Duos
370 4385 530 4457 posteriores
556 4383 628 4440 locos
655 4382 777 4452 expedivi
802 4382 956 4438 adolescens
987 4383 1016 4437 in
1034 4398 1125 4438 emen·

29 4550 30 4554 Ν
130 4477 191 4534 us
209 4479 349 4538 iunianis
367 4497 394 4550 p.
412 4481 468 4546 ss.)
916 4467 920 4472 ’

109 4564 207 4609 movsen
218 4575 299 4609 sm
310 4574 355 4605 cm
385 4572 414 4618 n„
894 4574 925 4619 14
