<?xml version="1.0" encoding="UTF-8"?>
<!DOCTYPE html PUBLIC "-//W3C//DTD XHTML 1.0 Transitional//EN"
    "http://www.w3.org/TR/xhtml1/DTD/xhtml1-transitional.dtd">
<html xmlns="http://www.w3.org/1999/xhtml" xml:lang="en" lang="en">
 <head>
  <title>
</title>
<meta http-equiv="Content-Type" content="text/html;charset=utf-8" />
  <meta name='ocr-system' content='tesseract 3.04.00' />
  <meta name='ocr-capabilities' content='ocr_page ocr_carea ocr_par ocr_line ocrx_word'/>
</head>
<body>
  <div class='ocr_page' id='page_1' title='image "./ioniemadvigiiad00madvgoog_0184.png"; bbox 0 0 2678 5016; ppageno 0'>
   <div class='ocr_carea' id='block_1_1' title="bbox 470 611 1092 679">
    <p class='ocr_par' dir='ltr' id='par_1_1' title="bbox 470 611 1092 679">
     <span class='ocr_line' id='line_1_1' title="bbox 470 611 1092 679; baseline 0 -13"><span class='ocrx_word' id='word_1_1' title='bbox 470 612 554 668; x_wconf 78' lang='lat' dir='ltr'><strong>Varro</strong></span> <span class='ocrx_word' id='word_1_2' title='bbox 575 611 608 666; x_wconf 88' lang='lat' dir='ltr'><strong>de</strong></span> <span class='ocrx_word' id='word_1_3' title='bbox 626 612 645 665; x_wconf 94' lang='lat' dir='ltr'><strong>l.</strong></span> <span class='ocrx_word' id='word_1_4' title='bbox 664 612 724 666; x_wconf 80' lang='lat' dir='ltr'><strong>Lat.</strong></span> <span class='ocrx_word' id='word_1_5' title='bbox 1032 617 1092 679; x_wconf 82' lang='lat'><strong>173</strong></span> 
     </span>
    </p>
   </div>
   <div class='ocr_carea' id='block_1_2' title="bbox 64 807 1133 3830">
    <p class='ocr_par' dir='ltr' id='par_1_2' title="bbox 67 807 1133 1190">
     <span class='ocr_line' id='line_1_2' title="bbox 71 807 1133 883; baseline 0.008 -11"><span class='ocrx_word' id='word_1_6' title='bbox 71 809 190 883; x_wconf 81' lang='lat' dir='ltr'><strong>liunt,</strong></span> <span class='ocrx_word' id='word_1_7' title='bbox 234 811 452 875; x_wconf 87' lang='lat' dir='ltr'><strong>attueutur.</strong></span> <span class='ocrx_word' id='word_1_8' title='bbox 513 808 549 871; x_wconf 91' lang='lat' dir='ltr'><strong>P.</strong></span> <span class='ocrx_word' id='word_1_9' title='bbox 590 807 628 869; x_wconf 90' lang='lat'><strong>81</strong></span> <span class='ocrx_word' id='word_1_10' title='bbox 664 807 833 872; x_wconf 86' lang='lat' dir='ltr'><strong>rectissime</strong></span> <span class='ocrx_word' id='word_1_11' title='bbox 869 808 939 875; x_wconf 86' lang='lat' dir='ltr'><strong>indo</strong></span> <span class='ocrx_word' id='word_1_12' title='bbox 974 814 1013 878; x_wconf 85' lang='lat' dir='ltr'><strong>ab</strong></span> <span class='ocrx_word' id='word_1_13' title='bbox 1053 815 1133 882; x_wconf 87' lang='lat' dir='ltr'><strong>Aldo</strong></span> 
     </span>
     <span class='ocr_line' id='line_1_3' title="bbox 71 910 1133 1001; baseline 0.005 -21"><span class='ocrx_word' id='word_1_14' title='bbox 71 915 215 980; x_wconf 78' lang='lat' dir='ltr'>edebatur</span> <span class='ocrx_word' id='word_1_15' title='bbox 251 932 323 997; x_wconf 89' lang='lat' dir='ltr'><strong>qua</strong></span> <span class='ocrx_word' id='word_1_16' title='bbox 356 914 516 988; x_wconf 65' lang='lat' dir='ltr'><strong>duim-un</strong></span> <span class='ocrx_word' id='word_1_17' title='bbox 549 910 630 993; x_wconf 89' lang='lat' dir='ltr'><strong>quod</strong></span> <span class='ocrx_word' id='word_1_18' title='bbox 664 929 680 974; x_wconf 92' lang='lat' dir='ltr'><strong>c</strong></span> <span class='ocrx_word' id='word_1_19' title='bbox 712 911 865 977; x_wconf 81' lang='lat' dir='ltr'>codicibus</span> <span class='ocrx_word' id='word_1_20' title='bbox 888 914 1069 1001; x_wconf 85' lang='lat' dir='ltr'><strong>Spengelius</strong></span> <span class='ocrx_word' id='word_1_21' title='bbox 1101 923 1133 984; x_wconf 89' lang='lat' dir='ltr'><strong>et</strong></span> 
     </span>
     <span class='ocr_line' id='line_1_4' title="bbox 71 1015 1131 1101; baseline 0.007 -18"><span class='ocrx_word' id='word_1_22' title='bbox 71 1019 238 1084; x_wconf 82' lang='lat' dir='ltr'><strong>Muellerus</strong></span> <span class='ocrx_word' id='word_1_23' title='bbox 286 1019 456 1101; x_wconf 88' lang='lat' dir='ltr'><strong>posueruut</strong></span> <span class='ocrx_word' id='word_1_24' title='bbox 491 1015 694 1090; x_wconf 75' lang='lat' dir='ltr'><strong>satuimus,</strong></span> <span class='ocrx_word' id='word_1_25' title='bbox 732 1018 906 1098; x_wconf 87' lang='lat' dir='ltr'><strong>geminandi</strong></span> <span class='ocrx_word' id='word_1_26' title='bbox 945 1040 1045 1088; x_wconf 88' lang='lat' dir='ltr'><strong>errore</strong></span> <span class='ocrx_word' id='word_1_27' title='bbox 1079 1044 1131 1090; x_wconf 88' lang='lat' dir='ltr'><strong>or-</strong></span> 
     </span>
     <span class='ocr_line' id='line_1_5' title="bbox 67 1126 212 1190; baseline -0.014 -1"><span class='ocrx_word' id='word_1_28' title='bbox 67 1128 130 1190; x_wconf 89' lang='lat' dir='ltr'><strong>tum</strong></span> <span class='ocrx_word' id='word_1_29' title='bbox 153 1126 212 1189; x_wconf 88' lang='lat' dir='ltr'><strong>est.</strong></span> 
     </span>
    </p>

    <p class='ocr_par' dir='ltr' id='par_1_3' title="bbox 67 1226 1131 1723">
     <span class='ocr_line' id='line_1_6' title="bbox 164 1226 1131 1310; baseline 0.005 -18"><span class='ocrx_word' id='word_1_30' title='bbox 164 1228 233 1293; x_wconf 87' lang='lat' dir='ltr'><strong>lbd.</strong></span> <span class='ocrx_word' id='word_1_31' title='bbox 256 1248 286 1310; x_wconf 89' lang='lat' dir='ltr'><strong>p.</strong></span> <span class='ocrx_word' id='word_1_32' title='bbox 310 1227 351 1291; x_wconf 87' lang='lat'><strong>85</strong></span> <span class='ocrx_word' id='word_1_33' title='bbox 384 1227 436 1309; x_wconf 91' lang='lat' dir='ltr'><strong>qui</strong></span> <span class='ocrx_word' id='word_1_34' title='bbox 472 1227 613 1303; x_wconf 78' lang='lat' dir='ltr'><strong>tenuerit,</strong></span> <span class='ocrx_word' id='word_1_35' title='bbox 648 1227 741 1308; x_wconf 86' lang='lat' dir='ltr'><strong>quaeri</strong></span> <span class='ocrx_word' id='word_1_36' title='bbox 776 1226 813 1290; x_wconf 91' lang='lat' dir='ltr'><strong>dc</strong></span> <span class='ocrx_word' id='word_1_37' title='bbox 845 1228 1046 1296; x_wconf 76' lang='lat' dir='ltr'><strong>claustrorum</strong></span> <span class='ocrx_word' id='word_1_38' title='bbox 1075 1252 1131 1298; x_wconf 93' lang='lat' dir='ltr'><strong>uo-</strong></span> 
     </span>
     <span class='ocr_line' id='line_1_7' title="bbox 67 1330 1130 1416; baseline 0.008 -20"><span class='ocrx_word' id='word_1_39' title='bbox 67 1335 155 1398; x_wconf 89' lang='lat' dir='ltr'><strong>miuis</strong></span> <span class='ocrx_word' id='word_1_40' title='bbox 187 1334 219 1397; x_wconf 90' lang='lat' dir='ltr'><strong>in</strong></span> <span class='ocrx_word' id='word_1_41' title='bbox 236 1333 436 1414; x_wconf 79' lang='lat' dir='ltr'><strong>Hellesponto</strong></span> <span class='ocrx_word' id='word_1_42' title='bbox 459 1349 560 1407; x_wconf 85' lang='lat' dir='ltr'><strong>causa,</strong></span> <span class='ocrx_word' id='word_1_43' title='bbox 582 1348 642 1394; x_wconf 90' lang='lat' dir='ltr'><strong>uon</strong></span> <span class='ocrx_word' id='word_1_44' title='bbox 666 1330 827 1406; x_wconf 77' lang='lat' dir='ltr'><strong>dubitabit</strong></span> <span class='ocrx_word' id='word_1_45' title='bbox 850 1333 933 1416; x_wconf 83' lang='lat' dir='ltr'><strong>quin,</strong></span> <span class='ocrx_word' id='word_1_46' title='bbox 957 1335 1061 1402; x_wconf 90' lang='lat' dir='ltr'><strong>addito</strong></span> <span class='ocrx_word' id='word_1_47' title='bbox 1084 1338 1130 1404; x_wconf 93' lang='lat' dir='ltr'><strong>bis</strong></span> 
     </span>
     <span class='ocr_line' id='line_1_8' title="bbox 69 1434 1130 1521; baseline 0.007 -20"><span class='ocrx_word' id='word_1_48' title='bbox 69 1455 133 1501; x_wconf 89' lang='lat' dir='ltr'><strong>cum</strong></span> <span class='ocrx_word' id='word_1_49' title='bbox 171 1438 278 1502; x_wconf 89' lang='lat' dir='ltr'><strong>codice</strong></span> <span class='ocrx_word' id='word_1_50' title='bbox 313 1438 337 1501; x_wconf 93' lang='lat' dir='ltr'>B</span> <span class='ocrx_word' id='word_1_51' title='bbox 366 1441 397 1503; x_wconf 87' lang='lat' dir='ltr'><strong>et</strong></span> <span class='ocrx_word' id='word_1_52' title='bbox 428 1435 594 1501; x_wconf 86' lang='lat' dir='ltr'><strong>editoribus</strong></span> <span class='ocrx_word' id='word_1_53' title='bbox 628 1439 701 1500; x_wconf 87' lang='lat' dir='ltr'><strong>aute</strong></span> <span class='ocrx_word' id='word_1_54' title='bbox 733 1434 930 1521; x_wconf 84' lang='lat' dir='ltr'><strong>Spengelium</strong></span> <span class='ocrx_word' id='word_1_55' title='bbox 967 1464 997 1501; x_wconf 86' lang='lat' dir='ltr'><strong>m</strong></span> <span class='ocrx_word' id='word_1_56' title='bbox 1035 1442 1130 1518; x_wconf 87' lang='lat' dir='ltr'><strong>finali,</strong></span> 
     </span>
     <span class='ocr_line' id='line_1_9' title="bbox 67 1537 1130 1625; baseline 0.002 -18"><span class='ocrx_word' id='word_1_57' title='bbox 67 1544 152 1609; x_wconf 88' lang='lat' dir='ltr'><strong>scribi</strong></span> <span class='ocrx_word' id='word_1_58' title='bbox 176 1543 302 1607; x_wconf 85' lang='lat' dir='ltr'><strong>debeat:</strong></span> <span class='ocrx_word' id='word_1_59' title='bbox 336 1541 434 1624; x_wconf 88' lang='lat' dir='ltr'><strong>quod</strong></span> <span class='ocrx_word' id='word_1_60' title='bbox 466 1541 599 1604; x_wconf 86' lang='lat' dir='ltr'><strong>Asiam</strong></span> <span class='ocrx_word' id='word_1_61' title='bbox 630 1540 669 1603; x_wconf 90' lang='lat' dir='ltr'><strong>et</strong></span> <span class='ocrx_word' id='word_1_62' title='bbox 695 1537 882 1625; x_wconf 77' lang='lat' dir='ltr'><strong>Europam</strong></span> <span class='ocrx_word' id='word_1_63' title='bbox 914 1545 967 1608; x_wconf 89' lang='lat' dir='ltr'><strong>ibi</strong></span> <span class='ocrx_word' id='word_1_64' title='bbox 1003 1547 1130 1609; x_wconf 77' lang='lat' dir='ltr'><strong>cludit</strong></span> 
     </span>
     <span class='ocr_line' id='line_1_10' title="bbox 68 1646 928 1723; baseline -0.003 -10"><span class='ocrx_word' id='word_1_65' title='bbox 68 1668 183 1723; x_wconf 60' lang='lat' dir='ltr'><strong>marm</strong></span> <span class='ocrx_word' id='word_1_66' title='bbox 207 1648 256 1712; x_wconf 82' lang='lat' dir='ltr'><strong>ssli</strong></span> <span class='ocrx_word' id='word_1_67' title='bbox 280 1646 490 1720; x_wconf 80' lang='lat' dir='ltr'><strong>concludit;</strong></span> <span class='ocrx_word' id='word_1_68' title='bbox 514 1646 635 1711; x_wconf 83' lang='lat' dir='ltr'><strong>codices</strong></span> <span class='ocrx_word' id='word_1_69' title='bbox 660 1646 731 1709; x_wconf 87' lang='lat' dir='ltr'><strong>boni</strong></span> <span class='ocrx_word' id='word_1_70' title='bbox 754 1646 928 1711; x_wconf 80' lang='lat' dir='ltr'><strong>colludit.</strong></span> 
     </span>
    </p>

    <p class='ocr_par' dir='ltr' id='par_1_4' title="bbox 68 1751 1129 2567">
     <span class='ocr_line' id='line_1_11' title="bbox 161 1751 1127 1836; baseline 0.003 -18"><span class='ocrx_word' id='word_1_71' title='bbox 161 1754 283 1818; x_wconf 80' lang='lat' dir='ltr'><strong>Eadem</strong></span> <span class='ocrx_word' id='word_1_72' title='bbox 295 1772 363 1836; x_wconf 84' lang='lat' dir='ltr'><strong>pag.</strong></span> <span class='ocrx_word' id='word_1_73' title='bbox 385 1751 593 1834; x_wconf 82' lang='lat' dir='ltr'><strong>iuferiuspost</strong></span> <span class='ocrx_word' id='word_1_74' title='bbox 616 1752 759 1815; x_wconf 89' lang='lat' dir='ltr'><strong>lacunam</strong></span> <span class='ocrx_word' id='word_1_75' title='bbox 775 1753 970 1818; x_wconf 90' lang='lat' dir='ltr'><strong>scribendum</strong></span> <span class='ocrx_word' id='word_1_76' title='bbox 991 1756 1127 1821; x_wconf 88' lang='lat' dir='ltr'><strong>videtur:</strong></span> 
     </span>
     <span class='ocr_line' id='line_1_12' title="bbox 68 1855 1129 1942; baseline 0.006 -21"><span class='ocrx_word' id='word_1_77' title='bbox 68 1861 235 1942; x_wconf 83' lang='lat' dir='ltr'><strong>agrestis</strong></span> <span class='ocrx_word' id='word_1_78' title='bbox 258 1859 303 1923; x_wconf 86' lang='lat' dir='ltr'><strong>ab</strong></span> <span class='ocrx_word' id='word_1_79' title='bbox 326 1876 419 1941; x_wconf 84' lang='lat' dir='ltr'><strong>agro</strong></span> <span class='ocrx_word' id='word_1_80' title='bbox 440 1855 569 1922; x_wconf 87' lang='lat' dir='ltr'><strong>dictas</strong></span> <span class='ocrx_word' id='word_1_81' title='bbox 592 1860 768 1939; x_wconf 86' lang='lat' dir='ltr'><strong>apparet;</strong></span> <span class='ocrx_word' id='word_1_82' title='bbox 791 1859 981 1926; x_wconf 81' lang='lat' dir='ltr'><strong>insulatas</strong></span> <span class='ocrx_word' id='word_1_83' title='bbox 1005 1863 1129 1941; x_wconf 82' lang='lat' dir='ltr'><strong>(sicM.,</strong></span> 
     </span>
     <span class='ocr_line' id='line_1_13' title="bbox 69 1961 1129 2050; baseline 0.006 -23"><span class='ocrx_word' id='word_1_84' title='bbox 69 1963 150 2028; x_wconf 89' lang='lat' dir='ltr'><strong>codd.</strong></span> <span class='ocrx_word' id='word_1_85' title='bbox 187 1963 357 2040; x_wconf 83' lang='lat' dir='ltr'><strong>infulas),</strong></span> <span class='ocrx_word' id='word_1_86' title='bbox 391 1961 507 2045; x_wconf 80' lang='lat' dir='ltr'><strong>quod,</strong></span> <span class='ocrx_word' id='word_1_87' title='bbox 529 1961 761 2026; x_wconf 79' lang='lat' dir='ltr'><strong>velamenta</strong></span> <span class='ocrx_word' id='word_1_88' title='bbox 791 1964 850 2028; x_wconf 88' lang='lat' dir='ltr'><strong>his</strong></span> <span class='ocrx_word' id='word_1_89' title='bbox 882 1984 898 2028; x_wconf 89' lang='lat' dir='ltr'><strong>e</strong></span> <span class='ocrx_word' id='word_1_90' title='bbox 931 1966 1020 2032; x_wconf 88' lang='lat' dir='ltr'><strong>lana</strong></span> <span class='ocrx_word' id='word_1_91' title='bbox 1052 1987 1129 2050; x_wconf 81' lang='lat' dir='ltr'><strong>quae</strong></span> 
     </span>
     <span class='ocr_line' id='line_1_14' title="bbox 68 2064 1128 2151; baseline 0.008 -21"><span class='ocrx_word' id='word_1_92' title='bbox 68 2068 273 2146; x_wconf 84' lang='lat' dir='ltr'><strong>adduntur,</strong></span> <span class='ocrx_word' id='word_1_93' title='bbox 295 2067 447 2143; x_wconf 75' lang='lat' dir='ltr'><strong>infulae,</strong></span> <span class='ocrx_word' id='word_1_94' title='bbox 469 2064 588 2131; x_wconf 90' lang='lat' dir='ltr'><strong>sublato</strong></span> <span class='ocrx_word' id='word_1_95' title='bbox 604 2067 764 2141; x_wconf 86' lang='lat' dir='ltr'><strong>hostiis,</strong></span> <span class='ocrx_word' id='word_1_96' title='bbox 789 2070 877 2151; x_wconf 85' lang='lat' dir='ltr'><strong>quod,</strong></span> <span class='ocrx_word' id='word_1_97' title='bbox 899 2071 987 2135; x_wconf 90' lang='lat' dir='ltr'><strong>initio</strong></span> <span class='ocrx_word' id='word_1_98' title='bbox 1009 2072 1048 2136; x_wconf 88' lang='lat' dir='ltr'><strong>ad</strong></span> <span class='ocrx_word' id='word_1_99' title='bbox 1070 2074 1128 2139; x_wconf 91' lang='lat' dir='ltr'><strong>his</strong></span> 
     </span>
     <span class='ocr_line' id='line_1_15' title="bbox 68 2164 1127 2257; baseline 0.008 -21"><span class='ocrx_word' id='word_1_100' title='bbox 68 2173 287 2256; x_wconf 78' lang='lat' dir='ltr'><strong>interpretandi</strong></span> <span class='ocrx_word' id='word_1_101' title='bbox 309 2192 402 2237; x_wconf 75' lang='lat' dir='ltr'><strong>sauss</strong></span> <span class='ocrx_word' id='word_1_102' title='bbox 424 2171 624 2255; x_wconf 82' lang='lat' dir='ltr'><strong>adscriptum,</strong></span> <span class='ocrx_word' id='word_1_103' title='bbox 650 2173 681 2236; x_wconf 79' lang='lat' dir='ltr'><strong>rs</strong></span> <span class='ocrx_word' id='word_1_104' title='bbox 705 2173 812 2239; x_wconf 79' lang='lat' dir='ltr'><strong>ssuiss</strong></span> <span class='ocrx_word' id='word_1_105' title='bbox 835 2174 913 2248; x_wconf 73' lang='lat' dir='ltr'><strong>ros</strong></span> <span class='ocrx_word' id='word_1_106' title='bbox 935 2179 1006 2257; x_wconf 80' lang='lat' dir='ltr'><strong>post</strong></span> <span class='ocrx_word' id='word_1_107' title='bbox 1025 2164 1127 2244; x_wconf 74' lang='lat' dir='ltr'><strong>inrd-</strong></span> 
     </span>
     <span class='ocr_line' id='line_1_16' title="bbox 69 2277 1127 2360; baseline 0.007 -19"><span class='ocrx_word' id='word_1_108' title='bbox 69 2277 124 2343; x_wconf 83' lang='lat' dir='ltr'><strong>las</strong></span> <span class='ocrx_word' id='word_1_109' title='bbox 167 2281 199 2343; x_wconf 89' lang='lat' dir='ltr'><strong>iu</strong></span> <span class='ocrx_word' id='word_1_110' title='bbox 238 2280 413 2343; x_wconf 84' lang='lat' dir='ltr'><strong>contextam</strong></span> <span class='ocrx_word' id='word_1_111' title='bbox 446 2278 615 2342; x_wconf 88' lang='lat' dir='ltr'><strong>orationem</strong></span> <span class='ocrx_word' id='word_1_112' title='bbox 653 2280 811 2360; x_wconf 87' lang='lat' dir='ltr'><strong>receptum</strong></span> <span class='ocrx_word' id='word_1_113' title='bbox 852 2282 908 2345; x_wconf 90' lang='lat' dir='ltr'><strong>est.</strong></span> <span class='ocrx_word' id='word_1_114' title='bbox 963 2283 1127 2349; x_wconf 83' lang='lat' dir='ltr'><strong>Enarravit</strong></span> 
     </span>
     <span class='ocr_line' id='line_1_17' title="bbox 68 2381 1127 2471; baseline 0.002 -25"><span class='ocrx_word' id='word_1_115' title='bbox 68 2381 158 2448; x_wconf 79' lang='lat' dir='ltr'><strong>Varro</strong></span> <span class='ocrx_word' id='word_1_116' title='bbox 170 2384 274 2449; x_wconf 86' lang='lat' dir='ltr'><strong>locum</strong></span> <span class='ocrx_word' id='word_1_117' title='bbox 290 2387 396 2466; x_wconf 68' lang='lat' dir='ltr'><strong>poetes,</strong></span> <span class='ocrx_word' id='word_1_118' title='bbox 418 2382 449 2446; x_wconf 90' lang='lat' dir='ltr'><strong>in</strong></span> <span class='ocrx_word' id='word_1_119' title='bbox 469 2400 526 2465; x_wconf 87' lang='lat' dir='ltr'><strong>quo</strong></span> <span class='ocrx_word' id='word_1_120' title='bbox 548 2382 656 2448; x_wconf 76' lang='lat' dir='ltr'><strong>hostie</strong></span> <span class='ocrx_word' id='word_1_121' title='bbox 678 2392 849 2464; x_wconf 64' lang='lat' dir='ltr'><strong>cereales</strong></span> <span class='ocrx_word' id='word_1_122' title='bbox 870 2384 1052 2468; x_wconf 79' lang='lat' dir='ltr'><strong>insalutes</strong></span> <span class='ocrx_word' id='word_1_123' title='bbox 1072 2409 1127 2471; x_wconf 86' lang='lat' dir='ltr'><strong>ap-</strong></span> 
     </span>
     <span class='ocr_line' id='line_1_18' title="bbox 68 2488 306 2567; baseline 0 -16"><span class='ocrx_word' id='word_1_124' title='bbox 68 2488 183 2567; x_wconf 83' lang='lat' dir='ltr'><strong>pellstae</strong></span> <span class='ocrx_word' id='word_1_125' title='bbox 209 2491 306 2552; x_wconf 87' lang='lat' dir='ltr'><strong>erent.</strong></span> 
     </span>
    </p>

    <p class='ocr_par' dir='ltr' id='par_1_5' title="bbox 162 2584 1081 2675">
     <span class='ocr_line' id='line_1_19' title="bbox 162 2584 1081 2675; baseline 0.001 -19"><span class='ocrx_word' id='word_1_126' title='bbox 162 2592 231 2656; x_wconf 89' lang='lat' dir='ltr'><strong>Ibd.</strong></span> <span class='ocrx_word' id='word_1_127' title='bbox 254 2613 283 2675; x_wconf 87' lang='lat' dir='ltr'><strong>p.</strong></span> <span class='ocrx_word' id='word_1_128' title='bbox 306 2591 362 2655; x_wconf 82' lang='lat'><strong>85:</strong></span> <span class='ocrx_word' id='word_1_129' title='bbox 406 2593 530 2671; x_wconf 88' lang='lat' dir='ltr'><strong>Versus,</strong></span> <span class='ocrx_word' id='word_1_130' title='bbox 553 2592 604 2675; x_wconf 91' lang='lat' dir='ltr'><strong>qui</strong></span> <span class='ocrx_word' id='word_1_131' title='bbox 626 2592 722 2657; x_wconf 90' lang='lat' dir='ltr'><strong>sicin</strong></span> <span class='ocrx_word' id='word_1_132' title='bbox 745 2592 900 2658; x_wconf 87' lang='lat' dir='ltr'><strong>codicibus</strong></span> <span class='ocrx_word' id='word_1_133' title='bbox 922 2584 1081 2660; x_wconf 61' lang='lat' dir='ltr'><strong>scribitur}</strong></span> 
     </span>
    </p>

    <p class='ocr_par' dir='ltr' id='par_1_6' title="bbox 66 2697 884 2886">
     <span class='ocr_line' id='line_1_20' title="bbox 212 2697 884 2778; baseline 0.012 -18"><span class='ocrx_word' id='word_1_134' title='bbox 212 2697 322 2774; x_wconf 76' lang='lat' dir='ltr'><strong>Musae,</strong></span> <span class='ocrx_word' id='word_1_135' title='bbox 346 2716 421 2778; x_wconf 88' lang='lat' dir='ltr'><strong>quas</strong></span> <span class='ocrx_word' id='word_1_136' title='bbox 444 2699 618 2762; x_wconf 89' lang='lat' dir='ltr'><strong>memorant</strong></span> <span class='ocrx_word' id='word_1_137' title='bbox 641 2715 785 2762; x_wconf 89' lang='lat' dir='ltr'><strong>noscenos</strong></span> <span class='ocrx_word' id='word_1_138' title='bbox 808 2718 884 2770; x_wconf 71' lang='lat' dir='ltr'><strong>esse,</strong></span> 
     </span>
     <span class='ocr_line' id='line_1_21' title="bbox 66 2801 456 2886; baseline 0 -20"><span class='ocrx_word' id='word_1_139' title='bbox 66 2801 106 2866; x_wconf 83' lang='lat' dir='ltr'><strong>itu</strong></span> <span class='ocrx_word' id='word_1_140' title='bbox 126 2803 250 2867; x_wconf 84' lang='lat' dir='ltr'><strong>ridetur</strong></span> <span class='ocrx_word' id='word_1_141' title='bbox 273 2803 456 2886; x_wconf 85' lang='lat' dir='ltr'><strong>explendus:</strong></span> 
     </span>
    </p>

    <p class='ocr_par' dir='ltr' id='par_1_7' title="bbox 69 2906 1087 3096">
     <span class='ocr_line' id='line_1_22' title="bbox 214 2906 1087 2990; baseline 0.002 -20"><span class='ocrx_word' id='word_1_142' title='bbox 214 2906 321 2981; x_wconf 86' lang='lat' dir='ltr'><strong>Musae,</strong></span> <span class='ocrx_word' id='word_1_143' title='bbox 344 2926 420 2990; x_wconf 89' lang='lat' dir='ltr'><strong>quas</strong></span> <span class='ocrx_word' id='word_1_144' title='bbox 441 2910 614 2972; x_wconf 88' lang='lat' dir='ltr'><strong>memorant</strong></span> <span class='ocrx_word' id='word_1_145' title='bbox 634 2908 761 2984; x_wconf 72' lang='lat' dir='ltr'><strong>nostri</strong></span> <span class='ocrx_word' id='word_1_146' title='bbox 782 2906 986 2973; x_wconf 76' lang='lat' dir='ltr'><strong>Casmenas</strong></span> <span class='ocrx_word' id='word_1_147' title='bbox 1009 2929 1087 2975; x_wconf 90' lang='lat' dir='ltr'><strong>esse.</strong></span> 
     </span>
     <span class='ocr_line' id='line_1_23' title="bbox 69 3011 498 3096; baseline 0 -20"><span class='ocrx_word' id='word_1_148' title='bbox 69 3011 195 3096; x_wconf 81' lang='lat' dir='ltr'><strong>Reliqua</strong></span> <span class='ocrx_word' id='word_1_149' title='bbox 217 3016 300 3078; x_wconf 89' lang='lat' dir='ltr'><strong>recte</strong></span> <span class='ocrx_word' id='word_1_150' title='bbox 321 3011 498 3076; x_wconf 85' lang='lat' dir='ltr'><strong>Muellerus.</strong></span> 
     </span>
    </p>

    <p class='ocr_par' dir='ltr' id='par_1_8' title="bbox 64 3117 1125 3614">
     <span class='ocr_line' id='line_1_24' title="bbox 163 3117 1123 3201; baseline 0.003 -18"><span class='ocrx_word' id='word_1_151' title='bbox 163 3118 230 3183; x_wconf 91' lang='lat' dir='ltr'><strong>lbd.</strong></span> <span class='ocrx_word' id='word_1_152' title='bbox 264 3139 292 3201; x_wconf 89' lang='lat' dir='ltr'><strong>p.</strong></span> <span class='ocrx_word' id='word_1_153' title='bbox 316 3118 356 3180; x_wconf 80' lang='lat'><strong>97</strong></span> <span class='ocrx_word' id='word_1_154' title='bbox 379 3117 555 3182; x_wconf 85' lang='lat' dir='ltr'><strong>erciderunt¹</strong></span> <span class='ocrx_word' id='word_1_155' title='bbox 589 3117 727 3199; x_wconf 88' lang='lat' dir='ltr'><strong>quaedam</strong></span> <span class='ocrx_word' id='word_1_156' title='bbox 758 3119 797 3183; x_wconf 94' lang='lat' dir='ltr'><strong>ob</strong></span> <span class='ocrx_word' id='word_1_157' title='bbox 826 3119 909 3182; x_wconf 87' lang='lat' dir='ltr'><strong>idem</strong></span> <span class='ocrx_word' id='word_1_158' title='bbox 943 3121 1123 3186; x_wconf 89' lang='lat' dir='ltr'><strong>vocabulum</strong></span> 
     </span>
     <span class='ocr_line' id='line_1_25' title="bbox 68 3221 1125 3306; baseline 0.005 -20"><span class='ocrx_word' id='word_1_159' title='bbox 68 3222 110 3289; x_wconf 89' lang='lat' dir='ltr'><strong>bis</strong></span> <span class='ocrx_word' id='word_1_160' title='bbox 131 3225 283 3306; x_wconf 86' lang='lat' dir='ltr'><strong>positum.</strong></span> <span class='ocrx_word' id='word_1_161' title='bbox 323 3223 404 3287; x_wconf 87' lang='lat' dir='ltr'><strong>Nam</strong></span> <span class='ocrx_word' id='word_1_162' title='bbox 427 3224 471 3288; x_wconf 87' lang='lat' dir='ltr'><strong>sic</strong></span> <span class='ocrx_word' id='word_1_163' title='bbox 493 3223 640 3305; x_wconf 89' lang='lat' dir='ltr'><strong>scriptum</strong></span> <span class='ocrx_word' id='word_1_164' title='bbox 661 3221 775 3288; x_wconf 84' lang='lat' dir='ltr'><strong>iuerat:</strong></span> <span class='ocrx_word' id='word_1_165' title='bbox 819 3223 970 3288; x_wconf 87' lang='lat' dir='ltr'><strong>Numen</strong></span> <span class='ocrx_word' id='word_1_166' title='bbox 993 3226 1125 3291; x_wconf 88' lang='lat' dir='ltr'><strong>dicunt</strong></span> 
     </span>
     <span class='ocr_line' id='line_1_26' title="bbox 66 3319 1123 3412; baseline 0.002 -22"><span class='ocrx_word' id='word_1_167' title='bbox 66 3345 148 3393; x_wconf 87' lang='lat' dir='ltr'><strong>esse</strong></span> <span class='ocrx_word' id='word_1_168' title='bbox 181 3327 410 3404; x_wconf 81' lang='lat' dir='ltr'><strong>imperium,</strong></span> <span class='ocrx_word' id='word_1_169' title='bbox 447 3326 769 3405; x_wconf 84' lang='lat' dir='ltr'><strong>dictumauutu‚</strong></span> <span class='ocrx_word' id='word_1_170' title='bbox 805 3327 923 3412; x_wconf 56' lang='lat' dir='ltr'><strong>[quiea</strong></span> <span class='ocrx_word' id='word_1_171' title='bbox 949 3319 1061 3392; x_wconf 81' lang='lat' dir='ltr'><strong>caios</strong></span> <span class='ocrx_word' id='word_1_172' title='bbox 1087 3332 1123 3392; x_wconf 80' lang='lat' dir='ltr'><strong>is</strong></span> 
     </span>
     <span class='ocr_line' id='line_1_27' title="bbox 64 3431 1124 3517; baseline 0.006 -24"><span class='ocrx_word' id='word_1_173' title='bbox 64 3433 167 3517; x_wconf 79' lang='lat' dir='ltr'><strong>auru]</strong></span> <span class='ocrx_word' id='word_1_174' title='bbox 189 3432 319 3498; x_wconf 86' lang='lat' dir='ltr'><strong>omnia</strong></span> <span class='ocrx_word' id='word_1_175' title='bbox 340 3434 446 3507; x_wconf 85' lang='lat' dir='ltr'><strong>sunt,</strong></span> <span class='ocrx_word' id='word_1_176' title='bbox 467 3431 550 3496; x_wconf 88' lang='lat' dir='ltr'><strong>eius</strong></span> <span class='ocrx_word' id='word_1_177' title='bbox 572 3431 774 3513; x_wconf 91' lang='lat' dir='ltr'><strong>imperium</strong></span> <span class='ocrx_word' id='word_1_178' title='bbox 802 3451 1013 3498; x_wconf 82' lang='lat' dir='ltr'><strong>maxumum</strong></span> <span class='ocrx_word' id='word_1_179' title='bbox 1035 3453 1124 3499; x_wconf 91' lang='lat' dir='ltr'><strong>esse</strong></span> 
     </span>
     <span class='ocr_line' id='line_1_28' title="bbox 64 3536 513 3614; baseline 0 -14"><span class='ocrx_word' id='word_1_180' title='bbox 64 3538 239 3604; x_wconf 83' lang='lat' dir='ltr'><strong>rideatur</strong></span> <span class='ocrx_word' id='word_1_181' title='bbox 262 3536 513 3614; x_wconf 71' lang='lat' dir='ltr'><strong>(videturP).¹)</strong></span> 
     </span>
    </p>

    <p class='ocr_par' dir='ltr' id='par_1_9' title="bbox 64 3640 1123 3830">
     <span class='ocr_line' id='line_1_29' title="bbox 160 3640 1123 3725; baseline -0.007 -16"><span class='ocrx_word' id='word_1_182' title='bbox 160 3644 228 3709; x_wconf 72' lang='lat' dir='ltr'><strong>lib.</strong></span> <span class='ocrx_word' id='word_1_183' title='bbox 248 3643 325 3706; x_wconf 88' lang='lat' dir='ltr'><strong>Vlll</strong></span> <span class='ocrx_word' id='word_1_184' title='bbox 346 3662 375 3725; x_wconf 89' lang='lat' dir='ltr'><strong>p.</strong></span> <span class='ocrx_word' id='word_1_185' title='bbox 400 3640 459 3704; x_wconf 80' lang='lat'><strong>104</strong></span> <span class='ocrx_word' id='word_1_186' title='bbox 480 3640 623 3722; x_wconf 88' lang='lat' dir='ltr'><strong>quoniam</strong></span> <span class='ocrx_word' id='word_1_187' title='bbox 644 3641 675 3704; x_wconf 92' lang='lat' dir='ltr'><strong>iu</strong></span> <span class='ocrx_word' id='word_1_188' title='bbox 699 3641 851 3707; x_wconf 83' lang='lat' dir='ltr'><strong>codicibus</strong></span> <span class='ocrx_word' id='word_1_189' title='bbox 873 3645 921 3707; x_wconf 85' lang='lat' dir='ltr'><strong>est</strong></span> <span class='ocrx_word' id='word_1_190' title='bbox 942 3642 1123 3720; x_wconf 79' lang='lat' dir='ltr'><strong>dicerentur,</strong></span> 
     </span>
     <span class='ocr_line' id='line_1_30' title="bbox 64 3745 1122 3830; baseline -0.002 -15"><span class='ocrx_word' id='word_1_191' title='bbox 64 3768 120 3815; x_wconf 86' lang='lat' dir='ltr'><strong>non</strong></span> <span class='ocrx_word' id='word_1_192' title='bbox 143 3750 286 3823; x_wconf 80' lang='lat' dir='ltr'><strong>dicerem,</strong></span> <span class='ocrx_word' id='word_1_193' title='bbox 308 3745 388 3810; x_wconf 81' lang='lat' dir='ltr'><strong>effici</strong></span> <span class='ocrx_word' id='word_1_194' title='bbox 410 3745 515 3824; x_wconf 82' lang='lat' dir='ltr'><strong>debet,</strong></span> <span class='ocrx_word' id='word_1_195' title='bbox 554 3745 636 3828; x_wconf 90' lang='lat' dir='ltr'><strong>quod</strong></span> <span class='ocrx_word' id='word_1_196' title='bbox 662 3764 718 3829; x_wconf 88' lang='lat' dir='ltr'><strong>per</strong></span> <span class='ocrx_word' id='word_1_197' title='bbox 750 3764 784 3811; x_wconf 87' lang='lat' dir='ltr'><strong>se</strong></span> <span class='ocrx_word' id='word_1_198' title='bbox 816 3747 928 3813; x_wconf 83' lang='lat' dir='ltr'><strong>rectius</strong></span> <span class='ocrx_word' id='word_1_199' title='bbox 950 3749 1012 3811; x_wconf 85' lang='lat' dir='ltr'><strong>est:</strong></span> <span class='ocrx_word' id='word_1_200' title='bbox 1050 3766 1122 3830; x_wconf 89' lang='lat' dir='ltr'><strong>quo</strong></span> 
     </span>
    </p>
   </div>
   <div class='ocr_carea' id='block_1_3' title="bbox 66 3851 1320 3934">
    <p class='ocr_par' dir='ltr' id='par_1_10' title="bbox 66 3851 1320 3934">
     <span class='ocr_line' id='line_1_31' title="bbox 66 3851 1320 3934; baseline -0.006 -16"><span class='ocrx_word' id='word_1_201' title='bbox 66 3854 217 3918; x_wconf 86' lang='lat' dir='ltr'><strong>facilius</strong></span> <span class='ocrx_word' id='word_1_202' title='bbox 245 3869 373 3916; x_wconf 90' lang='lat' dir='ltr'><strong>omues</strong></span> <span class='ocrx_word' id='word_1_203' title='bbox 394 3872 467 3927; x_wconf 77' lang='lat' dir='ltr'><strong>res,</strong></span> <span class='ocrx_word' id='word_1_204' title='bbox 505 3851 644 3933; x_wconf 85' lang='lat' dir='ltr'><strong>quibus</strong></span> <span class='ocrx_word' id='word_1_205' title='bbox 672 3852 716 3915; x_wconf 90' lang='lat' dir='ltr'><strong>ad</strong></span> <span class='ocrx_word' id='word_1_206' title='bbox 748 3870 854 3916; x_wconf 89' lang='lat' dir='ltr'><strong>usum</strong></span> <span class='ocrx_word' id='word_1_207' title='bbox 887 3871 977 3934; x_wconf 91' lang='lat' dir='ltr'><strong>opus</strong></span> <span class='ocrx_word' id='word_1_208' title='bbox 1010 3864 1122 3927; x_wconf 81' lang='lat' dir='ltr'><strong>esset,</strong></span> <span class='ocrx_word' id='word_1_209' title='bbox 1189 3897 1197 3902; x_wconf 82' lang='lat'><em>-</em></span> <span class='ocrx_word' id='word_1_210' title='bbox 1318 3872 1320 3875; x_wconf 94' lang='lat'>·</span> 
     </span>
    </p>
   </div>
   <div class='ocr_carea' id='block_1_4' title="bbox 67 3958 301 4024">
    <p class='ocr_par' dir='ltr' id='par_1_11' title="bbox 67 3958 301 4024">
     <span class='ocr_line' id='line_1_32' title="bbox 67 3958 301 4024; baseline -0.009 -3"><span class='ocrx_word' id='word_1_211' title='bbox 67 3958 301 4024; x_wconf 86' lang='lat' dir='ltr'><strong>dicerentur.</strong></span> 
     </span>
    </p>
   </div>
   <div class='ocr_carea' id='block_1_5' title="bbox 68 4124 259 4136">
    <p class='ocr_par' dir='ltr' id='par_1_12' title="bbox 68 4124 259 4136">
     <span class='ocr_line' id='line_1_33' title="bbox 68 4124 259 4136; baseline -0.005 -1"><span class='ocrx_word' id='word_1_212' title='bbox 68 4124 259 4136; x_wconf 45' lang='lat' dir='ltr'><strong>——Q</strong></span> 
     </span>
    </p>
   </div>
   <div class='ocr_carea' id='block_1_6' title="bbox 97 4198 1122 4451">
    <p class='ocr_par' dir='ltr' id='par_1_13' title="bbox 97 4198 1122 4451">
     <span class='ocr_line' id='line_1_34' title="bbox 97 4198 1122 4273; baseline 0.005 -17"><span class='ocrx_word' id='word_1_213' title='bbox 97 4200 163 4267; x_wconf 74' lang='lat'>¹11³.</span> <span class='ocrx_word' id='word_1_214' title='bbox 185 4205 234 4259; x_wconf 87' lang='lat'><strong>101</strong></span> <span class='ocrx_word' id='word_1_215' title='bbox 261 4204 325 4269; x_wconf 81' lang='grc'>(382</span> <span class='ocrx_word' id='word_1_216' title='bbox 348 4203 404 4272; x_wconf 80' lang='lat' dir='ltr'>Sp.)</span> <span class='ocrx_word' id='word_1_217' title='bbox 422 4203 576 4273; x_wconf 79' lang='lat' dir='ltr'><strong>scripseram</strong></span> <span class='ocrx_word' id='word_1_218' title='bbox 604 4219 678 4258; x_wconf 84' lang='lat' dir='ltr'><strong>uam</strong></span> <span class='ocrx_word' id='word_1_219' title='bbox 706 4201 791 4259; x_wconf 88' lang='lat' dir='ltr'><strong>ideo.</strong></span> <span class='ocrx_word' id='word_1_220' title='bbox 828 4198 909 4258; x_wconf 84' lang='lat' dir='ltr'><strong>Idem</strong></span> <span class='ocrx_word' id='word_1_221' title='bbox 927 4203 1062 4260; x_wconf 76' lang='lat' dir='ltr'><strong>curiatius</strong></span> <span class='ocrx_word' id='word_1_222' title='bbox 1080 4206 1122 4261; x_wconf 88' lang='lat' dir='ltr'><strong>iu-</strong></span> 
     </span>
     <span class='ocr_line' id='line_1_35' title="bbox 135 4294 1122 4368; baseline 0.01 -23"><span class='ocrx_word' id='word_1_223' title='bbox 135 4294 213 4358; x_wconf 77' lang='lat' dir='ltr'><strong>rarit,</strong></span> <span class='ocrx_word' id='word_1_224' title='bbox 240 4295 284 4350; x_wconf 89' lang='lat' dir='ltr'><strong>cui</strong></span> <span class='ocrx_word' id='word_1_225' title='bbox 310 4310 362 4350; x_wconf 89' lang='lat' dir='ltr'><strong>nou</strong></span> <span class='ocrx_word' id='word_1_226' title='bbox 392 4297 462 4350; x_wconf 80' lang='lat' dir='ltr'><strong>recte</strong></span> <span class='ocrx_word' id='word_1_227' title='bbox 489 4295 646 4351; x_wconf 77' lang='lat' dir='ltr'><strong>adversatur</strong></span> <span class='ocrx_word' id='word_1_228' title='bbox 672 4295 832 4366; x_wconf 79' lang='lat' dir='ltr'><strong>Spengelius</strong></span> <span class='ocrx_word' id='word_1_229' title='bbox 856 4296 957 4352; x_wconf 91' lang='lat' dir='ltr'><strong>Philol.</strong></span> <span class='ocrx_word' id='word_1_230' title='bbox 984 4296 1064 4353; x_wconf 82' lang='lat' dir='ltr'>XVII</span> <span class='ocrx_word' id='word_1_231' title='bbox 1094 4314 1122 4368; x_wconf 78' lang='lat' dir='ltr'><strong>p.</strong></span> 
     </span>
     <span class='ocr_line' id='line_1_36' title="bbox 136 4383 604 4451; baseline 0.013 -13"><span class='ocrx_word' id='word_1_232' title='bbox 136 4383 195 4451; x_wconf 72' lang='lat'><strong>3013</strong></span> <span class='ocrx_word' id='word_1_233' title='bbox 213 4385 248 4440; x_wconf 86' lang='lat' dir='ltr'><strong>id</strong></span> <span class='ocrx_word' id='word_1_234' title='bbox 265 4389 320 4441; x_wconf 87' lang='lat' dir='ltr'><strong>est</strong></span> <span class='ocrx_word' id='word_1_235' title='bbox 337 4386 454 4442; x_wconf 79' lang='lat' dir='ltr'><strong>alienum</strong></span> <span class='ocrx_word' id='word_1_236' title='bbox 472 4387 536 4442; x_wconf 88' lang='lat' dir='ltr'><strong>hinc</strong></span> <span class='ocrx_word' id='word_1_237' title='bbox 553 4390 604 4444; x_wconf 85' lang='lat' dir='ltr'><strong>est.</strong></span> 
     </span>
    </p>
   </div>
   <div class='ocr_carea' id='block_1_7' title="bbox 0 0 1344 5016">
    <p class='ocr_par' dir='ltr' id='par_1_14' title="bbox 0 0 1344 5016">
     <span class='ocr_line' id='line_1_37' title="bbox 0 0 1344 5016; baseline 0 0"><span class='ocrx_word' id='word_1_238' title='bbox 0 0 1344 5016; x_wconf 95' lang='lat' dir='ltr'><strong> </strong></span> 
     </span>
    </p>
   </div>
  </div>
 </body>
</html>
