2656 5056
378 743 407 797 L.
429 742 534 798 Senecae
552 743 690 813 Epistola.
960 748 1022 812 515
1129 727 1135 733 ι

47 941 162 1006 ticam
196 941 311 1006 habes
351 947 408 1010 cst.
469 946 566 1010 Recte
611 945 782 1028 superiores
825 947 1067 1014 coniunxerant:

49 1047 225 1111 bitamns
354 1068 490 1133 sapere
522 1054 559 1116 et
592 1093 641 1117 rr.
680 1053 879 1134 ingerere?
923 1053 1065 1119 Ridicule

47 1170 109 1216 ¹ea
142 1151 419 1238 Schweighaeuserc
452 1159 587 1239 primum
622 1157 846 1224 dubitamus
879 1158 979 1223 selum
1001 1160 1068 1224 sine

47 1276 90 1322 su
111 1258 242 1339 ponitur,
277 1261 361 1325 tumr
398 1262 489 1345 quid
515 1264 624 1328 iurat
656 1282 790 1348 sapere
812 1266 849 1328 et
954 1266 1067 1349 iuge·

46 1366 106 1428 ra?
139 1382 209 1428 cum
232 1367 395 1433 manifeste
418 1367 579 1433 sententie
612 1369 753 1445 interitu;
787 1370 832 1434 sie
853 1368 934 1433 enim
957 1371 1066 1454 volup·

47 1469 84 1532 ii·
101 1470 316 1555 interrogando
342 1473 551 1552 dehortantur,
592 1494 630 1539 us
662 1474 870 1558 voluptatibus
905 1475 1067 1559 indulges-

47 1597 57 1635 ’.
103 1576 193 1641 Initio
227 1576 366 1643 haesitavi
408 1580 566 1657 nonnihil,
601 1584 704 1645 utrum
737 1581 932 1646 scribendum
968 1584 1066 1646 esset:

47 1682 249 1756 rbitamus,
283 1684 377 1767 quod
398 1685 505 1749 iuvat
531 1687 577 1763 (ct
606 1687 764 1762 oblectat),
786 1705 927 1769 rapere
948 1689 998 1761 (ut
1019 1688 1069 1751 est

74 1788 177 1852 codice
212 1789 313 1872 aliquo
346 1790 586 1870 recentissimo),
629 1811 683 1856 an:
730 1794 770 1883 d.‚
805 1791 900 1875 qued
946 1795 1067 1862 isset,

48 1911 138 1975 pere
170 1894 226 1969 (ita
257 1913 374 1977 sapere,
411 1898 446 1960 ut
473 1914 509 1960 ca
546 1897 697 1981 sapientia
734 1915 788 1961 nes
815 1896 913 1973 iuvet)
943 1901 982 1960 et

47 2003 209 2081 gerere?
245 1999 298 2065 sed
329 2003 586 2084 prestarprius,
616 2003 697 2086 quod
729 2002 785 2067 boc
814 2002 966 2084 posterius
1006 2020 1067 2066 non

47 2107 95 2169 net
116 2108 221 2188 aptum
244 2106 397 2171 obiectum
420 2109 706 2196 vcrbijngerere
728 2109 835 2174 aetati
856 2126 885 2172 n.
908 2126 932 2171 s.
954 2125 981 2170 r.
1006 2125 1068 2171 re·

47 2213 182 2293 pturae,
215 2214 320 2276 centra
349 2214 467 2278 rectum
496 2216 559 2278 est:
594 2215 693 2298 qued
725 2216 850 2291 iurat,
885 2215 1069 2298 ingerere

47 2356 57 2379 ..
83 2336 110 2381 n.
124 2334 148 2380 s.
162 2336 190 2379 v.
213 2336 286 2383 rec.
309 2317 449 2402 Reliqua,
470 2339 529 2384 non
543 2319 658 2393 dubito,
680 2323 751 2403 quin
775 2320 813 2384 ad
838 2320 917 2386 hauc
938 2320 1068 2384 termam

46 2422 114 2486 nice
156 2422 280 2487 iubendi
314 2427 346 2488 et
381 2424 528 2490 irridendi
566 2425 733 2510 redigenda
766 2426 842 2490 sint:
892 2421 1070 2506 Praepeti-

47 2537 81 2588 te
124 2548 212 2610 erpo
255 2534 415 2593 mortem
460 2549 649 2613 praecurre
685 2534 736 2602 et,
775 2529 962 2613 quicquid
999 2529 1070 2593 illa

54 2631 189 2697 latura
219 2636 297 2710 est,
324 2635 400 2700 iam
427 2637 502 2698 tibi
533 2637 745 2699 interverto.
803 2635 872 2698 Hoc
894 2635 975 2698 enim
1001 2652 1070 2716 prc-

47 2757 70 2802 rs
109 2741 141 2802 at
179 2739 388 2820 depravationi
432 2743 532 2827 megin
568 2742 689 2823 obvium
730 2759 821 2822 qnam
865 2734 1068 2803 interdice.

47 2844 263 2927 rugatitate
284 2865 326 2909 m.
356 2866 587 2930 praecurrere
611 2848 673 2911 iam
696 2845 843 2909 Erasmus
866 2849 897 2909 et
920 2842 1071 2908 editiones

47 2954 72 3014 te
96 2948 433 3034 Schweigbaeaserum.)
476 2953 555 3017 Tum
592 2955 612 3033 ς
637 2951 675 3014 12
695 2951 727 3015 in
753 2950 857 3016 codiee
880 2951 905 3014 B
928 2951 974 3014 sic
997 2951 1072 3015 scri·

47 3075 100 3120 ur:
145 3057 251 3121 Idem
285 3060 446 3139 possunt
478 3058 537 3133 (bae
559 3076 660 3143 noces,
694 3055 774 3140 quod
797 3055 970 3136 Sirenum);
1004 3054 1072 3120 ab·
1107 3056 1109 3059 ’

47 3164 151 3227 cunt
172 3180 190 3226 a
211 3165 363 3245 patrie,
395 3162 681 3246 aparentibus,
703 3162 749 3226 ab
771 3159 923 3236 amicis,
946 3178 965 3224 a
985 3161 1071 3224 vir·

50 3268 162 3334 tibus
196 3271 233 3333 et
254 3269 365 3334 inter
393 3287 498 3353 spem
530 3271 649 3334 vitam
683 3269 867 3333 miseram
890 3267 921 3331 si
944 3265 1073 3346 turpis

47 3375 206 3450 ludunt,
237 3374 434 3458 proximeque
467 3376 497 3440 in
520 3375 591 3440 aliis
618 3373 719 3451 (utin
744 3372 941 3456 Erlsngensi:
964 3372 1074 3436 inter

53 3497 109 3544 em
143 3480 265 3544 vitam
298 3480 443 3545 misera
477 3481 553 3545 nisi
585 3480 716 3562 tarpis
737 3478 945 3555 inludunt).
991 3477 1074 3542 Scri·

47 3586 140 3651 udum
162 3586 299 3651 videtur:
333 3590 370 3650 et
401 3586 504 3651 inter
531 3605 636 3669 spem
657 3595 689 3647 et
710 3585 834 3649 vitam
855 3583 1019 3644 miseras
1042 3591 1075 3644 et

47 3690 330 3776 episittudunt.
375 3693 441 3757 Etsi
466 3692 535 3765 ruia,
557 3709 650 3773 quum
672 3687 839 3753 illidant
873 3706 943 3752 cum
968 3685 1075 3751 dativo

47 3801 131 3863 besse
152 3800 303 3880 putarem.
347 3798 491 3862 Extrema
513 3795 644 3877 denique
665 3790 828 3879 epistola§
846 3792 895 3871 16,
917 3792 970 3857 ubi
994 3809 1075 3856 nunc

47 3904 121 3968 itur:
145 3902 396 3985 Superstitio
418 3920 526 3967 error
547 3900 722 3965 infantis
743 3903 803 3965 est
824 3898 919 3981 (qnod
941 3897 1077 3963 debebat

47 4026 71 4072 re
94 4008 288 4092 puerilis),
309 4009 382 4074 clim
406 4008 553 4074 edebatur
574 4006 738 4069 insanus
762 4006 839 4078 ast,
862 4005 892 4068 in
916 4002 1076 4068 codicibus

47 4112 131 4179 timis
142 4113 301 4179 scribitur:
324 4132 431 4180 error
451 4110 698 4177 insanandus
720 4112 788 4174 est.
832 4109 1075 4190 Latctopincr:

48 4221 347 4285 sanioevicr'aas
370 4222 436 4284 est.
543 4289 545 4293 ,

106 4328 161 4410 Ep.
198 4327 267 4402 124,
300 4325 320 4385 4
355 4324 474 4389 codices
507 4324 600 4401 (Eat
631 4320 717 4398 alii):
763 4318 836 4384 Sed
879 4320 1079 4385 videlicet

50 4435 110 4500 tic
142 4432 213 4498 isti
246 4432 302 4496 rei
332 4429 551 4515 preposita
586 4429 648 4492 est
677 4426 739 4491 iili
762 4424 1078 4509 quemadmodum

51 4542 146 4606 beat
168 4537 211 4602 de
232 4538 313 4602 vita
342 4537 489 4617 (Bapr.
511 4553 604 4599 mauu
628 4532 769 4597 debeat
799 4530 945 4607 debita;
983 4528 1077 4593 editio
1198 4624 1201 4628 Ι
1253 4507 1255 4512 ’

825 4636 875 4688 88⁶
