2656 5056
267 285 325 346 108
634 282 694 334 uro.
714 280 751 334 11.
771 282 840 349 cap.
860 280 886 334 1.

223 480 342 563 Opinon
357 479 533 544 Ciceronem
550 479 725 561 scripsisse:
748 476 807 542 sic
829 477 1110 550 interuallis¹
1131 476 1261 543 credens

223 586 421 656 tionibus.
452 603 549 650 voce
582 586 696 650 suavi
726 587 764 648 et
793 602 951 649 canora
975 582 1026 650 adl
1049 579 1262 652 miranduuild

226 690 721 773 ciebat<ita>calebatin
739 690 914 774 agendo,
935 695 983 756 ut
1007 696 1072 756 cet.
1102 688 1264 773 Praepositim
1290 735 1293 775 4

225 817 296 863 eum
339 799 431 863 uerbo
474 797 605 863 conflata
645 794 918 861 accommodatum
958 799 1156 880 gerundium
1188 794 1293 868 ridete¹

225 903 370 971 ablativis
403 901 654 986 precedentibus.
705 899 792 966 Nihil
813 903 924 965 tamen
949 901 1084 967 adfirmo
1107 902 1163 968 nisi
1181 903 1211 966 de
1225 902 1264 962 uni

225 1029 312 1076 versa
334 1012 392 1075 loci
414 1009 564 1087 forma.*)
1293 1024 1294 1027 ’

327 1132 404 1199 lbid.
428 1133 505 1197 238:
538 1135 578 1196 at
607 1131 740 1208 (eratin
762 1132 795 1197 C.
820 1130 944 1208 ldacro)
976 1132 1020 1196 in
1055 1127 1265 1199 inveniendis

226 1239 594 1322 componendisque
626 1237 745 1302 rebus
779 1235 877 1300 mira
911 1242 1155 1314 accuratio,
1176 1240 1265 1302 utror

226 1343 350 1410 facile
380 1345 417 1409 in
448 1345 533 1410 ullo
562 1343 874 1428 diligentiorem
909 1345 1265 1428 maioremqueoop·

226 1451 416 1519 noverim.
479 1450 767 1518 Accurationis
803 1467 926 1527 nomen,
968 1451 1061 1533 quod
1100 1469 1192 1535 neque
1218 1444 1266 1529 apd

227 1559 404 1623 Ciceronem
428 1558 500 1623 alibi
523 1576 621 1640 nequa
648 1555 730 1639 apud
759 1574 945 1638 quemquam
981 1556 1109 1622 bonum
1132 1559 1264 1639 scriptores

226 1664 350 1749 legitur,
373 1684 407 1729 eo
430 1664 529 1748 magis
548 1662 751 1745 suspicionem
767 1662 880 1735 movet.
895 1662 994 1744 quod,
1013 1664 1045 1728 si
1061 1665 1096 1728 iu
1112 1659 1267 1730 asnonio

227 1771 348 1844 fuisset,
377 1771 540 1853 multiplex
574 1769 639 1834 eius
674 1766 806 1853 ponendi
840 1768 964 1833 occasio
1002 1771 1132 1849 suisset,
1166 1774 1196 1835 et
1220 1764 1267 1851 qood
1296 1812 1297 1815 ,

226 1877 328 1958 ipsum
351 1874 539 1942 adiectivnm
561 1876 777 1940 accuratus
800 1891 952 1954 nosquam
976 1874 1019 1938 de
1044 1878 1184 1958 personis
1196 1877 1222 1940 in
1233 1873 1268 1935 ri·
1298 1869 1300 1890 ²

228 1984 305 2048 tutis
326 1983 431 2066 aliquo
453 2001 567 2067 genere
590 1982 723 2046 notando
739 1979 857 2045 dictum
871 1981 1044 2061 reperitur.
1086 1986 1181 2050 liceto
1199 1983 1269 2047 corin

228 2089 349 2160 dicitur.
381 2088 460 2172 qnod
488 2107 507 2152 a
534 2086 680 2153 Cicerone
709 2070 858 2167 scriptum
884 2069 985 2167 puto:
1020 2090 1131 2156 mira
1162 2099 1271 2156 curtat

226 2197 323 2262 ratio.
366 2194 515 2278 Apparet,
537 2212 628 2276 quam
651 2193 750 2267 facilc.
773 2192 799 2256 si
821 2190 974 2273 scriptum
999 2206 1113 2263 errore
1136 2198 1192 2261 fuit
1208 2194 1273 2259 niu

227 2302 476 2371 curucratio.
499 2300 571 2366 inde
593 2300 678 2365 nasci
700 2299 835 2382 potuerit
856 2304 1090 2368 accuratio.

328 2424 407 2489 lbid.
432 2425 509 2489 249:
543 2423 647 2503 Quid
679 2422 809 2508 igitur
841 2423 885 2486 de
918 2421 998 2488 illo
1034 2424 1214 2496 iudices,
1237 2421 1275 2485 ir·

227 2549 359 2614 quam.
384 2550 496 2613 quem
519 2550 621 2615 saepc
643 2528 866 2594 audivisti?
917 2527 972 2594 Sic
996 2529 1147 2599 Ciceroni
1169 2534 1203 2598 de
1221 2530 1279 2595 lla·

227 2638 304 2702 cello
327 2639 476 2720 quaerenti
497 2640 609 2703 Brutus
631 2635 809 2720 respondet:
832 2633 936 2714 Quid
961 2655 1137 2717 censes,
1159 2637 1281 2721 inquit

227 2744 307 2809 nisi
340 2743 394 2819 id,
429 2743 531 2825 quod
563 2743 779 2809 habiturus
815 2759 855 2804 es
888 2739 1079 2810 similem
1109 2746 1195 2811 tui?
1222 2739 1281 2822 Quid

226 2849 277 2916 hic
300 2849 476 2916 Ciceronem
506 2869 559 2932 pro
586 2868 631 2923 eo,
658 2849 739 2931 quod
762 2853 809 2911 est
838 2864 983 2913 censes
1007 2856 1049 2914 te
1075 2851 1283 2918 habiturnn

227 2975 315 3023 esso
351 2953 528 3020 similem
564 2955 639 3030 tui,
673 2954 787 3019 dixisse
807 2954 919 3035 putant
951 2972 1108 3024 censes
1133 2952 1283 3039 id,quod

226 3064 444 3128 habiturus
468 3078 507 3124 es
529 3079 554 3128 s.
577 3061 599 3125 t.
622 3060 726 3136 (aliter
741 3044 976 3124 emmerammi
995 3060 1067 3127 haec
1084 3085 1147 3131 non
1163 3063 1287 3149 possuntt

226 3167 305 3233 nihil
333 3171 437 3251 potest
467 3168 566 3249 magis
594 3166 757 3231 barbarum
788 3185 871 3240 esse:
899 3183 938 3229 ne
959 3167 1064 3233 tertio
1092 3174 1219 3256 quidem
1238 3170 1287 3253 poti

226 3273 381 3340 Christum
405 3271 518 3338 saeculo
537 3272 698 3355 quisquam
721 3273 765 3338 sie
787 3271 925 3338 dicturus
941 3280 1014 3338 erat
1030 3275 1208 3344 indicativo
1221 3270 1289 3340 modo

226 3388 292 3459 (es)
314 3381 482 3462 additoque
504 3378 553 3443 id.
608 3379 745 3448 Accedit.
779 3381 861 3460 qnod
882 3396 977 3460 prave
1010 3383 1149 3463 ponitur
1177 3384 1287 3449 duturuu
1319 3363 1320 3408 ³

279 3651 304 3716 *l
323 3648 366 3703 Ad
385 3647 560 3703 deterrendos
579 3647 702 3703 homines
722 3664 739 3702 a
757 3647 920 3702 coniecturis
947 3654 1057 3706 temere
1084 3653 1225 3709 tentandis
1240 3647 1291 3702 note

325 3757 387 3798 esse
410 3748 510 3812 potest,
539 3742 613 3810 quod
637 3742 690 3796 hoc
709 3741 770 3795 loco
790 3740 928 3810 Kayserus
947 3743 1082 3811 scripsit:
1114 3740 1290 3802 admiranda

325 3835 494 3906 dignitate
513 3835 653 3890 valebat
672 3833 704 3887 in
723 3834 862 3902 agendo,
880 3832 1101 3893 sublatoaltero
1116 3837 1289 3906 verooulmo

325 3929 481 3999 depravato,
500 3927 652 3996 effectoque
679 3928 731 3981 hoc
760 3926 894 3981 orationis
921 3937 1066 3984 monstro:
1096 3928 1288 3988 intervallis.

325 4021 656 4077 exclamationibus.
677 4061 683 4073 .
703 4062 709 4074 .
730 4063 735 4075 .
756 4019 958 4075 admiranda
981 4019 1167 4092 (lignitate
1192 4024 1290 4080 valere

324 4114 356 4167 in
375 4114 511 4182 agendo.
