2678 5018
388 590 414 645 θ
548 615 695 672 Lueretius
1070 617 1110 679 27

88 819 254 898 utrumque
277 816 454 881 subiectum
486 815 593 880 eodem
615 816 801 897 pronomine,
838 815 946 882 eedem
967 818 1152 899 pronominis

90 919 498 1006 formesignificerepotnit.
520 922 573 995 At,
593 921 702 1004 inquit,
723 941 765 984 ee
775 922 955 988 femininum
968 942 1029 988 non
1041 924 1153 1007 legitur

90 1027 170 1111 spnd
190 1027 374 1092 Lucretium
384 1026 450 1102 (sed
471 1047 528 1102 eor,
560 1039 630 1102 eor),
651 1047 709 1093 nec
731 1026 785 1106 to,
823 1028 877 1092 sed
899 1026 963 1090 ter
984 1047 1039 1110 pro
1061 1029 1152 1094 femi·

92 1134 163 1197 nino
184 1133 290 1197 semel.
337 1132 423 1212 Quae,
443 1133 568 1209 malum,
592 1133 658 1197 haec
679 1137 727 1198 est
747 1135 921 1218 argumenti
942 1134 1094 1200 conclusio
1115 1152 1151 1201 er

90 1256 151 1305 nno
173 1238 336 1320 exemplo?
391 1240 468 1304 Sunt
498 1238 639 1304 alienon
660 1238 723 1303 fere
743 1239 853 1304 melius
876 1240 1017 1306 concluse
1048 1240 1152 1306 eviro

91 1347 237 1428 peracuto
270 1346 303 1408 et
322 1343 484 1428 perdocto,
516 1362 575 1409 non
608 1362 729 1426 semper
751 1348 850 1423 ceute,
873 1366 939 1430 que
960 1365 1014 1430 pro
1033 1347 1151 1431 legibus

92 1453 296 1535 accipiuntur.
485 1528 487 1533 Ι

194 1557 250 1634 VI,
273 1556 334 1618 799
355 1576 422 1639 sqq.
444 1574 524 1621 nuno
545 1555 646 1621 editur
666 1575 684 1620 e
704 1555 895 1621 Lechmeuni
918 1558 1102 1624 coniectura:

175 1664 315 1745 Denique
336 1662 364 1726 si
385 1661 491 1728 calidis
516 1662 608 1728 etiem
631 1666 774 1727 cunctare
796 1662 932 1728 lavabris

176 1769 295 1852 plenior
315 1767 487 1847 erraveris,
510 1768 584 1833 solio
606 1768 751 1833 ferventis
773 1769 862 1851 aquei

176 1894 269 1958 quem
291 1873 380 1939 facile
401 1874 433 1937 in
454 1875 555 1940 medio
576 1875 613 1939 fit
633 1875 679 1939 uti
702 1873 755 1939 des
777 1893 858 1956 saepe
879 1873 998 1941 ruinosi

193 1980 321 2046 Codices
342 1980 456 2045 hebent
472 1979 592 2064 plenior
613 1989 639 2043 ee
659 1979 784 2065 fluores,
824 1997 840 2043 e
862 1998 921 2063 quo
943 1981 1054 2047 rectius
1076 1981 1149 2048 oiim

88 2087 230 2153 effecisse
252 2086 369 2152 videor:
385 2086 508 2172 plenior
528 2095 556 2148 et
569 2085 687 2170 fruerer
707 2084 782 2150 solio
796 2085 942 2170 ferrerius
963 2089 1066 2172 aquai,
1088 2106 1148 2152 non

89 2194 199 2268 solnm,
236 2191 317 2276 quod
351 2193 473 2275 propius
508 2193 566 2257 hoe
596 2193 636 2258 sd
666 2193 786 2258 litteras
819 2191 943 2267 accedit
988 2193 1041 2257 sed
1069 2192 1150 2276 quod

89 2299 206 2364 nudum
259 2298 336 2363 iilud
391 2296 498 2361 turreis
544 2300 616 2382 post
665 2297 869 2381 precedentie
914 2299 1007 2363 verbe
1058 2299 1148 2364 nimis

88 2405 227 2490 languet
237 2406 263 2482 1)

191 2512 244 2584 Vi,
281 2511 352 2585 955,
388 2511 449 2572 956
481 2527 545 2575 non
575 2511 691 2585 dubito,
726 2509 798 2594 quin
820 2510 930 2576 Munro
952 2512 1035 2576 recte
1061 2528 1149 2575 revo-

90 2617 211 2682 caverit
246 2615 376 2680 Avaneii
397 2616 641 2681 emendationem
663 2618 812 2682 Lambino
833 2616 960 2699 eliisque
974 2617 1150 2698 probatem:

244 2724 276 2787 et
296 2723 497 2804 tempestates
517 2724 600 2787 terre
619 2723 753 2806 caeloque
775 2725 885 2788 coortae

243 2828 277 2892 in
301 2829 410 2892 celum
430 2832 602 2911 terramque
625 2831 749 2893 remotae
769 2829 834 2894 iure
855 2829 1021 2900 fecessunt,

93 2933 153 2998 nisi
175 2933 258 3018 quod
279 2933 310 2998 in
333 2934 391 3009 hec
413 2935 633 3017 tempestatum
655 2934 772 3012 eodem,
801 2935 882 3000 unde
903 2937 976 2999 orte
999 2938 1081 3014 sunt,
1103 2954 1151 2999 re-

94 3040 269 3105 cedentium
298 3039 465 3116 mentione,
500 3058 559 3122 que
588 3041 680 3123 poete
710 3040 800 3104 inane
832 3039 943 3122 ubique
976 3041 1151 3108 immixtum

94 3165 161 3212 esse
186 3147 370 3228 corporibus,
397 3148 433 3208 ut
453 3163 522 3208 rura
542 3145 615 3221 sint,
644 3145 920 3218 demonstrationi
943 3147 1043 3212 nullm
1066 3150 1151 3215 loeus
1257 3196 1261 3203 r

95 3254 154 3317 est.
200 3252 317 3328 (Nihilo
340 3251 462 3335 quidem
485 3252 585 3335 magis
606 3251 637 3315 in
659 3251 819 3335 Bemeysii
840 3252 1003 3334 scriptum
1026 3256 1151 3320 nemin

123 3586 146 3650 ¹)
166 3584 199 3638 In
225 3563 343 3654 prorirno
373 3583 439 3647 loco,
469 3599 494 3637 r.
521 3584 575 3640 804
601 3586 630 3638 et
654 3585 715 3648 806,
743 3587 813 3640 recto
831 3585 1017 3641 Lechmennus
1035 3590 1151 3643 voterem

165 3676 351 3731 correctionem
379 3680 428 3729 viri
448 3693 497 3747 pre
515 3681 566 3731 viui
582 3680 687 3733 secutus
705 3681 760 3743 θεὴ
791 3682 893 3730 membra
920 3679 1003 3730 domus
1021 3677 1151 3734 dixeritne

166 3769 307 3824 Lucretius
324 3769 376 3824 hoo
394 3771 451 3825 loco
464 3770 521 3837 (nbi
540 3770 684 3840 descriptio
702 3771 779 3825 nullu
796 3770 893 3826 edium
912 3770 1092 3839 significetur)
1112 3787 1151 3839 eo,

167 3878 220 3932 quo
237 3863 285 3917 ilie
303 3862 373 3926 ruit,
393 3863 555 3934 significatu,
583 3863 685 3927 dubito,
714 3862 852 3932 multoque
870 3863 966 3933 megin,
986 3864 1103 3934 possitne
1121 3865 1151 3920 in

166 3955 286 4010 codicum
304 3957 438 4026 scripture
446 3958 589 4025 fervidam
606 3959 655 4012 sut
675 3959 856 4025 serridajerur'r
886 3955 1050 4026 precedente
1068 3960 1151 4025 pravis

166 4053 214 4116 vis)
233 4048 340 4104 subesse
357 4050 483 4118 fervidior
500 4054 544 4104 vr'r.
592 4051 687 4120 Itaque
715 4051 892 4106 coniecturum
922 4049 993 4117 epud
1021 4049 1150 4104 Henrich·

165 4143 269 4197 senium
288 4142 451 4213 propositum
468 4144 845 4214 necMunroniimprobutem,
864 4141 918 4205 sed,
937 4145 969 4196 ut
985 4141 1150 4205 nuncrideo,

165 4235 229 4290 olim
248 4237 420 4307 preceptum,
445 4253 496 4291 non
515 4237 625 4292 sbiicio:
643 4249 681 4290 ct
697 4257 747 4289 cerr
768 4241 871 4289 membra
888 4235 1025 4290 domans
1046 4236 1153 4302 percepit

156 4332 264 4400 fervide
282 4328 398 4385 febris.
422 4324 459 4405 ᾖ.
