2656 5056
434 710 573 766 Ciceronis
592 711 740 767 orationes.
1020 710 1080 774 123

52 926 127 973 enm
149 905 226 972 dixit
246 907 376 973 Bakium
405 907 515 974 saltem
542 906 705 973 fiducia
733 911 802 974 ant
830 907 1123 993 stipulationis

51 1017 124 1080 ant
144 1014 277 1081 seribere
299 1013 490 1092 debuisse.*)

155 1136 235 1203 lbid.
258 1140 315 1201 54:
344 1139 426 1204 Hae
454 1138 612 1204 aetione
635 1137 788 1220 Appius
811 1138 886 1203 ille
908 1137 1041 1204 (lacus
1062 1141 1123 1205 uti

51 1262 130 1308 non
152 1246 308 1327 posset,
331 1245 363 1310 si
385 1246 464 1310 tam
487 1260 578 1308 aare
600 1242 779 1310 homines
807 1242 930 1311 verba
958 1262 1123 1311 consec-

50 1350 259 1430 tarentur,
288 1351 454 1429 utrem,
485 1349 599 1416 euius
628 1368 748 1416 eausa
776 1351 1027 1431 vernasset,
1050 1371 1123 1417 non

50 1456 376 1523 considerarent.
419 1455 505 1521 Nihil
533 1455 595 1521 loci
625 1473 693 1521 esse
720 1455 753 1521 in
783 1457 883 1522 verbis
912 1458 1123 1523 consectandis

51 1561 178 1628 veniali
201 1570 319 1640 (aare)
343 1563 542 1629 manifestum
565 1565 629 1640 est,
651 1562 705 1627 sed
722 1562 817 1628 nihilo
833 1562 942 1646 aptior,
959 1581 1050 1647 quam
1068 1563 1122 1628 alii

50 1667 213 1736 scribendo
246 1670 449 1749 substituunt
482 1669 630 1735 severitus
652 1674 829 1745 (severe),
863 1686 920 1733 nee
940 1670 1062 1734 omnino
1085 1669 1122 1734 de

50 1774 154 1859 gradu
175 1762 269 1840 ullius
291 1775 336 1840 rei
358 1776 390 1840 in
413 1776 515 1841 verbis
536 1773 748 1842 consectandis
771 1774 887 1851 (tam),
919 1775 973 1839 sed
995 1775 1033 1840 de
1055 1776 1123 1858 ipso

49 1879 146 1946 modo
167 1881 260 1947 verba
281 1881 476 1948 consectandi
506 1883 617 1966 agitur.
669 1881 840 1946 Lenissima
860 1882 1047 1946 correctione
1069 1881 1120 1946 lit·

50 1985 131 2052 terie
152 1988 265 2053 rectius
291 1988 464 2054 distributis
485 2007 592 2054 verum
608 1987 755 2054 efficitur:
777 1987 812 2053 si
834 1987 884 2054 ita
906 1986 939 2053 in
961 1986 1032 2053 iure
1055 1988 1123 2051 ho·

50 2093 183 2159 minae
216 2096 336 2161 verba
370 2095 712 2161 consectarentur
744 2094 802 2159 eet.
854 2090 984 2157 Initium
1013 2094 1122 2159 erroris

52 2200 116 2265 init
136 2200 148 2265 i
169 2199 276 2266 littere
298 2200 395 2266 semel
422 2203 547 2286 scripta,
578 2219 648 2266 oum
670 2200 718 2265 bis
740 2198 832 2265 seribi
855 2198 981 2265 deberet
1002 2199 1122 2278 (site),

51 2304 165 2371 deinde
187 2308 225 2373 in
247 2308 278 2373 in
303 2328 333 2371 m
357 2310 513 2373 mutatum
527 2307 566 2373 nd
582 2305 764 2390 explendam
779 2324 884 2372 voeem
907 2306 1032 2384 (tam);
1053 2307 1122 2371 tum

50 2428 90 2475 ex
111 2409 198 2474 inre
220 2412 336 2478 laetum
358 2431 460 2479 uero.

156 2528 303 2595 ibidtdz
319 2530 455 2615 Neque
477 2533 577 2597 enim
600 2530 764 2597 dubium
785 2530 862 2608 est,
885 2528 997 2614 quin,
1020 2531 1054 2595 si
1076 2530 1121 2600 ad

50 2652 133 2700 ram
155 2633 414 2703 iudicandam
436 2639 556 2704 verbo
582 2637 780 2713 ducimur,
814 2655 888 2701 non
917 2654 973 2714 re,
1005 2636 1121 2702 fami·

48 2741 150 2806 liam
170 2742 476 2828 intelligamus,
500 2762 582 2828 quaa
603 2743 766 2809 constet
787 2741 1122 2823 enses-eispluri-

48 2848 142 2924 bus‚
173 2849 265 2931 quin
288 2869 388 2916 unus
409 2851 521 2918 homo
542 2849 703 2914 familia
723 2854 798 2913 ndu
821 2846 887 2912 sit.
941 2845 1121 2913 Necessario

49 2952 94 3019 ad
115 2973 208 3019 unam
230 2955 413 3039 particulam
435 2957 529 3041 quin
551 2955 640 3022 initio
662 2954 795 3037 positam
817 2953 948 3018 refertur
969 2954 1123 3018 sententia

51 3078 90 3124 ex
124 3060 240 3127 duobus
273 3064 419 3129 membris
452 3062 603 3129 contrarie
632 3058 741 3126 relatis
763 3053 954 3133 α’συνδὲτως
975 3058 1123 3125 conflata:

51 3163 252 3231 familiam
269 3169 573 3255 intelligamus,
590 3186 668 3264 qnae
689 3186 714 3233 o.
731 3185 773 3232 ex
793 3185 817 3232 e.
832 3184 878 3248 p..
896 3185 995 3231 nnus
1010 3166 1123 3231 homo

50 3272 216 3338 familia
243 3293 318 3340 uon
345 3274 411 3342 sit.
458 3277 567 3360 ltaque
589 3265 761 3340 tollendum
785 3274 832 3339 est
856 3273 989 3337 alterum
1011 3271 1123 3354 quin,

51 3396 111 3461 pro
132 3398 192 3462 qno
206 3380 317 3446 saltem
332 3382 507 3463 ponendum
525 3384 590 3448 erat
612 3385 651 3448 et
672 3381 782 3466 quin,
806 3379 945 3446 sedeam
963 3376 1124 3443 sententiae

51 3485 249 3552 detumento.

156 3590 233 3657 Ibid.
256 3593 314 3660 69:
346 3595 500 3660 Deinde
532 3596 567 3660 si
596 3594 641 3660 de
669 3593 754 3658 iure
784 3590 894 3658 vario
917 3590 1124 3676 quidpiam

50 3696 281 3763 indicatum
305 3701 383 3775 ost,
413 3719 486 3766 non
512 3701 652 3784 polius
676 3701 817 3767 eontra
836 3698 939 3764 iuris
961 3698 1123 3785 eonsul-

50 3806 118 3869 tos
140 3803 394 3884 statuunt‚si
416 3806 542 3872 aliter
563 3803 1122 3889 pronuntiatumest,aeMu·

48 3980 288 3988 .---—-—.—.--

109 4076 136 4143 *l
155 4077 168 4141 t
188 4075 223 4131 33
242 4078 329 4133 oratio
349 4077 388 4132 sie
407 4076 625 4147 intes-pungenda
643 4085 700 4133 eat:
725 4077 853 4132 Audire
880 4077 997 4146 cupio,
1016 4075 1073 4144 qui
1092 4075 1124 4128 in

156 4185 242 4239 pace
266 4179 300 4226 et
323 4171 405 4238 olio,
433 4187 506 4225 cum
530 4187 661 4225 manum
684 4169 820 4238 fecerit,
839 4171 963 4238 copias
981 4169 1121 4240 pararit

104 4298 106 4300 -
158 4303 281 4331 ......
299 4263 491 4318 hoedicat:
515 4262 842 4331 Feoiequidemeet.
878 4262 932 4316 Vix
951 4260 1009 4316 iore
1028 4261 1124 4316 Cicero

56 4352 57 4355 ’
158 4355 300 4425 significat
320 4357 368 4425 qui
387 4357 427 4412 sic
446 4371 475 4411 se
494 4354 632 4411 defendat.
657 4356 695 4410 Ut
712 4356 791 4423 vuuigo
810 4354 1023 4424 interpungitur‚
1043 4363 1073 4409 ut
1091 4353 1125 4409 de

157 4448 247 4503 verbis
265 4451 330 4504 hoc
350 4449 441 4504 dieat
460 4457 575 4514 taceam,
600 4456 648 4502 aunt
674 4448 730 4516 qui
750 4454 798 4502 eut
816 4463 886 4502 cum
905 4463 1019 4526 pporsus
1040 4448 1125 4503 abenn-

158 4542 206 4596 ‹lat
223 4558 274 4598 nee
291 4541 358 4597 ferri
375 4547 467 4612 potest
