2656 5056
258 297 321 362 468
618 294 679 350 niu.
688 291 836 365 vrrpcsp.
848 291 897 346 1v.

217 497 427 562 arbitrium
477 509 547 555 non
591 492 728 555 cudere
778 489 952 555 victoris.
991 504 996 507 ·’
1019 488 1174 567 Quanto
1216 491 1274 555 boc

217 603 340 668 maius
376 602 453 670 eet,
495 614 564 679 quo
596 597 841 677 promittitur
873 597 1064 677 perpetua
1103 597 1273 667 libertas,

218 695 368 773 nullius
399 722 466 769 nec
505 701 672 767 bominis
705 720 774 765 neo
809 701 885 765 dei·
910 701 1041 775 timon
1078 702 1273 786 etquidem

218 814 278 879 uel
318 809 514 877 esurienti
548 807 593 872 ad
631 807 711 871 ista
744 803 975 870 veniendum
1003 808 1072 870 est
1116 808 1273 891 sziiec

217 918 387 1001 quidem,
419 915 481 979 Ab:
504 911 670 995 utquid.
712 909 930 976 Scribendum:
970 909 1128 995 Ecquid
1148 914 1208 979 vel
1227 932 1269 976 os

218 1024 262 1088 ad
292 1024 312 1087 i.
344 1019 572 1086 veniendum
606 1019 685 1084 est?
735 1016 875 1080 Fortasse
905 1015 1016 1080 etiarn:
1060 1017 1211 1096 Quanto
1230 1019 1273 1079 bic

217 1129 343 1193 mains
366 1129 438 1201 est,
462 1124 560 1208 quod
580 1121 847 1204 promittitur?
886 1121 1078 1205 Perpetua
1099 1124 1271 1197 libertus,

217 1236 274 1298 cet.
311 1231 406 1307 (Tum
430 1230 547 1295 Seneca
568 1228 702 1311 scripsit,
732 1228 767 1291 ut
796 1226 895 1290 estin
917 1228 967 1291 Ab
990 1240 1022 1293 ct
1055 1229 1124 1294 edd.
1154 1231 1273 1313 sopen'o

216 1339 317 1403 ribus:
350 1336 525 1399 vixerunt
552 1333 758 1397 herbarum
780 1331 975 1397 radicibus
1002 1337 1038 1398 et
1068 1335 1180 1399 dictu
1213 1336 1274 1399 fo-

218 1444 276 1507 dis
308 1437 486 1504 tulerunt
518 1438 667 1502 famem.
713 1437 739 1500 P
775 1437 937 1521 foedcrp
974 1442 1007 1503 ot
1041 1440 1096 1504 alii
1136 1441 1273 1505 foedius.

219 1546 254 1611 Si
287 1543 344 1608 hoc
371 1542 489 1607 Seneca
520 1543 678 1618 voluisset,
700 1542 873 1625 scripsisset
905 1546 959 1609 aut
987 1544 1145 1619 foedius,
1173 1547 1273 1611 omisso

219 1652 339 1723 dictu,
368 1648 683 1723 autfoedioribus3
721 1648 778 1712 eid
801 1647 875 1712 fodi
906 1648 982 1712 nihil
1015 1652 1139 1731 proprie
1168 1650 1273 1715 eratin
1324 1702 1325 1707 ,

218 1755 405 1831 radicibus).
455 1755 472 1836 ᾗ
502 1753 541 1817 10
569 1754 751 1835 simpliciter
781 1753 949 1817 tollendum
982 1758 1056 1837 puto
1093 1755 1206 1837 quod,
1245 1756 1274 1816 ut

217 1861 382 1924 scribatur:
412 1859 510 1923 idem
534 1862 659 1924 autem
681 1859 784 1923 omni
805 1859 936 1923 seculo
959 1863 1023 1924 sat
1044 1862 1118 1925 eat.

317 1965 372 2047 Ep.
401 1964 448 2030 18.
486 1966 543 2029 11:
588 1963 739 2042 Quanta
766 1964 824 2027 est
845 1964 963 2028 animi
989 1966 1215 2047 magnitudo
1234 1963 1270 2029 ed

217 2071 255 2135 id
283 2088 352 2134 sua
383 2072 524 2153 sponte
555 2069 805 2145 descendere,
836 2068 935 2152 quod
967 2086 1011 2131 ne
1040 2069 1085 2133 ad
1116 2073 1274 2136 extrema

224 2175 379 2259 quidem
404 2175 585 2240 decretis.
605 2174 817 2240 timendum
849 2178 915 2238 est.
960 2174 1091 2240 Videtur
1113 2175 1274 2242 fuissetne

220 2282 265 2346 ad
288 2285 458 2346 extrema
481 2279 631 2362 quidem
656 2280 819 2344 deiectio.

321 2386 377 2468 Ep.
403 2386 452 2462 19,
482 2386 501 2447 3
524 2385 590 2466 (nbi
611 2385 725 2450 Seneca
746 2385 860 2449 Lucilio
884 2385 960 2450 dicit
985 2386 1047 2450 iam
1070 2406 1132 2452 non
1156 2389 1277 2454 liberum

215 2510 299 2567 esse,
328 2493 510 2574 ,postquam
548 2490 579 2555 in
611 2494 731 2555 tantam
767 2491 938 2556 bominum
977 2492 1123 2557 notitiam
1159 2494 1278 2572 venerit,

213 2597 337 2680 penitus
360 2615 392 2661 se
414 2597 444 2660 in
468 2597 564 2661 otium
593 2597 788 2676 abscondere)
807 2621 815 2661 :
859 2598 908 2663 Ut
930 2597 968 2659 in
991 2599 1164 2662 extrema
1186 2618 1279 2663 mer·

213 2702 319 2786 garis
376 2719 419 2766 ao
462 2702 613 2783 penitus
670 2702 915 2776 recondaris,
969 2703 1098 2766 tamen
1155 2706 1281 2784 priora

213 2808 497 2872 monstrabunt.
540 2807 610 2871 Non
633 2807 690 2872 hoc
714 2808 825 2891 agitur,
857 2808 888 2872 in
914 2806 986 2889 quid
1014 2826 1049 2872 se
1071 2813 1212 2892 mergat,
1233 2805 1282 2872 sed

212 2912 343 2995 quando.
391 2912 487 2976 Sorib.
519 2912 568 2978 Ut
598 2913 638 2977 in
660 2923 846 2987 cccccccccc,
876 2913 906 2976 h.
929 2930 964 2986 a,
999 2913 1030 2976 in
1054 2915 1193 2979 extrema
1212 2916 1281 2979 vitae

213 3019 246 3082 et
267 3018 361 3082 studii
383 3020 479 3099 parte.
523 3018 653 3082 Inferius
688 3018 722 3104 (ξ
744 3019 776 3095 6)
798 3020 862 3083 baec
892 3037 971 3083 nnnc
993 3018 1158 3102 leguntur:
1192 3022 1281 3100 Quis

213 3123 343 3187 exitus
378 3125 480 3189 erit?
536 3124 633 3202 Quid
664 3126 871 3207 exspectes
907 3125 964 3207 (Pp
986 3127 1153 3208 pervagato
1185 3145 1282 3191 errore

213 3229 400 3310 spectas),
434 3228 551 3292 donee
583 3229 764 3295 desinas?
795 3230 956 3306 babere,
993 3230 1100 3312 quod
1134 3233 1282 3313 copias,

211 3351 406 3415 nunquam
449 3333 523 3398 erit
554 3337 715 3418 tempus.
775 3335 952 3417 Superiores
992 3336 1128 3402 rectius:
1181 3337 1285 3416 Quid

212 3441 432 3518 exspectas,
456 3439 573 3504 donec
595 3439 667 3504 des.
691 3440 839 3514 habere,
862 3461 890 3523 q.
912 3444 959 3504 c?
981 3440 1115 3507 Prorsus
1141 3447 1281 3528 emerget

207 3561 280 3606 vera
301 3544 472 3638 sententia,
500 3543 544 3608 sie
566 3545 666 3608 verbis
690 3542 858 3609 distinctis:
906 3545 1005 3625 Quid
1035 3552 1283 3629 exspectas?

210 3648 337 3711 Donec
359 3648 433 3711 d.b.
449 3667 476 3729 q.
494 3648 646 3728 cupias?
680 3648 880 3732 Nunquam
903 3651 979 3715 erit
1001 3653 1106 3734 temp
1123 3672 1180 3717 us.
1203 3655 1284 3721 Tum

210 3752 243 3816 in
274 3752 322 3816 his
354 3752 468 3816 talem
502 3770 585 3817 esse
618 3755 880 3836 cupiditatum
911 3773 1011 3837 neque
1047 3756 1148 3820 audiri
1181 3777 1283 3842 neque

211 3855 285 3919 addi
307 3858 408 3936 potest
429 3856 612 3933 dicimus;
648 3878 746 3942 neque
778 3861 859 3926 euim
892 3860 951 3925 boo
983 3860 1096 3925 scholae
1121 3861 1281 3930 decretum

210 3962 267 4025 est.
323 3960 444 4026 Excidit
482 3961 584 4026 scias
621 3971 721 4039 (esse
758 3965 875 4048 scias)
915 3968 970 4032 aut
1004 3967 1107 4030 simile
1153 3970 1283 4036 verbum

211 4064 338 4147 (puta).
389 4066 547 4132 Postremo
569 4067 590 4153 ξ
615 4069 655 4132 10
679 4070 745 4134 hae'c
767 4071 958 4138 scribuntur:
1002 4071 1079 4138 Sed
1102 4078 1286 4143 movebis
