2626 5070
239 279 300 342 324
597 275 741 335 uiuunt
753 277 818 347 esp.
840 278 862 334 Ι.

198 482 293 545 trem
344 474 671 561 propugnatorem
724 476 908 542 laborans
956 476 1111 545 laeterat
1154 481 1260 545 laetus

198 584 309 650 velut
344 579 498 664 aliquod
530 579 804 645 felicissimum
830 582 1002 648 vietoriae
1031 602 1128 666 opus
1159 588 1256 651 attu-

197 689 332 764 lisset,
375 686 701 770 Antigonus...
747 688 860 770 eaput
894 687 1093 753 sublatum
1126 709 1254 756 eansea

296 793 414 869 texit,
447 794 506 857 oet.
550 792 586 855 In
619 792 668 868 iis,
702 813 769 876 qua
805 794 876 876 post
908 794 1002 858 uerba
1037 795 1082 859 ad
1117 799 1252 880 patrem

198 902 270 965 ante
307 899 419 963 laetns
568 898 781 964 attulisset
811 901 954 982 corrupta
984 900 1147 984 leguntur,
1186 902 1250 966 nihil

198 1005 298 1070 inesse
322 1007 353 1069 et
379 1023 433 1088 per
467 1002 663 1087 parenthesin
697 1003 846 1086 interponi
878 1006 993 1087 potest,
1025 1005 1085 1073 uisi
1120 1007 1248 1091 qnodsd

200 1111 391 1195 Antigonum
428 1110 461 1173 st
493 1108 559 1174 eins
592 1110 786 1191 praesentiam
827 1109 990 1192 pertineat.
1041 1112 1131 1191 (Quae
1163 1114 1246 1176 Fert

198 1216 301 1282 sohius
331 1215 525 1299 excogitavit,
560 1215 764 1297 praeterquam
798 1214 878 1298 quod
898 1218 1008 1282 taeter
1039 1219 1149 1284 labor
1169 1232 1245 1303 praue

199 1324 310 1389 dieitur
343 1321 380 1386 do
410 1319 531 1385 difficili
558 1338 669 1402 pugna,
703 1320 786 1385 nullo
816 1320 906 1387 modo
933 1322 991 1388 hoo
1017 1323 1086 1390 loeo
1108 1322 1244 1406 interponi

197 1430 338 1511 poterant
369 1446 424 1491 neo
457 1426 573 1491 milites
609 1430 919 1509 propugnatores
952 1429 1124 1512 appellari.)
1178 1429 1243 1495 Sori-

195 1534 330 1599 bendum
351 1532 487 1598 noenu:
522 1532 565 1598 ad
598 1534 750 1614 putrem
778 1528 1058 1623 (bropuyuator
1079 1533 1243 1600 euimln·
1299 1604 1301 1607 ⁸

197 1638 426 1703 tonantibus
467 1639 616 1715 aderas)
653 1638 767 1702 latus
803 1641 862 1704 eet.
925 1640 1101 1723 Antigonus
1137 1639 1243 1726 Argiuis

196 1746 343 1810 auxilium
363 1745 491 1810 ferebat.

296 1850 362 1913 lbd.
406 1851 435 1921 2,
481 1850 520 1912 10
561 1849 611 1928 (de
649 1848 852 1929 libitinariislz
896 1852 1063 1930 Quorum
1106 1852 1241 1918 landen

197 1954 350 2019 adiecta
382 1954 467 2037 lege
498 1952 674 2019 nundinio
704 1957 974 2040 angetrnsgis
1006 1977 1117 2040 qnam
1149 1958 1242 2022 erte·

196 2062 301 2135 nnat,
324 2061 498 2144 quoniam
532 2058 685 2143 quidem
722 2063 910 2142 quaestnm
942 2061 1241 2147 contempserunt

195 2166 295 2230 nulli
330 2166 401 2230 alii
438 2166 495 2230 rei
533 2184 641 2249 quam
680 2166 844 2249 quaestni
880 2168 1070 2236 visentes.
1134 2169 1242 2234 Frustra

196 2272 339 2337 Halmius
361 2271 550 2343 (Emendatt
572 2272 641 2336 Vel.
663 2292 692 2354 p.
723 2271 756 2344 9)
784 2272 858 2337 hano·
877 2273 1031 2350 defendit3
1063 2294 1135 2341 nam
1162 2288 1241 2356 nequ

92 2447 94 2458 Ι
196 2378 329 2461 pretium
353 2376 430 2441 diois
452 2394 563 2454 eausa,x
586 2378 624 2440 nt
650 2375 752 2441 addici
774 2396 823 2441 res
845 2383 960 2462 posset.
980 2381 1150 2447 indicatum
1170 2396 1241 2445 oon·

196 2484 294 2548 dieio
323 2485 391 2548 erat
422 2500 519 2564 neque
540 2482 624 2566 lege
646 2480 825 2559 addebatur,
861 2503 960 2567 neque
981 2486 1169 2552 condicionis
1190 2484 1241 2565 legs

196 2588 328 2654 adiectio
352 2587 513 2670 quiequam
536 2587 690 2652 ooninnoti
712 2586 808 2656 habet
828 2607 899 2654 enm
920 2589 970 2668 iis,
1002 2609 1069 2672 quse
1091 2590 1241 2656 adduntur:

197 2695 372 2778 quoniam
396 2692 546 2776 quidem
571 2697 627 2759 eet.
682 2693 894 2770 scribendum,
916 2693 1030 2760 omisso
1051 2714 1145 2778 prauo
1165 2696 1242 2761 inter·

197 2803 403 2883 pretnmsnto:
456 2798 621 2877 Quorum
673 2799 826 2864 laudern
879 2799 1029 2863 abiecta
1082 2798 1244 2868 eondioio

196 2910 313 2991 auget
344 2904 465 2986 magis
498 2922 606 2987 quarn
646 2906 839 2971 extenuat.
909 2905 989 2972 Vilis
1025 2912 1093 2975 erat
1127 2902 1244 2975 nondinis

197 3011 354 3076 hominum
378 3010 431 3074 uni
452 3009 582 3093 quaestui
603 3008 782 3074 viventium.
826 3008 934 3093 Supra,
958 3013 1129 3081 sordium
1157 3012 1245 3099 gratu·

195 3135 264 3181 rum
285 3116 342 3180 hoo
364 3136 397 3182 ss
418 3116 591 3198 exemplum
613 3132 735 3197 ponere,
760 3114 899 3182 Valerius
921 3116 1005 3184 dixit
1062 3121 1157 3205 [Fere
1178 3118 1245 3198 inps·

195 3222 228 3287 et
247 3220 391 3304 Komoi]
1083 3287 1086 3292 .

297 3327 363 3393 lbd.
397 3327 431 3392 ll.
476 3327 512 3389 4:
558 3326 631 3392 llle
672 3326 878 3408 (Masinissa),
914 3347 994 3394 oum
1033 3328 1109 3395 iarn
1148 3328 1246 3395 atate

195 3431 411 3499 definiente
516 3431 552 3497 iu
574 3430 721 3498 lentulo
743 3433 948 3500 laberetur.
991 3435 1080 3500 Nihil
1102 3438 1159 3510 est
1181 3424 1248 3519 quod

196 3537 384 3616 Perizonius,
417 3538 538 3622 egregie
560 3537 695 3621 alioquin
717 3539 755 3603 de
786 3538 908 3606 Valerio
929 3540 1069 3620 meritus,
1091 3542 1203 3616 effecit,
1219 3536 1251 3601 in

195 3641 339 3708 lentulo
362 3643 609 3711 dilaberetur.
659 3645 740 3711 Nam
754 3644 843 3709 aliter
864 3664 957 3728 snpra
978 3665 1004 3711 e.
1029 3648 1044 3708 1
1068 3647 1104 3711 Ε.
1130 3649 1146 3710 1
1171 3648 1258 3713 Ales·

196 3747 290 3811 ander
312 3749 503 3815 violentia
525 3751 648 3816 morbi
676 3750 800 3817 dilabi
830 3751 874 3816 sie
896 3751 1016 3830 dieitur,
1039 3755 1075 3817 ut
1097 3753 1136 3819 de
1159 3753 1190 3819 ui
1212 3760 1268 3818 ω’

196 3851 268 3918 neni
299 3875 407 3938 eorpus
438 3856 575 3922 solvente
612 3858 784 3941 cogitetur*
816 3876 914 3941 neque
944 3860 1046 3924 uetera
1086 3862 1183 3927 verba
1217 3853 1283 3941 (Ψ

196 3957 342 4025 lectulo
373 3965 404 4026 ot
437 3980 529 4045 opes
551 3964 790 4046 relinquens)
827 3964 866 4028 ad
896 3963 974 4029 illud
1003 3948 1294 4035 dilaberetu1
