2654 5010
434 632 589 692 Ammianus
608 629 793 692 Marcellinus.
1040 629 1102 698 223

76 835 302 917 exstirpati
346 835 658 901 discriminibus
701 833 885 900 didicere
933 834 1141 915 supremis.

76 942 154 1022 Quis
187 944 228 1007 eil
259 942 425 1008 habitus
457 940 701 1023 prudentiae,
734 944 767 1007 et
796 939 870 1025 quid
898 939 936 1006 de
957 939 1015 1005 hcc
1034 939 1144 1005 habitu

75 1050 181 1114 valeat
203 1051 342 1131 potestas
357 1048 482 1126 Martia,
504 1049 619 1114 frustra
640 1048 833 1132 quaesiverim
856 1062 947 1132 nugae
969 1047 1049 1112 enim
1070 1050 1144 1112 sunt

75 1156 266 1221 certissimae
311 1154 385 1220 Veri
407 1154 615 1219 inventionem
648 1173 706 1220 nou
736 1174 811 1221 sane
837 1154 995 1220 difficilem
1017 1153 1144 1219 adiuvat

74 1264 170 1328 codex
188 1262 225 1340 V,
248 1263 279 1327 iu
303 1280 363 1345 quo
388 1263 437 1326 esi
459 1260 614 1338 habitur
636 1260 821 1328 Ammianus
843 1262 1024 1346 scripserat:
1047 1259 1143 1346 quid

76 1371 262 1451 potestas
290 1368 438 1432 Martie
458 1365 604 1435 adhibila
625 1367 802 1454 prudentia
828 1369 976 1435 saleni.
1020 1370 1056 1434 Iu
1080 1369 1143 1433 Ro·

76 1476 176 1540 manis
199 1474 327 1541 ducibus
342 1476 448 1540 virtuti
465 1473 590 1538 militari
611 1474 756 1540 adiuncta
771 1477 838 1540 erat
854 1476 1027 1558 prudentia·
1065 1475 1141 1540 Cum

76 1582 181 1647 littera
214 1601 242 1658 n,
278 1600 346 1665 quae
380 1581 426 1646 bis
459 1578 551 1645 scribi
585 1575 728 1659 debebat,
761 1582 857 1647 semel
875 1582 998 1664 'scripte
1027 1582 1141 1646 facium

76 1690 174 1752 esset:
198 1686 527 1759 Marbiadbibita,
550 1685 684 1768 numum
716 1686 788 1753 hinc
814 1692 915 1753 ortum
937 1688 986 1753 esi
1007 1687 1052 1752 de
1074 1688 1143 1752 ba-

73 1794 178 1872 bila,
202 1795 268 1858 tum
291 1793 323 1856 in
346 1791 502 1858 codicibus
525 1792 728 1858 deterioribus
759 1792 803 1857 de
833 1792 985 1859 habitu.
1031 1793 1142 1859 Paucis

75 1900 155 1966 inire
177 1900 315 1965 versibus
337 1905 369 1982 (ς’
393 1898 446 1976 13)
469 1917 503 1962 er
525 1898 638 1965 litteris
669 1901 760 1981 post
791 1899 848 1964 eri
869 1900 1026 1966 urbium
1049 1921 1141 1985 cap·

74 2014 203 2072 inrum
223 2004 345 2070 videtur
361 2005 553 2070 iaciendum:
575 2009 666 2088 post
687 2023 848 2073 aerumnas
870 2007 1027 2072 urbium
1049 2028 1141 2091 cap·

73 2116 215 2179 tarum.

175 2218 254 2284 lbid.
284 2220 333 2293 10,
362 2217 399 2282 3:
434 2219 597 2297 accole,
631 2218 677 2284 nd
712 2218 970 2284 Romanorum
1009 2240 1140 2286 verum

73 2327 277 2392 escidium
305 2325 520 2390 coniurati.
572 2324 632 2389 Pro
661 2343 793 2390 verum
817 2326 970 2410 Haupiius
992 2327 1140 2404 restituit,

73 2431 155 2516 quud
178 2432 243 2514 ipse
266 2433 462 2509 conieceram
488 2449 633 2509 rerum;
656 2431 709 2497 sed
732 2432 823 2498 scribi
840 2433 985 2498 debebat:
1010 2435 1055 2498 ad
1078 2433 1141 2502 ua-

72 2555 241 2605 mauarnn
264 2557 393 2603 rerum
416 2538 626 2602 excidium.

466 2704 608 2771 Rutilius
630 2705 747 2791 Lupus.

404 2824 550 2893 (Rhetures
567 2824 629 2879 Lat.
649 2824 691 2879 ed.
710 2824 811 2894 Halm.)

175 2977 240 3042 bib.
275 2980 297 3056 Ι,
338 2981 357 3040 2
394 2978 438 3056 (in
475 2979 613 3060 exemplo
651 2978 814 3063 lycurgilz
855 2974 982 3044 multa
1020 2979 1141 3044 simul

72 3103 157 3149 eum
181 3089 369 3161 (nocentem)
396 3085 656 3167 perturbant,
691 3082 795 3169 quod
828 3083 953 3164 adest,
987 3085 1140 3152 sollici·

72 3189 231 3256 tudinis
253 3191 430 3273 plenum,
454 3189 557 3276 quod
579 3191 758 3257 futurum
788 3196 865 3272 est,
896 3192 1138 3259 formidolo-

72 3316 173 3374 sum,
195 3296 258 3361 lex
280 3298 463 3378 paratum
494 3297 741 3381 supplicium
771 3299 1005 3376 ostentans,
1035 3298 1140 3364 viiia

71 3402 256 3467 exsiliis
278 3406 417 3471 coacta
439 3408 496 3469 cei.
541 3403 743 3470 Scribeudnm
765 3423 847 3471 esse:
872 3405 941 3472 rita
963 3423 1005 3469 ex
1025 3406 1140 3472 vitiis

71 3512 213 3575 coacta
234 3511 304 3587 (boc
326 3514 382 3588 est,
405 3512 473 3576 tcta
495 3529 530 3574 ex
552 3511 591 3575 iis
613 3511 768 3592 conflata),
797 3512 849 3577 sel
867 3516 979 3579 ‘celera
1001 3513 1139 3579 subiecta

71 3616 221 3700 singulari
243 3636 370 3682 numero
391 3618 492 3698 posita
513 3617 687 3683 ostendunt.
722 3618 782 3700 [Sic
796 3618 859 3684 iam
875 3619 965 3702 Casp.
983 3619 1138 3698 Barlhius,

71 3741 258 3805 quamquam
282 3724 348 3806 ipse
371 3725 477 3806 postea
499 3723 704 3790 coniecturam
726 3725 920 3807 repudiavit]

173 3828 249 3895 ibid.
272 3831 293 3893 4
315 3829 359 3907 (in
378 3829 515 3914 exemplo
536 3829 732 3914 Hyperidie):
758 3830 925 3897 Nullum
948 3835 1011 3897 est
1032 3835 1134 3898 euim

73 3934 236 4016 vilium,
279 3957 352 4020 quo
400 3937 572 4002 virtutis
615 3936 733 4001 leude
776 3936 949 4021 gloriari
993 3941 1135 4022 possis.

70 4040 214 4106 Halmius
249 4045 291 4108 nl
322 4043 393 4108 addi
425 4045 496 4127 post
528 4043 756 4126 querelabat.
801 4044 900 4110 Scribi
923 4045 1030 4111 debet:
1054 4047 1138 4131 qued

70 4146 246 4214 virtutis
271 4149 391 4215 laude
412 4149 584 4235 gloriari
602 4149 711 4235 nessii
746 4149 906 4216 Generalis
922 4156 969 4216 est
984 4155 1139 4219 sententia

70 4255 228 4335 superiora
250 4248 443 4322 confirmans.
477 4258 512 4320 ln
536 4254 642 4320 eodem
666 4257 803 4338 exemplu
827 4257 919 4339 paulo
941 4261 1013 4324 anie
1036 4259 1137 4341 polius

69 4359 246 4426 addendum
270 4363 417 4429 debere
439 4361 640 4444 (intelligi
664 4361 823 4440 debere)
846 4382 939 4447 quam
966 4365 1136 4431 tollendum

68 4466 265 4552 intelligi.

837 4608 838 4611 ¹
902 4589 937 4646 18
