2626 5070
411 631 443 687 L.
462 630 554 687 Senec.
573 630 608 686 ad
625 631 761 688 Muciam.
1020 632 1081 697 359

57 825 172 905 tentia3
208 823 305 912 deque
338 828 439 906 enim,
481 847 548 912 quae
586 827 732 894 animalis
766 828 889 893 omnino
908 831 997 896 ,XIV
1027 849 1123 898 annos

61 933 183 1013 visunt,
216 951 252 999 ea
287 934 430 998 senectus
461 932 546 998 intra
580 934 637 1000 hoc
672 932 806 1017 spatium
839 933 998 1020 defatigat,
1035 936 1123 1020 qussi

68 1055 181 1121 semper
201 1040 233 1104 in
255 1057 292 1105 ec
312 1039 384 1104 sint
427 1038 598 1123 Scripserat
620 1039 751 1105 Seneca:
781 1039 894 1105 intra
915 1044 1123 1124 quattuor·

70 1140 180 1208 decim
202 1163 320 1210 annos
343 1144 535 1228 defatipat
555 1145 643 1223 vira,
662 1147 702 1209 et
722 1145 800 1209 haec
817 1144 970 1212 illiscet.
990 1147 1123 1238 {Eodem

74 1249 150 1315 modo
170 1251 200 1314 in
223 1250 378 1316 Ciceronis
392 1248 540 1332 paradl,
564 1249 603 1310 12
620 1268 636 1315 e
658 1249 796 1315 devota
817 1251 899 1317 vita
920 1250 1036 1317 factum
1057 1256 1124 1318 erat

1 1430 2 1441 χ
78 1350 261 1420 devotavit
282 1355 356 1420 etin
368 1354 493 1437 Vopisci
504 1355 632 1423 Numer.
648 1354 858 1421 l3ioedavit
875 1357 1004 1423 eioeda
1018 1359 1122 1437 rita.)

1 1482 3 1549 r
78 1455 209 1545 'sumptu
220 1460 273 1525 nbi
284 1459 371 1525 sicin
381 1462 411 1525 A
423 1460 580 1526 scribitur:
603 1460 632 1526 N
640 1479 680 1527 eo
694 1461 805 1526 illum
819 1462 998 1546 (terminum
1013 1465 1121 1547 cuique

78 1565 200 1645 positum)
235 1564 405 1631 ulterius
441 1559 688 1659 diligentiam
715 1568 757 1631 ut
790 1568 885 1650 (recte
922 1567 992 1633 edd.
1024 1569 1122 1633 dili-

1 1747 2 1761 }
80 1672 191 1748 gentis
212 1673 289 1749 aut)
311 1671 441 1754 gratia
461 1672 713 1754 promovebit
753 1671 815 1738 Sic
837 1673 985 1738 habent
1005 1673 1121 1740 illurn

1 1812 2 1852 ³
79 1771 221 1842 ulterius
274 1775 523 1861 diligentiam
574 1796 617 1843 er
660 1778 828 1844 oonsilio
878 1778 1119 1861 perdidisse,

1 1869 2 1929 ἶ
80 1879 186 1947 sublatis
208 1883 327 1948 duabus
342 1882 476 1960 rombus,
498 1885 701 1967 quapropter
720 1882 830 1948 illurn
852 1884 1118 1966 iterumpositum

1 1981 2 1985 ’
79 1995 156 2052 ruore
173 1987 314 2070 repetitae
330 1991 416 2064 sunt,
439 1989 649 2072 relinquuntur
661 1988 742 2053 haec:
764 1989 820 2072 sic
841 1988 988 2055 habent
1008 1988 1118 2053 illum

77 2104 107 2155 er
132 2113 233 2159 cons.
268 2094 506 2177 perdidisse,
549 2095 581 2159 in
622 2094 732 2178 quibus
772 2095 854 2160 recte
890 2092 1023 2158 Haasius
1060 2092 1120 2158 sic

72 2186 151 2264 habe
185 2200 318 2281 scripsit,
350 2200 432 2265 male
464 2200 518 2265 nil
550 2201 663 2266 illum
684 2219 730 2265 ex
752 2218 778 2268 c.
800 2199 912 2283 perd,
944 2198 1028 2282 quod
1047 2199 1116 2264 tum

68 2294 178 2370 demum
199 2307 320 2370 rectum
343 2305 435 2382 esset,
462 2305 489 2369 si
521 2324 565 2371 ex
594 2304 761 2386 consilio
784 2304 986 2389 significaret:
1016 2326 1052 2368 aa
1075 2326 1119 2381 eo,

62 2411 136 2488 quod
157 2412 185 2473 ci
206 2410 388 2473 destinatum
409 2431 446 2472 oc
471 2410 644 2473 demensum
658 2409 735 2493 fuit.
775 2410 976 2476 scribendum
999 2414 1066 2477 erat
1080 2411 1119 2476 ad

53 2504 119 2595 ipsa
159 2517 272 2582 codicis
304 2515 450 2598 vestigia:
502 2515 566 2580 Sic
597 2515 706 2595 habe,
740 2525 771 2577 ce
806 2515 918 2585 illum
952 2535 995 2581 ex
1027 2534 1120 2581 con·

57 2619 144 2687 silio
165 2620 405 2705 perdidisse,
437 2620 494 2686 hoc
516 2623 574 2696 est,
596 2640 658 2687 non
680 2639 763 2697 casu,
785 2639 856 2686 cum
876 2622 982 2703 posset
1003 2621 1118 2687 diutius

52 2727 164 2803 uivere,
197 2726 252 2792 sed
283 2729 366 2791 certo
397 2725 454 2790 sati
476 2726 608 2800 decreto,
626 2745 710 2806 ‚cum
737 2726 831 2791 fixum
853 2729 1021 2792 terminum
1044 2727 1119 2792 atti·

52 2832 159 2914 gisset
205 2833 313 2914 Itaque
335 2831 486 2922 sequitur:
520 2848 778 2914 necunquam
809 2833 983 2898 scannia
1006 2851 1121 2898 cesus

58 2937 261 3004 interiicit.
307 2935 383 3001 Cum
416 2936 474 3002 hac
507 2935 632 3003 demum
663 2938 816 3002 sententia
846 2956 919 3003 vere
952 2938 1143 3023 comparari

56 3045 190 3126 possunt,
212 3062 280 3126 ques
301 3061 349 3124 ep.
372 3041 413 3104 69
445 3044 583 3107 extrema
611 3043 764 3127 leguntur.
779 3045 804 3121 ¹)

151 3148 221 3214 Ibd.
245 3147 296 3222 2⁶2,
328 3147 434 3226 2(ubi
456 3147 589 3213 revocati
618 3148 654 3212 in
682 3148 990 3215 adolescentiam
1014 3151 1122 3232 postea

57 3255 206 3322 Haasium
227 3252 383 3337 poenituit)
406 3273 466 3319 non
487 3255 589 3335 potest
609 3273 664 3336 pro
692 3256 776 3320 certo
798 3253 932 3332 definiri,
968 3254 1119 3337 quomodo

56 3361 202 3446 explenda
235 3360 307 3434 sint,
340 3377 408 3441 quse
441 3360 473 3424 in
502 3360 531 3423 A
561 3359 748 3426 detruncatis
783 3379 819 3425 eo
848 3359 951 3438 modo,
988 3360 1025 3424 de
1063 3378 1121 3442 quo

58 3484 147 3550 snpra
168 3464 231 3531 dini
252 3485 281 3548 p.
315 3463 387 3543 343,
424 3464 536 3530 litteris
560 3464 678 3548 aliquot
698 3465 744 3530 sic
764 3466 953 3531 scribuntur:
994 3464 1120 3529 autin
1185 3473 1204 3513 ψ*

58 3571 232 3654 popinam
277 3570 535 3651 ventremque
577 3571 730 3654 prototi,
768 3588 989 3659 summeque
1032 3571 1121 3635 illis

59 3689 229 3740 curarum
250 3673 399 3740 fuitcet.
421 3676 539 3758 Aptum
554 3676 689 3771 videtur:
711 3676 749 3740 in
771 3695 851 3759 pop.
867 3678 1120 3758 ventremque

83 3878 104 3945 ¹)
121 3884 135 3945 ξ
154 3883 169 3934 1
188 3881 260 3932 recte
287 3875 428 3930 Geertnius
450 3878 550 3941 monet,
579 3891 631 3929 non
656 3890 723 3944 opus
749 3889 808 3929 esse
834 3873 897 3930 addi
915 3874 1075 3940 multum,
1096 3875 1120 3929 si

129 3970 167 4024 sic
202 3970 442 4038 interpungamnsr
487 3968 634 4023 Primum
670 3971 754 4036 puts
788 3966 850 4021 illi
886 3967 1119 4036 superfuisse,

125 4060 375 4132 comprehende
392 4064 554 4131 qnantum
574 4060 642 4126 trel:
666 4058 883 4128 superfuisse
901 4088 941 4119 -‚
968 4073 1122 4128 compre·

127 4153 251 4219 hende)
269 4157 337 4233 cet„¹
364 4157 396 4208 ut
414 4170 542 4208 mensures
569 4153 644 4208 notio
668 4153 697 4206 in
724 4151 829 4207 ediecta
849 4152 985 4207 sententia
1003 4151 1120 4219 imperu-

125 4246 181 4301 tira
205 4248 251 4302 sit.
293 4250 309 4310 ξ
335 4248 350 4301 7
375 4248 446 4301 recte
472 4245 604 4301 editiones
630 4247 693 4300 ente
720 4245 751 4300 F.
777 4247 808 4299 et
831 4244 879 4301 H.:
906 4259 1041 4312 quoque
1067 4242 1120 4297 ia·

126 4338 225 4393 cilius
261 4337 409 4408 obrepat
440 4354 546 4405 mors,
575 4380 582 4392 .
614 4377 653 4394 ..
682 4336 789 4402 latet,
827 4351 894 4391 non:
935 4333 1120 4402 obrepant,

126 4444 210 4486 mors
234 4472 241 4487 .
266 4473 274 4489 .
299 4471 307 4490 .
327 4431 428 4488 latet.
463 4430 542 4499 Quod
561 4429 735 4500 obreptumm
753 4432 803 4495 est,
822 4429 911 4508 ipsum
929 4427 1007 4482 latet.
