2656 5056
374 702 514 758 Ciceronis
533 701 566 756 de
585 707 693 755 oratore
710 701 758 755 lib.
777 702 797 755 1.
1035 700 1074 762 87

38 901 286 967 oratoribus
315 947 404 977 ...,
437 898 497 965 sic
528 899 567 963 iu
599 900 738 965 nostra
770 895 945 961 civitate
978 899 1118 991 contra

40 1007 330 1091 amplissimus
367 1004 540 1089 quisque
579 1005 617 1070 et
654 1002 911 1070 clarissimus
954 1002 1030 1079 vir,
1074 1004 1117 1067 ut

42 1112 142 1190 illc,
178 1112 245 1195 qui
279 1113 445 1194 propter
472 1112 574 1177 hanc
606 1110 709 1176 iuris
731 1109 874 1175 ciuilis
896 1106 1116 1173 scientiam

43 1218 110 1284 sic
153 1217 389 1302 appellatus
426 1238 443 1283 a
480 1236 621 1283 summo
657 1219 777 1299 poeta
820 1216 897 1278 est:
942 1215 1116 1298 Egregie

39 1325 242 1392 cordatus
274 1324 400 1401 homo,
431 1326 545 1389 catus
575 1322 689 1387 AEliu'
722 1321 882 1394 Sextus,
915 1322 1115 1405 multique

44 1435 260 1514 praeterea,
293 1430 377 1512 qui,
411 1448 495 1494 cum
520 1429 686 1513 ingenio
719 1427 800 1493 sibi
822 1427 1116 1495 auctoritatem

41 1537 311 1620 peperissent
332 1535 390 1612 (sic
406 1537 488 1601 recte
507 1535 570 1601 iam
591 1535 646 1600 alii
668 1553 721 1618 pro
743 1553 789 1611 eo,
812 1534 894 1618 qnod
916 1534 946 1598 in
962 1534 1117 1602 codicibus

40 1644 106 1721 est,
130 1641 209 1707 sibi
243 1643 409 1707 auctore
442 1641 688 1726 dignitatem
711 1640 998 1725 peperissent),
1031 1660 1116 1724 per·

42 1748 253 1832 fecerunt,
286 1750 328 1813 ut
360 1749 397 1812 in
430 1748 712 1829 respondendo
742 1746 830 1811 iure
859 1747 1115 1813 auctoritate

42 1856 136 1940 plus
159 1855 280 1919 etiam
303 1872 417 1937 quam
440 1853 527 1936 ipso
550 1853 719 1937 iugenio
741 1852 935 1917 valerent.
994 1854 1027 1918 Si
1050 1854 1116 1919 haec

40 1963 132 2027 recte
161 1962 275 2042 scripta
307 1964 389 2038 sunt,
424 1959 594 2025 necessario
626 1962 697 2042 post
726 1959 783 2024 illa
815 1960 873 2024 sic
904 1958 943 2022 in
976 1962 1116 2025 nostra

43 2066 226 2132 civitate
257 2068 401 2131 contra
433 2066 715 2148 amplissimus
748 2065 923 2149 quisque
957 2066 996 2129 et
1028 2066 1115 2132 cla-

42 2173 238 2238 rissimus
283 2173 341 2237 uir
384 2171 509 2237 auditur
552 2191 587 2237 ex
623 2175 721 2255 priore
757 2171 992 2254 comparationis
1028 2175 1114 2255 perte

40 2279 258 2345 ministros
291 2297 331 2343 se
365 2278 547 2360 praebent
583 2279 621 2342 in
654 2276 826 2342 iudiciis
859 2278 1113 2358 oratoribus,

39 2386 193 2469 quoniam
208 2385 395 2467 comparatio
410 2383 569 2448 terminari
585 2384 676 2449 debet
691 2387 762 2450 aute
777 2382 857 2448 illud
878 2385 953 2468 qui,
973 2405 1016 2451 cu
1026 2407 1114 2454 m-.

42 2492 163 2557 Verum
196 2490 255 2556 hoc
286 2490 436 2572 quantum
469 2491 508 2555 ab
541 2489 694 2555 sententia
724 2509 817 2574 reque
846 2490 914 2573 ipsa
942 2491 1114 2570 abhorreat,

44 2598 125 2663 nihil
149 2616 225 2680 opus
248 2600 296 2662 est
317 2595 389 2678 dici,
412 2595 555 2679 quoniam
579 2596 628 2661 vel
652 2615 745 2660 unum
767 2596 947 2662 adverbium
970 2603 1115 2665 contra

44 2703 199 2781 declarat,
234 2706 408 2784 contempto
442 2701 702 2783 pragmaticorum
733 2703 908 2768 Graecorum
943 2703 1115 2771 ministerio

40 2810 236 2878 contrarium
259 2808 330 2893 poni
346 2809 570 2890 amplissimum
587 2806 662 2872 iuris
679 2808 887 2872 consultorum
907 2809 1114 2877 Romanorum

44 2934 159 2981 munus
181 2918 214 2980 et
234 2934 387 2981 summam
418 2913 613 2997 dignitatem,
647 2911 724 2976 nihil
747 2912 919 2979 oratoribus
942 2915 1112 2983 cedentem.

45 3021 251 3087 Manifestum
284 3025 332 3087 est
364 3022 409 3088 sic
442 3021 507 3086 haec
528 3018 734 3086 continuanda
756 3037 831 3096 esse,
854 3020 1035 3103 interposita
1056 3024 1115 3106 ipsi
1136 3024 1146 3026 ἡ

44 3129 210 3194 sententiae
224 3128 431 3211 exemplorum
446 3126 619 3192 mentione:
642 3124 701 3190 sic
722 3124 759 3190 in
782 3129 922 3191 nostre
943 3127 1114 3193 civitate

43 3238 189 3301 contra
210 3234 495 3316 amplissimus
518 3231 684 3316 quisque
706 3233 744 3297 et
765 3233 1025 3298 clarissimus
1048 3233 1114 3318 vir,

46 3341 186 3406 atille
209 3386 433 3408 ........
457 3337 661 3422 multique
691 3341 901 3423 praterea,
935 3358 1019 3405 cum
1052 3339 1114 3405 in·

47 3447 168 3531 genio
190 3448 272 3512 sibi
302 3446 596 3512 auctoritatem
625 3446 903 3528 peperissent.
932 3446 1115 3528 perlece-
1219 3509 1220 3512 ,

47 3555 158 3631 runt,
188 3554 228 3617 ut
256 3553 295 3618 in
325 3552 608 3636 respondendo
636 3553 723 3617 iure
745 3552 1001 3618 auctoritate
1023 3554 1114 3638 plus

45 3658 169 3725 etiam
205 3677 320 3742 quam
351 3659 441 3742 ipso
473 3658 635 3742 ingenio
673 3659 872 3725 valerent.
932 3659 998 3724 lam
1030 3662 1114 3726 recte
1154 3724 1157 3727 ,

44 3765 233 3847 comparatio
257 3764 413 3847 perficitur
434 3766 466 3829 et
488 3764 518 3829 in
541 3767 792 3831 auctoritate
814 3763 1114 3831 iurisconsultorum

46 3870 255 3937 Romanorum
277 3872 470 3936 terminatur.
525 3871 632 3955 ltaque
654 3876 709 3938 aut
730 3889 853 3954 prorsus
875 3871 1044 3936 tollendum
1067 3874 1115 3936 est

46 3996 213 4060 pronomen
236 3977 396 4061 quiante
426 3996 509 4042 curn
544 3981 702 4061 tamquam
737 3997 828 4062 prave
861 3977 1011 4052 additum,
1044 3996 1114 4043 cum

46 4083 234 4150 constructio
256 4103 316 4150 non
339 4083 573 4168 intelligeretur,
596 4089 649 4150 aut
671 4085 774 4166 polius
788 4082 999 4150 scribendum:
1023 4081 1114 4149 mul·

46 4191 160 4275 tique
204 4191 398 4274 praeterea
439 4189 533 4264 alii,
576 4209 669 4255 cum.
730 4189 820 4256 Nunc
858 4190 981 4254 demum
1020 4188 1114 4256 etiam

46 4298 161 4361 clarius
184 4296 376 4379 perspicitur,
401 4315 492 4379 quam
513 4297 686 4363 necessaria
714 4297 774 4378 ipsi
802 4295 1024 4377 comparationi
1045 4315 1115 4380 gra·

43 4403 132 4468 datio
171 4403 225 4468 illa
266 4401 324 4468 sit:
368 4421 453 4467 cum
496 4403 660 4486 iugenio
703 4402 785 4468 sibi
825 4403 1115 4468 auctoritatem
