2580 5054
215 280 254 342 78
490 325 497 330 .
587 277 648 332 Lib.
668 277 690 332 1.
710 280 774 346 Gap.
794 277 832 331 V.

173 474 232 540 erit
253 473 450 559 elegantique
472 473 605 556 imagine
621 472 808 554 exprimetur
825 476 992 542 restituta
1007 495 1084 542 vera
1098 475 1222 556 scriptun:

108 582 111 587 ’
173 581 367 655 παιῶνας
390 577 624 646 κινιλυνειίουσι
641 593 711 653 τοῖς
730 594 863 654 κοινοῖς
874 587 1070 667 γενέσθαι,
1086 581 1225 646 metirian

174 691 205 772 et
226 687 363 753 remedia
384 686 538 753 adhibere.
562 685 695 764 (Vitium
718 690 888 753 senserunt
903 687 1227 773 schweighausermrl

174 793 451 869 Mendolssohnins,
474 792 719 858 emendationem
744 812 803 858 non
826 792 1055 869 invenerunt.)

276 968 353 1036 lbid.
375 970 435 1032 81:
468 969 522 1034 καλ
555 963 574 1035 ό
607 972 738 1052 Δέκμος
765 970 955 1035 ἐπίστελλε
988 970 1037 1058 τῇ
1060 970 1168 1056 βουλῇ
1194 961 1232 1032 ro'r

175 1068 364 1143 ’Λντώνιον
397 1068 576 1161 α’λιόμενον
609 1068 853 1162 κυνηγετήσειν
890 1077 1080 1142 ναυτικῶν
1107 1103 1169 1160 nep
1191 1072 1232 1160 ἢδη

173 1174 375 1269 γεγονότων.
418 1190 516 1248 οἵτε
554 1183 776 1266 Πομπηΐανοί
814 1178 1034 1267 πυθόμενοι
1067 1186 1235 1268 θαυμαστοί

174 1284 247 1355 ὅσοι
281 1283 504 1374 διεφάνησαν,
538 1288 725 1374 ἐκβοῶντες
757 1284 834 1371 ἄρτι
867 1283 940 1372 τήν
977 1287 1135 1375 τιοίτριον
1165 1292 1235 1355 ἕλεν

174 1394 300 1481 θερίαν
321 1388 556 1479 ἀπειληφέναι.
590 1395 643 1460 κοιλ
667 1394 786 1460 θυσίαι
810 1386 895 1459 καθ’
915 1405 985 1461 ἕνα
1011 1387 1108 1481 ἦσαν
1131 1424 1158 1462 κ.
1178 1398 1236 1463 at

174 1500 272 1566 Sensn
304 1520 425 1586 prorsus
457 1520 545 1566 nassa
577 1520 643 1566 esse
676 1500 778 1583 rerba,
806 1519 875 1583 quae
907 1506 986 1583 post
1012 1497 1238 1591 κυνηγετήσειν
1289 1586 1290 1607 ρ

174 1607 557 1689 pommeranorum
590 1611 638 1672 est
670 1625 766 1689 nequo
796 1608 849 1671 ant
872 1606 912 1671 de
940 1624 1130 1684 ναυτικοῖς
1150 1614 1198 1676 ant
1214 1610 1239 1673 le

174 1713 324 1794 particula
346 1714 466 1795 poetica
487 1715 549 1798 νιὲρ
572 1712 698 1777 verbum
721 1712 833 1777 addere
857 1732 937 1794 opus
963 1720 1025 1781 est.
1089 1717 1196 1782 Ulcera
1213 1714 1240 1779 al

174 1821 306 1902 speciem
329 1819 513 1902 gravissima
535 1818 692 1884 facillimis
714 1818 856 1883 remediis
873 1823 1082 1889 sanabuntur
1097 1822 1239 1889 sententiis

173 1925 287 1989 rectius
321 1926 477 1991 distinctis
506 1931 539 1990 et
570 1927 744 1990 litterarum
777 1926 994 2008 geminatione
1026 1932 1062 1994 et
1085 1931 1240 1995 confusione

173 2029 303 2095 sublata.
348 2031 520 2114 Scripserat
541 2031 623 2096 enim
645 2032 821 2114 Appianas:
858 2026 1032 2118 ,Πλάγκος
1065 2037 1104 2101 δὲ
1133 2059 1240 2121 προσε-

172 2140 287 2224 γένετο
315 2133 405 2221 μετοί
433 2136 494 2204 τοῦ
527 2137 655 2203 οἰκείου
688 2137 845 2222 στρατοῦ,
879 2140 933 2204 καί
967 2138 988 2206 ό
1012 2145 1155 2227 Δέκμος
1181 2145 1241 2207 ἐπέ·

175 2245 290 2309 στελλε
306 2246 349 2333 τῇ
363 2245 475 2333 βουλῇ
496 2237 559 2309 τόν
580 2236 768 2313 ’Λντώνιον
789 2237 971 2328 οἷλώμενον
995 2244 1239 2337 κυνηγετήσειν.

174 2343 329 2416 ου’τίκοι
365 2345 416 2425 νίς
448 2352 547 2434 περί
584 2347 649 2436 eido
677 2343 866 2437 γεγονότων
898 2359 995 2420 οἵτε
1024 2356 1238 2443 Πομπηιανοί

173 2450 372 2540 πυθόμενοι
395 2458 593 2541 θαυμαστοί
617 2453 689 2524 ὅσοι
714 2452 923 2544 διεφάνησαν
944 2505 953 2522 .
972 2505 982 2523 .
1000 2508 1022 2536 .,
1048 2466 1109 2528 καί
1133 2464 1237 2530 θυσίαι

175 2556 256 2631 καθ’
277 2573 336 2632 ἕνα
359 2555 457 2648 ἦσαν.
487 2556 634 2636 (Αὐτίκα
658 2566 782 2630 subesse
799 2569 936 2630 senserat
950 2567 1015 2632 iam
1033 2568 1237 2653 Tyrrrhitmrl

274 2728 311 2803 V,
335 2728 391 2792 21:
415 2731 446 2793 ol
469 2727 502 2794 dl
526 2731 664 2805 ἐξέθεον
686 2733 719 2802 ἐς
734 2720 796 2793 τόν
818 2721 970 2794 Λεόκιον
998 2730 1049 2815 (L.
1069 2736 1235 2805 Antonium,

172 2834 327 2900 triumviri
365 2834 506 2920 fratrem)
541 2836 596 2902 καὶ
630 2829 848 2920 παρεκάλουν
881 2838 1047 2922 οἰκτεῖραι
1089 2844 1159 2924 μίν
1189 2842 1233 2905 ίιιί

170 2956 242 3017 τοῖς
265 2942 443 3028 ἐμφυλίοις
464 2939 530 3026 την
551 2938 656 3008 πόλιν
678 2944 732 3008 καί
755 2938 820 3025 τη“ν
842 2933 1008 3018 Ἰταλίαν,
1029 2944 1193 3020 δέξασθαι
1208 2947 1232 3012 δὲ

171 3045 336 3116 κοινωνόν
359 3035 384 3134 ᾧ
405 3042 469 3134 τήν
492 3049 602 3134 κρίσιν
623 3044 646 3134 η’
669 3050 726 3115 aar
750 3051 845 3134 aprio
865 3044 958 3133 ηέιιί
975 3050 1048 3117 τῶν
1063 3047 1233 3139 ἡγεμόνοιν

169 3161 344 3244 γενέσθαι.
389 3155 496 3239 Neque
518 3156 592 3239 quid
614 3156 658 3221 sit
680 3155 840 3232 δέξασθαι
865 3147 1042 3230 κοινωνόν,
1067 3178 1231 3245 neqneqno

169 3261 322 3346 pertineat
343 3262 466 3326 dativus
488 3262 686 3343 pronominis,
714 3281 814 3345 nequo
836 3262 1104 3345 quemadmodum
1128 3267 1231 3349 superi·

167 3370 271 3434 oribus
292 3369 499 3451 adiungantur
518 3344 621 3433 verba‘
632 3364 696 3453 τήν
713 3371 821 3454 κρίσιν
835 3373 1012 3455 γενέσθαι,
1042 3371 1112 3437 ulla
1126 3374 1231 3437 ratione

168 3474 361 3559 perspicitur.
405 3474 579 3540 Lenissima
601 3477 770 3541 mutatione
785 3475 917 3542 ellleitnr
934 3480 1045 3541 verum
1061 3481 1093 3542 et
1110 3482 1230 3542 reatum:

168 3581 330 3658 δέξασθαι
354 3581 388 3645 δέ
412 3581 539 3668 κοινῷ
563 3575 677 3669 νόμφ
699 3577 766 3666 τήν
789 3582 899 3666 κρίσιν
920 3575 1019 3666 ἤέπί
1038 3579 1172 3669 σφιιῖνῆ
1185 3585 1230 3649 lai

167 3689 235 3754 τῶν
256 3679 438 3773 ἡγεμόνιον
451 3694 629 3774 pertusae:
647 3689 899 3772 permitterelque
913 3688 1068 3754 indicium
1087 3688 1230 3757 communi

166 3798 198 3858 et
228 3812 315 3876 aequa
347 3793 415 3876 lege
441 3797 496 3859 aut
516 3795 598 3877 apud
619 3796 702 3879 ipsos
725 3800 779 3859 ant
800 3794 883 3877 apud
904 3795 998 3861 duces
1019 3798 1141 3883 peragi.
1189 3796 1231 3879 (ln

165 3899 258 3964 idem
271 3901 415 3966 inuidisse
432 3899 714 3967 Mendelssolrnium
738 3919 818 3965 nnno
840 3899 940 3973 rideo,
963 3902 1019 3966 sed
1045 3904 1232 3970 dubitantem

165 4006 197 4070 et
217 4003 445 4089 fluctuantem.)
543 4040 547 4048 ’
