2678 5018
270 312 310 375 36
627 310 688 367 Lib.
706 312 760 366 VL
773 310 837 383 Cap.
851 314 887 369 11.

332 515 410 579 Eone
432 513 534 575 autem
557 511 669 575 Boreas
691 513 822 595 angusta
840 513 878 578 ab
900 513 1092 581 sede'Pelon'

330 622 441 685 missus
465 616 560 680 adest.
594 616 670 681 Vivo
692 619 895 699 praetervehor
917 619 996 684 ostia
1016 640 1105 686 suno¹

332 727 488 809 Pantagiae
510 724 713 806 Megarosque
735 725 819 789 siuns
843 716 1059 809 Thapsumque
1080 729 1242 796 iacentem.

329 833 375 896 De
392 832 455 895 looo
477 830 575 913 longis
597 830 630 892 et
650 830 800 913 perplexis
822 831 1077 913 disputationibus
1099 838 1205 900 venato
1229 855 1286 901 neo

229 943 332 1005 tamen
368 937 510 1018 expedito
549 937 696 1018 quantum
728 936 793 999 fiori
825 939 927 1020 potest
960 932 1139 1005 brevissime
1174 943 1284 1021 dicam,

229 1045 365 1128 exposita
397 1042 530 1126 primum
562 1041 616 1112 rei,
656 1041 694 1105 do
727 1061 786 1124 qna
818 1044 926 1126 agitur,
959 1045 1086 1123 ratione,
1121 1067 1213 1129 quam
1255 1053 1286 1112 et

229 1153 283 1216 alii
306 1154 338 1215 et
360 1149 526 1213 Ladevious
548 1149 727 1224 tenuerunt3
750 1150 798 1213 est
816 1149 896 1212 enim
919 1153 1002 1215 oerta
1022 1153 1207 1235 minimeque
1231 1154 1284 1218 ob·

231 1277 330 1323 scura.
354 1254 475 1319 'AEneas
498 1255 536 1320 ab
555 1250 673 1318 Heleno
695 1254 828 1318 monitus
841 1256 917 1330 (410
937 1262 1074 1341 sqq.)',tro
1098 1277 1151 1341 per
1172 1259 1284 1325 fretum

190 1383 193 1389 ⁴
228 1364 365 1429 Siculum
409 1361 530 1426 Latium
574 1362 701 1442 peteret,
744 1360 798 1425 sed
831 1360 966 1425 Sioiliam
993 1365 1284 1448 ⁴circumnavigaret

228 1470 326 1536 Italiae
352 1465 519 1533 meridiana
542 1466 704 1539 maletto,
729 1484 798 1530 oum
811 1465 922 1531 Sieiliae
944 1468 989 1533 sio
1003 1469 1284 1552 appropinquasset,

229 1581 264 1642 ut
285 1579 347 1641 iam
381 1575 485 1639 dextra
517 1591 571 1655 per
591 1571 703 1636 fratum
723 1569 913 1655 *Charybdim
950 1575 1078 1649 audiret,
1109 1575 1148 1638 ad
1175 1575 1284 1640 laevam

229 1683 450 1763 meridiemque
476 1679 553 1743 flexo
576 1696 665 1742 oursu
694 1679 735 1759 (v.
759 1677 817 1738 561
842 1685 919 1762 sqq.)
942 1679 1078 1762 fretoque
1109 1686 1177 1762 post
1198 1687 1286 1768 terga

230 1789 345 1861 relicto,
380 1787 438 1850 oris
469 1784 634 1867 Cyelopum
666 1783 802 1865 allapsus
823 1787 1004 1869 portumque
1039 1788 1096 1851 sub
1117 1787 1210 1853 AEtna
1237 1790 1285 1853 in·
1324 1802 1328 1810 '

227 1913 351 1978 gressus
365 1895 440 1956 erat.
474 1892 551 1966 lam,
568 1889 748 1973 Cyelopibus
760 1892 941 1972 conspectis,
957 1891 1060 1956 AEneae
1078 1893 1152 1957 socii
1170 1895 1284 1959 terrdre

228 1999 301 2064 oaeoi
324 2017 418 2063 unum
440 1999 560 2061 tantum
578 1995 718 2071 student,
737 1996 852 2080 fugere,
879 2015 1056 2080 quoeunque
1077 2000 1186 2063 ventus
1208 1999 1286 2065 ferat

229 2112 269 2181 (v.
293 2105 364 2181 682,
387 2105 469 2178 683).
525 2103 644 2167 Ventus
672 2105 775 2167 autem
798 2092 816 2165 a
838 2103 966 2168 meridie
987 2105 1027 2169 ad
1048 2106 1284 2188 septentrionem

228 2230 333 2276 versus
355 2211 458 2290 flabat,
491 2210 627 2281 hatest,
660 2207 692 2271 in
713 2208 812 2291 ipsum
836 2209 950 2298 fretum
971 2232 1096 2283 versus3
1116 2210 1146 2274 ei
1180 2215 1284 2275 tamen

226 2338 259 2383 se
283 2317 440 2381 uadentes
458 2318 557 2392 retro,
580 2316 660 2379 unde
682 2319 835 2388 venerant,
858 2318 1031 2401 navigaturi
1053 2320 1139 2383 erant
1160 2322 1285 2392 (catum

228 2433 271 2486 est
292 2425 365 2484 doro
399 2421 488 2484 lintea
515 2425 608 2502 retro)
645 2424 677 2486 et
701 2422 733 2485 in
762 2421 928 2511 perniciem
950 2424 1068 2500 ruituri,
1091 2441 1161 2486 oum
1183 2423 1284 2487 subito

228 2531 341 2594 Boreas
358 2529 496 2597 aPeloro
508 2530 585 2594 flans
601 2528 639 2593 ad
655 2528 814 2593 meridiem
831 2548 936 2594 uersus
951 2549 1003 2595 eos
1018 2532 1081 2616 egit
1096 2532 1128 2595 et
1148 2530 1285 2594 interitui

228 2637 340 2720 eripuit
354 2633 729 2716 (Eocoootem....v.687
742 2637 831 2718 sqq).
868 2637 913 2700 Ac
934 2637 1096 2720 trepidatio
1118 2640 1150 2702 et
1171 2656 1283 2703 eaeoum

230 2743 365 2826 fugiendi
395 2741 541 2816 studium,
574 2759 702 2824 pravum
736 2743 847 2806 'cursus
875 2744 1047 2821 eonsilium,
1083 2745 1286 2827 tempestivus

228 2848 335 2913 Borea
360 2847 547 2911 interuentus
580 2847 721 2930 salusque
756 2847 827 2912 inde
849 2849 917 2913 orta
936 2848 1094 2930 perspicue
1116 2851 1216 2915 verbis
1238 2851 1286 2914 in-

231 2954 398 3019 dicantur·
437 2952 518 3019 lllud
550 2954 654 3029 etiam,
685 2954 712 3019 si
745 2955 811 3036 quis
844 2955 929 3035 serta
958 2955 1070 3020 indicia
1098 2959 1130 3020 et
1155 2956 1288 3040 vestigia

230 3060 472 3133 animadvertere
505 3062 536 3126 et
567 3063 671 3127 tenere
693 3061 787 3139 novit,
817 3060 1033 3140 certissimum,
1067 3083 1095 3126 v.
1109 3062 1285 3126 dal-686

229 3160 506 3244 (contra-corsos)
540 3186 599 3231 non
626 3167 726 3235 solum
754 3167 988 3233 admonitionem
1015 3169 1126 3233 Heleni
1147 3170 1287 3247 indicari,

228 3295 266 3339 ne
288 3276 369 3339 inter
393 3271 527 3356 Scyllam
549 3271 795 3356 Charybdimque
828 3291 934 3339 aursus
958 3278 1092 3350 teneant
1115 3276 1170 3341 sed
1191 3277 1287 3342 simul

228 3381 328 3446 verbis
352 3380 538 3462 appositione
554 3379 706 3444 adiunctis
727 3397 822 3462 prope
844 3382 944 3456 oertae,
967 3380 994 3446 si
1015 3381 1046 3445 id
1068 3381 1192 3460 faciant,
1214 3403 1288 3467 per-

230 3486 321 3551 nioiei
345 3486 606 3570 significationem.
660 3487 768 3569 ltaque
797 3486 862 3550 haeo
882 3487 1016 3568 primum
1038 3488 1174 3552 nascit-ur
1193 3489 1287 3556 huius

229 3593 323 3676 partis
355 3593 469 3667 forma,
502 3593 635 3674 seposito
666 3594 819 3677 paulisper
849 3602 953 3655 contra
987 3594 1037 3670 (ob
1059 3615 1127 3660 eam
1149 3615 1287 3675 oausam,

231 3718 297 3781 quae
319 3718 389 3763 mor
411 3699 598 3781 apparebitlz

429 3805 515 3871 iussa
536 3808 661 3871 monent
682 3807 802 3883 Heleni,
826 3808 961 3892 Scyllam
983 3813 1074 3891 atque
1099 3808 1288 3891 Charybdim

361 3912 449 3985 inter,
472 3916 632 3994 utramque
655 3913 736 3977 viam
757 3914 812 3978 leti
834 3914 1010 3980 discrimine
1032 3934 1134 3998 parvo,

360 4019 390 4080 ni
412 4017 451 4097 (οε
467 4020 520 4101 ne)
544 4021 670 4083 teneant
690 4038 804 4083 sursus.

228 4122 306 4188 Nam
350 4124 454 4207 Scylla
486 4123 713 4207 Charybdisque
751 4127 878 4209 utraque
913 4127 962 4191 via
993 4127 1048 4190 leti
1081 4131 1147 4205 est,
1192 4148 1287 4210 parvo
