<?xml version="1.0" encoding="UTF-8"?>
<!DOCTYPE html PUBLIC "-//W3C//DTD XHTML 1.0 Transitional//EN"
    "http://www.w3.org/TR/xhtml1/DTD/xhtml1-transitional.dtd">
<html xmlns="http://www.w3.org/1999/xhtml" xml:lang="en" lang="en">
 <head>
  <title>
</title>
<meta http-equiv="Content-Type" content="text/html;charset=utf-8" />
  <meta name='ocr-system' content='tesseract 3.04.00' />
  <meta name='ocr-capabilities' content='ocr_page ocr_carea ocr_par ocr_line ocrx_word'/>
</head>
<body>
  <div class='ocr_page' id='page_1' title='image "./ioniemadvigiiad00madvgoog_0562.png"; bbox 0 0 2656 5056; ppageno 0'>
   <div class='ocr_carea' id='block_1_1' title="bbox 471 612 1220 751">
    <p class='ocr_par' dir='ltr' id='par_1_1' title="bbox 471 612 1220 765">
     <span class='ocr_line' id='line_1_1' title="bbox 471 612 1220 751; baseline 0.012 -20"><span class='ocrx_word' id='word_1_1' title='bbox 471 632 723 751; x_wconf 52' lang='lat' dir='ltr'>Taciti-Annales(</span> <span class='ocrx_word' id='word_1_2' title='bbox 766 612 777 643; x_wconf 41' lang='lat'><strong><em>⁹</em></strong></span> <span class='ocrx_word' id='word_1_3' title='bbox 965 727 969 735; x_wconf 93' lang='grc'>.</span> <span class='ocrx_word' id='word_1_4' title='bbox 981 628 1078 751; x_wconf 42' lang='lat'>2&#39;551</span> <span class='ocrx_word' id='word_1_5' title='bbox 1214 676 1220 690; x_wconf 84' lang='lat'>&#39;</span> 
     </span>
    </p>
   </div>
   <div class='ocr_carea' id='block_1_2' title="bbox 297 739 415 781">
    <p class='ocr_par' dir='ltr' id='par_1_2' title="bbox 297 739 415 781">
     <span class='ocr_line' id='line_1_2' title="bbox 297 739 415 781; baseline 0 -37"><span class='ocrx_word' id='word_1_6' title='bbox 297 739 415 781; x_wconf 26' lang='grc' dir='ltr'>,ᾖ</span> 
     </span>
    </p>
   </div>
   <div class='ocr_carea' id='block_1_3' title="bbox 164 836 1256 964">
    <p class='ocr_par' dir='ltr' id='par_1_3' title="bbox 164 836 1256 964">
     <span class='ocr_line' id='line_1_3' title="bbox 164 836 1256 964; baseline -0.004 -24"><span class='ocrx_word' id='word_1_7' title='bbox 164 875 230 940; x_wconf 91' lang='lat' dir='ltr'>Ibd.</span> <span class='ocrx_word' id='word_1_8' title='bbox 274 874 329 938; x_wconf 83' lang='lat'>31:</span> <span class='ocrx_word' id='word_1_9' title='bbox 393 874 538 941; x_wconf 83' lang='lat' dir='ltr'>Norunt</span> <span class='ocrx_word' id='word_1_10' title='bbox 580 836 755 941; x_wconf 80' lang='lat' dir='ltr'>Vettium</span> <span class='ocrx_word' id='word_1_11' title='bbox 798 848 1117 944; x_wconf 79' lang='lat' dir='ltr'>Valentem</span> <span class='ocrx_word' id='word_1_12' title='bbox 1191 844 1195 856; x_wconf 38' lang='lat'><strong><em>⁹</em></strong></span> <span class='ocrx_word' id='word_1_13' title='bbox 1230 882 1256 964; x_wconf 48' lang='grc' dir='ltr'>ζ’</span> 
     </span>
    </p>
   </div>
   <div class='ocr_carea' id='block_1_4' title="bbox 60 966 1245 1068">
    <p class='ocr_par' dir='ltr' id='par_1_4' title="bbox 60 966 1245 1068">
     <span class='ocr_line' id='line_1_4' title="bbox 60 966 1245 1068; baseline 0.006 -24"><span class='ocrx_word' id='word_1_14' title='bbox 60 966 430 1066; x_wconf 75' lang='lat' dir='ltr'>interrogantibus,</span> <span class='ocrx_word' id='word_1_15' title='bbox 479 981 568 1065; x_wconf 87' lang='lat' dir='ltr'>quid</span> <span class='ocrx_word' id='word_1_16' title='bbox 607 982 821 1065; x_wconf 77' lang='lat' dir='ltr'>aspiceret,</span> <span class='ocrx_word' id='word_1_17' title='bbox 868 985 1121 1068; x_wconf 90' lang='lat' dir='ltr'>respondisse</span> <span class='ocrx_word' id='word_1_18' title='bbox 1240 966 1245 974; x_wconf 39' lang='lat'>⁴</span> 
     </span>
    </p>
   </div>
   <div class='ocr_carea' id='block_1_5' title="bbox 45 1080 1186 3402">
    <p class='ocr_par' dir='ltr' id='par_1_5' title="bbox 60 1080 1125 1703">
     <span class='ocr_line' id='line_1_5' title="bbox 61 1080 1123 1173; baseline 0.004 -21"><span class='ocrx_word' id='word_1_19' title='bbox 61 1080 343 1172; x_wconf 77' lang='lat' dir='ltr'>tempestatem</span> <span class='ocrx_word' id='word_1_20' title='bbox 366 1088 410 1153; x_wconf 87' lang='lat' dir='ltr'>ab</span> <span class='ocrx_word' id='word_1_21' title='bbox 432 1085 549 1153; x_wconf 91' lang='lat' dir='ltr'>Ostia</span> <span class='ocrx_word' id='word_1_22' title='bbox 570 1090 757 1162; x_wconf 88' lang='lat' dir='ltr'>atrocem,</span> <span class='ocrx_word' id='word_1_23' title='bbox 779 1088 860 1154; x_wconf 83' lang='lat' dir='ltr'>sive</span> <span class='ocrx_word' id='word_1_24' title='bbox 888 1094 1059 1173; x_wconf 77' lang='lat' dir='ltr'>cuperat</span> <span class='ocrx_word' id='word_1_25' title='bbox 1080 1109 1123 1156; x_wconf 86' lang='lat' dir='ltr'>aa</span> 
     </span>
     <span class='ocr_line' id='line_1_6' title="bbox 61 1193 1125 1280; baseline 0.005 -22"><span class='ocrx_word' id='word_1_26' title='bbox 61 1193 234 1276; x_wconf 77' lang='lat' dir='ltr'>speeies,</span> <span class='ocrx_word' id='word_1_27' title='bbox 267 1213 331 1259; x_wconf 90' lang='lat' dir='ltr'>seu</span> <span class='ocrx_word' id='word_1_28' title='bbox 362 1193 466 1258; x_wconf 82' lang='lat' dir='ltr'>forte</span> <span class='ocrx_word' id='word_1_29' title='bbox 501 1193 610 1277; x_wconf 91' lang='lat' dir='ltr'>lapsa</span> <span class='ocrx_word' id='word_1_30' title='bbox 633 1194 759 1261; x_wconf 85' lang='lat' dir='ltr'>vorin</span> <span class='ocrx_word' id='word_1_31' title='bbox 781 1198 1013 1280; x_wconf 78' lang='lat' dir='ltr'>prasagium</span> <span class='ocrx_word' id='word_1_32' title='bbox 1035 1215 1125 1263; x_wconf 81' lang='lat' dir='ltr'>ner·</span> 
     </span>
     <span class='ocr_line' id='line_1_7' title="bbox 60 1300 1123 1388; baseline 0.001 -22"><span class='ocrx_word' id='word_1_33' title='bbox 60 1300 123 1366; x_wconf 89' lang='lat' dir='ltr'>tit.</span> <span class='ocrx_word' id='word_1_34' title='bbox 172 1300 315 1384; x_wconf 82' lang='lat' dir='ltr'>Ineptum</span> <span class='ocrx_word' id='word_1_35' title='bbox 349 1301 398 1365; x_wconf 89' lang='lat' dir='ltr'>est</span> <span class='ocrx_word' id='word_1_36' title='bbox 428 1300 599 1382; x_wconf 75' lang='lat' dir='ltr'>caperat</span> <span class='ocrx_word' id='word_1_37' title='bbox 632 1303 664 1364; x_wconf 90' lang='lat' dir='ltr'>et</span> <span class='ocrx_word' id='word_1_38' title='bbox 694 1301 776 1367; x_wconf 90' lang='lat' dir='ltr'>initii</span> <span class='ocrx_word' id='word_1_39' title='bbox 800 1302 901 1378; x_wconf 80' lang='lat' dir='ltr'>notio,</span> <span class='ocrx_word' id='word_1_40' title='bbox 933 1322 1004 1367; x_wconf 90' lang='lat' dir='ltr'>cum</span> <span class='ocrx_word' id='word_1_41' title='bbox 1025 1305 1123 1388; x_wconf 88' lang='lat' dir='ltr'>signi-</span> 
     </span>
     <span class='ocr_line' id='line_1_8' title="bbox 61 1405 1123 1491; baseline 0.003 -19"><span class='ocrx_word' id='word_1_42' title='bbox 61 1408 170 1473; x_wconf 86' lang='lat' dir='ltr'>ficetur</span> <span class='ocrx_word' id='word_1_43' title='bbox 203 1425 239 1472; x_wconf 88' lang='lat' dir='ltr'>ea</span> <span class='ocrx_word' id='word_1_44' title='bbox 259 1405 377 1489; x_wconf 88' lang='lat' dir='ltr'>species</span> <span class='ocrx_word' id='word_1_45' title='bbox 399 1423 467 1470; x_wconf 79' lang='lat' dir='ltr'>rere</span> <span class='ocrx_word' id='word_1_46' title='bbox 494 1406 620 1472; x_wconf 86' lang='lat' dir='ltr'>obiecta.</span> <span class='ocrx_word' id='word_1_47' title='bbox 675 1407 800 1474; x_wconf 89' lang='lat' dir='ltr'>Tacitus</span> <span class='ocrx_word' id='word_1_48' title='bbox 822 1408 1004 1491; x_wconf 80' lang='lat' dir='ltr'><strong>scripserat:</strong></span> <span class='ocrx_word' id='word_1_49' title='bbox 1039 1410 1123 1475; x_wconf 87' lang='lat' dir='ltr'>sive</span> 
     </span>
     <span class='ocr_line' id='line_1_9' title="bbox 62 1511 1122 1599; baseline 0.007 -23"><span class='ocrx_word' id='word_1_50' title='bbox 62 1523 216 1597; x_wconf 81' lang='lat' dir='ltr'>ceperat</span> <span class='ocrx_word' id='word_1_51' title='bbox 239 1534 315 1574; x_wconf 84' lang='lat' dir='ltr'>eom</span> <span class='ocrx_word' id='word_1_52' title='bbox 342 1512 520 1596; x_wconf 84' lang='lat' dir='ltr'>speciem.</span> <span class='ocrx_word' id='word_1_53' title='bbox 551 1511 673 1577; x_wconf 83' lang='lat' dir='ltr'>Omisso</span> <span class='ocrx_word' id='word_1_54' title='bbox 697 1536 729 1574; x_wconf 86' lang='lat' dir='ltr'>m</span> <span class='ocrx_word' id='word_1_55' title='bbox 754 1515 869 1580; x_wconf 77' lang='lat' dir='ltr'>fautum</span> <span class='ocrx_word' id='word_1_56' title='bbox 891 1533 933 1581; x_wconf 79' lang='lat' dir='ltr'>ea</span> <span class='ocrx_word' id='word_1_57' title='bbox 954 1516 1122 1599; x_wconf 80' lang='lat' dir='ltr'>species.</span> 
     </span>
     <span class='ocr_line' id='line_1_10' title="bbox 63 1618 692 1703; baseline 0 -19"><span class='ocrx_word' id='word_1_58' title='bbox 63 1619 165 1699; x_wconf 82' lang='lat' dir='ltr'>[Vett.</span> <span class='ocrx_word' id='word_1_59' title='bbox 187 1618 255 1683; x_wconf 88' lang='lat' dir='ltr'>edd.</span> <span class='ocrx_word' id='word_1_60' title='bbox 278 1621 431 1702; x_wconf 77' lang='lat' dir='ltr'>ceperat</span> <span class='ocrx_word' id='word_1_61' title='bbox 453 1636 497 1683; x_wconf 90' lang='lat' dir='ltr'>ea</span> <span class='ocrx_word' id='word_1_62' title='bbox 517 1619 692 1703; x_wconf 85' lang='lat' dir='ltr'>speeies]</span> 
     </span>
    </p>

    <p class='ocr_par' dir='ltr' id='par_1_6' title="bbox 60 1722 1126 2764">
     <span class='ocr_line' id='line_1_11' title="bbox 164 1722 1124 1810; baseline -0.001 -20"><span class='ocrx_word' id='word_1_63' title='bbox 164 1726 231 1790; x_wconf 91' lang='lat' dir='ltr'>Ibd.</span> <span class='ocrx_word' id='word_1_64' title='bbox 265 1723 323 1789; x_wconf 83' lang='lat'>34:</span> <span class='ocrx_word' id='word_1_65' title='bbox 367 1725 552 1789; x_wconf 78' lang='lat' dir='ltr'><strong>Instabat</strong></span> <span class='ocrx_word' id='word_1_66' title='bbox 587 1724 745 1810; x_wconf 90' lang='lat' dir='ltr'>quidem</span> <span class='ocrx_word' id='word_1_67' title='bbox 785 1722 999 1792; x_wconf 86' lang='lat' dir='ltr'>Narcissus</span> <span class='ocrx_word' id='word_1_68' title='bbox 1034 1743 1124 1808; x_wconf 91' lang='lat' dir='ltr'>ape·</span> 
     </span>
     <span class='ocr_line' id='line_1_12' title="bbox 61 1816 1122 1922; baseline -0.003 -26"><span class='ocrx_word' id='word_1_69' title='bbox 61 1832 142 1896; x_wconf 87' lang='lat' dir='ltr'>rire</span> <span class='ocrx_word' id='word_1_70' title='bbox 175 1831 358 1915; x_wconf 80' lang='lat' dir='ltr'>ambages</span> <span class='ocrx_word' id='word_1_71' title='bbox 398 1833 437 1895; x_wconf 84' lang='lat' dir='ltr'>et</span> <span class='ocrx_word' id='word_1_72' title='bbox 472 1831 556 1916; x_wconf 79' lang='lat' dir='ltr'>seri</span> <span class='ocrx_word' id='word_1_73' title='bbox 585 1831 731 1914; x_wconf 88' lang='lat' dir='ltr'>copiam</span> <span class='ocrx_word' id='word_1_74' title='bbox 767 1833 915 1905; x_wconf 65' lang='lat' dir='ltr'>saecum</span> <span class='ocrx_word' id='word_1_75' title='bbox 955 1816 1122 1922; x_wconf 87' lang='lat' dir='ltr'>sednon</span> 
     </span>
     <span class='ocr_line' id='line_1_13' title="bbox 62 1925 1123 2023; baseline -0.002 -21"><span class='ocrx_word' id='word_1_76' title='bbox 62 1937 148 2003; x_wconf 91' lang='lat' dir='ltr'>ideo</span> <span class='ocrx_word' id='word_1_77' title='bbox 170 1925 355 2019; x_wconf 86' lang='lat' dir='ltr'>pervicit,</span> <span class='ocrx_word' id='word_1_78' title='bbox 377 1936 469 2020; x_wconf 87' lang='lat' dir='ltr'>quin</span> <span class='ocrx_word' id='word_1_79' title='bbox 491 1955 684 2020; x_wconf 89' lang='lat' dir='ltr'>suspensa</span> <span class='ocrx_word' id='word_1_80' title='bbox 704 1939 757 2013; x_wconf 90' lang='lat' dir='ltr'>et,</span> <span class='ocrx_word' id='word_1_81' title='bbox 785 1957 855 2023; x_wconf 89' lang='lat' dir='ltr'>quo</span> <span class='ocrx_word' id='word_1_82' title='bbox 876 1939 1123 2008; x_wconf 82' lang='lat' dir='ltr'>ducerentur,</span> 
     </span>
     <span class='ocr_line' id='line_1_14' title="bbox 60 2043 1124 2126; baseline -0.003 -17"><span class='ocrx_word' id='word_1_83' title='bbox 60 2044 307 2110; x_wconf 80' lang='lat' dir='ltr'>inclinatura</span> <span class='ocrx_word' id='word_1_84' title='bbox 339 2045 605 2126; x_wconf 86' lang='lat' dir='ltr'>responderet.</span> <span class='ocrx_word' id='word_1_85' title='bbox 661 2043 781 2109; x_wconf 84' lang='lat' dir='ltr'>Claudii</span> <span class='ocrx_word' id='word_1_86' title='bbox 821 2063 969 2126; x_wconf 90' lang='lat' dir='ltr'>suspensa</span> <span class='ocrx_word' id='word_1_87' title='bbox 1000 2061 1124 2126; x_wconf 88' lang='lat' dir='ltr'>respon-</span> 
     </span>
     <span class='ocr_line' id='line_1_15' title="bbox 62 2149 1123 2233; baseline -0.001 -18"><span class='ocrx_word' id='word_1_88' title='bbox 62 2149 165 2215; x_wconf 88' lang='lat' dir='ltr'>dentis</span> <span class='ocrx_word' id='word_1_89' title='bbox 203 2149 347 2233; x_wconf 85' lang='lat' dir='ltr'>ambages</span> <span class='ocrx_word' id='word_1_90' title='bbox 381 2150 485 2226; x_wconf 75' lang='lat' dir='ltr'>erant3</span> <span class='ocrx_word' id='word_1_91' title='bbox 521 2150 587 2215; x_wconf 89' lang='lat' dir='ltr'>eius</span> <span class='ocrx_word' id='word_1_92' title='bbox 618 2168 722 2215; x_wconf 82' lang='lat' dir='ltr'>ueram</span> <span class='ocrx_word' id='word_1_93' title='bbox 752 2151 939 2217; x_wconf 87' lang='lat' dir='ltr'>voluntatem</span> <span class='ocrx_word' id='word_1_94' title='bbox 962 2149 1123 2215; x_wconf 87' lang='lat' dir='ltr'>Narcissus</span> 
     </span>
     <span class='ocr_line' id='line_1_16' title="bbox 66 2253 1123 2339; baseline -0.002 -17"><span class='ocrx_word' id='word_1_95' title='bbox 66 2257 146 2323; x_wconf 85' lang='lat' dir='ltr'>scire</span> <span class='ocrx_word' id='word_1_96' title='bbox 180 2255 313 2330; x_wconf 76' lang='lat' dir='ltr'>volebat3</span> <span class='ocrx_word' id='word_1_97' title='bbox 349 2255 414 2339; x_wconf 92' lang='lat' dir='ltr'>ipse</span> <span class='ocrx_word' id='word_1_98' title='bbox 444 2253 571 2321; x_wconf 81' lang='lat' dir='ltr'>Claudio</span> <span class='ocrx_word' id='word_1_99' title='bbox 599 2255 661 2321; x_wconf 89' lang='lat' dir='ltr'>iam</span> <span class='ocrx_word' id='word_1_100' title='bbox 696 2257 797 2322; x_wconf 91' lang='lat' dir='ltr'>omnia</span> <span class='ocrx_word' id='word_1_101' title='bbox 830 2260 970 2322; x_wconf 89' lang='lat' dir='ltr'>narrarat</span> <span class='ocrx_word' id='word_1_102' title='bbox 1002 2260 1034 2322; x_wconf 86' lang='lat' dir='ltr'>et</span> <span class='ocrx_word' id='word_1_103' title='bbox 1060 2256 1123 2321; x_wconf 87' lang='lat' dir='ltr'>veri</span> 
     </span>
     <span class='ocr_line' id='line_1_17' title="bbox 64 2361 1126 2446; baseline -0.002 -18"><span class='ocrx_word' id='word_1_104' title='bbox 64 2363 187 2446; x_wconf 87' lang='lat' dir='ltr'>copiam</span> <span class='ocrx_word' id='word_1_105' title='bbox 223 2361 432 2444; x_wconf 87' lang='lat' dir='ltr'>plenissimam</span> <span class='ocrx_word' id='word_1_106' title='bbox 465 2362 589 2428; x_wconf 85' lang='lat' dir='ltr'>iecerat.</span> <span class='ocrx_word' id='word_1_107' title='bbox 635 2361 849 2428; x_wconf 72' lang='lat' dir='ltr'>Certmsimum</span> <span class='ocrx_word' id='word_1_108' title='bbox 881 2364 931 2429; x_wconf 89' lang='lat' dir='ltr'>est</span> <span class='ocrx_word' id='word_1_109' title='bbox 964 2382 983 2428; x_wconf 92' lang='lat' dir='ltr'>a</span> <span class='ocrx_word' id='word_1_110' title='bbox 1018 2361 1126 2426; x_wconf 77' lang='lat' dir='ltr'>Tacito</span> 
     </span>
     <span class='ocr_line' id='line_1_18' title="bbox 65 2467 1123 2552; baseline 0 -18"><span class='ocrx_word' id='word_1_111' title='bbox 65 2469 215 2552; x_wconf 88' lang='lat' dir='ltr'>scriptum</span> <span class='ocrx_word' id='word_1_112' title='bbox 272 2467 382 2534; x_wconf 85' lang='lat' dir='ltr'>fuisse:</span> <span class='ocrx_word' id='word_1_113' title='bbox 447 2468 631 2533; x_wconf 87' lang='lat' dir='ltr'>Instabat</span> <span class='ocrx_word' id='word_1_114' title='bbox 683 2468 834 2551; x_wconf 89' lang='lat' dir='ltr'>quidem</span> <span class='ocrx_word' id='word_1_115' title='bbox 894 2467 1123 2545; x_wconf 80' lang='lat' dir='ltr'>Narcissus,</span> 
     </span>
     <span class='ocr_line' id='line_1_19' title="bbox 65 2573 1123 2661; baseline 0.002 -23"><span class='ocrx_word' id='word_1_116' title='bbox 65 2577 237 2661; x_wconf 76' lang='lat' dir='ltr'>operiret</span> <span class='ocrx_word' id='word_1_117' title='bbox 258 2576 441 2659; x_wconf 85' lang='lat' dir='ltr'>ambages</span> <span class='ocrx_word' id='word_1_118' title='bbox 461 2577 498 2639; x_wconf 88' lang='lat' dir='ltr'>et</span> <span class='ocrx_word' id='word_1_119' title='bbox 519 2575 599 2638; x_wconf 87' lang='lat' dir='ltr'>veri</span> <span class='ocrx_word' id='word_1_120' title='bbox 621 2573 941 2658; x_wconf 74' lang='lat' dir='ltr'>copiamsaccrot,</span> <span class='ocrx_word' id='word_1_121' title='bbox 963 2573 1032 2640; x_wconf 90' lang='lat' dir='ltr'>sed</span> <span class='ocrx_word' id='word_1_122' title='bbox 1053 2593 1123 2640; x_wconf 93' lang='lat' dir='ltr'>non</span> 
     </span>
     <span class='ocr_line' id='line_1_20' title="bbox 61 2681 431 2764; baseline 0 -17"><span class='ocrx_word' id='word_1_123' title='bbox 61 2682 148 2747; x_wconf 89' lang='lat' dir='ltr'>ideo</span> <span class='ocrx_word' id='word_1_124' title='bbox 170 2681 351 2764; x_wconf 80' lang='lat' dir='ltr'>pervicit,</span> <span class='ocrx_word' id='word_1_125' title='bbox 373 2684 431 2748; x_wconf 88' lang='lat' dir='ltr'>oet.</span> 
     </span>
    </p>

    <p class='ocr_par' dir='ltr' id='par_1_7' title="bbox 62 2781 1122 3084">
     <span class='ocr_line' id='line_1_21' title="bbox 162 2781 1122 2868; baseline 0.001 -18"><span class='ocrx_word' id='word_1_126' title='bbox 162 2786 230 2852; x_wconf 84' lang='lat' dir='ltr'>Lib.</span> <span class='ocrx_word' id='word_1_127' title='bbox 251 2786 324 2862; x_wconf 84' lang='lat' dir='ltr'>XII,</span> <span class='ocrx_word' id='word_1_128' title='bbox 359 2787 397 2850; x_wconf 89' lang='lat'>18</span> <span class='ocrx_word' id='word_1_129' title='bbox 429 2787 537 2853; x_wconf 81' lang='lat' dir='ltr'>codes:</span> <span class='ocrx_word' id='word_1_130' title='bbox 568 2783 736 2868; x_wconf 83' lang='lat' dir='ltr'>propriis</span> <span class='ocrx_word' id='word_1_131' title='bbox 770 2785 872 2851; x_wconf 91' lang='lat' dir='ltr'>odiis</span> <span class='ocrx_word' id='word_1_132' title='bbox 908 2781 1122 2861; x_wconf 72' lang='lat' dir='ltr'>infensum</span> 
     </span>
     <span class='ocr_line' id='line_1_22' title="bbox 62 2891 1121 2976; baseline -0.003 -18"><span class='ocrx_word' id='word_1_133' title='bbox 62 2893 181 2959; x_wconf 90' lang='lat' dir='ltr'>editur:</span> <span class='ocrx_word' id='word_1_134' title='bbox 225 2912 295 2958; x_wconf 90' lang='lat' dir='ltr'>non</span> <span class='ocrx_word' id='word_1_135' title='bbox 337 2893 554 2967; x_wconf 80' lang='lat' dir='ltr'>iniensnm3</span> <span class='ocrx_word' id='word_1_136' title='bbox 597 2891 687 2972; x_wconf 91' lang='lat' dir='ltr'>paulo</span> <span class='ocrx_word' id='word_1_137' title='bbox 727 2891 838 2957; x_wconf 91' lang='lat' dir='ltr'>melius</span> <span class='ocrx_word' id='word_1_138' title='bbox 879 2897 943 2958; x_wconf 90' lang='lat' dir='ltr'>est:</span> <span class='ocrx_word' id='word_1_139' title='bbox 986 2913 1037 2976; x_wconf 90' lang='lat' dir='ltr'>pr.</span> <span class='ocrx_word' id='word_1_140' title='bbox 1070 2891 1121 2957; x_wconf 92' lang='lat' dir='ltr'>od.</span> 
     </span>
     <span class='ocr_line' id='line_1_23' title="bbox 63 2995 758 3084; baseline 0.003 -24"><span class='ocrx_word' id='word_1_141' title='bbox 63 2999 319 3082; x_wconf 80' lang='lat' dir='ltr'>inoffensum.</span> <span class='ocrx_word' id='word_1_142' title='bbox 364 2997 432 3084; x_wconf 90' lang='lat' dir='ltr'>[Sic</span> <span class='ocrx_word' id='word_1_143' title='bbox 446 2998 506 3062; x_wconf 86' lang='lat' dir='ltr'>Iao.</span> <span class='ocrx_word' id='word_1_144' title='bbox 530 2995 758 3081; x_wconf 84' lang='lat' dir='ltr'>Gronovius.]¹)</span> 
     </span>
    </p>

    <p class='ocr_par' dir='ltr' id='par_1_8' title="bbox 45 3103 1186 3402">
     <span class='ocr_line' id='line_1_24' title="bbox 165 3103 1125 3186; baseline -0.001 -17"><span class='ocrx_word' id='word_1_145' title='bbox 165 3105 232 3171; x_wconf 92' lang='lat' dir='ltr'>lbd.</span> <span class='ocrx_word' id='word_1_146' title='bbox 279 3105 337 3170; x_wconf 84' lang='lat'>51:</span> <span class='ocrx_word' id='word_1_147' title='bbox 383 3104 546 3169; x_wconf 89' lang='lat' dir='ltr'>Interim</span> <span class='ocrx_word' id='word_1_148' title='bbox 589 3103 802 3170; x_wconf 86' lang='lat' dir='ltr'>Zenobiam</span> <span class='ocrx_word' id='word_1_149' title='bbox 968 3103 1125 3186; x_wconf 89' lang='lat' dir='ltr'>placida</span> 
     </span>
     <span class='ocr_line' id='line_1_25' title="bbox 45 3200 1186 3293; baseline -0.004 -16"><span class='ocrx_word' id='word_1_150' title='bbox 45 3200 209 3277; x_wconf 67' lang='lat' dir='ltr'>villuvie</span> <span class='ocrx_word' id='word_1_151' title='bbox 230 3209 445 3293; x_wconf 77' lang='lat' dir='ltr'>spirantem</span> <span class='ocrx_word' id='word_1_152' title='bbox 469 3228 510 3275; x_wconf 92' lang='lat' dir='ltr'>ac</span> <span class='ocrx_word' id='word_1_153' title='bbox 531 3210 619 3275; x_wconf 83' lang='lat' dir='ltr'>vitae</span> <span class='ocrx_word' id='word_1_154' title='bbox 645 3211 895 3276; x_wconf 83' lang='lat' dir='ltr'>manifestam</span> <span class='ocrx_word' id='word_1_155' title='bbox 918 3208 1125 3274; x_wconf 87' lang='lat' dir='ltr'>advertere</span> <span class='ocrx_word' id='word_1_156' title='bbox 1183 3210 1186 3215; x_wconf 83' lang='grc'><strong>’</strong></span> 
     </span>
     <span class='ocr_line' id='line_1_26' title="bbox 64 3313 1126 3402; baseline -0.004 -19"><span class='ocrx_word' id='word_1_157' title='bbox 64 3320 262 3402; x_wconf 88' lang='lat' dir='ltr'>pastores.</span> <span class='ocrx_word' id='word_1_158' title='bbox 307 3314 471 3399; x_wconf 88' lang='lat' dir='ltr'>Nunquam</span> <span class='ocrx_word' id='word_1_159' title='bbox 495 3317 539 3381; x_wconf 89' lang='lat' dir='ltr'>sic</span> <span class='ocrx_word' id='word_1_160' title='bbox 561 3315 620 3380; x_wconf 86' lang='lat' dir='ltr'>dici</span> <span class='ocrx_word' id='word_1_161' title='bbox 641 3313 774 3379; x_wconf 81' lang='lat' dir='ltr'>illuviem</span> <span class='ocrx_word' id='word_1_162' title='bbox 796 3316 833 3381; x_wconf 92' lang='lat' dir='ltr'>de</span> <span class='ocrx_word' id='word_1_163' title='bbox 855 3336 934 3401; x_wconf 88' lang='lat' dir='ltr'>aqna</span> <span class='ocrx_word' id='word_1_164' title='bbox 955 3317 1053 3400; x_wconf 89' lang='lat' dir='ltr'>ripam</span> <span class='ocrx_word' id='word_1_165' title='bbox 1075 3333 1126 3380; x_wconf 84' lang='lat' dir='ltr'>ex-</span> 
     </span>
    </p>
   </div>
   <div class='ocr_carea' id='block_1_6' title="bbox 62 3420 1258 3506">
    <p class='ocr_par' dir='ltr' id='par_1_9' title="bbox 62 3420 1258 3506">
     <span class='ocr_line' id='line_1_27' title="bbox 62 3420 1258 3506; baseline -0.004 -16"><span class='ocrx_word' id='word_1_166' title='bbox 62 3426 159 3490; x_wconf 90' lang='lat' dir='ltr'>eunte</span> <span class='ocrx_word' id='word_1_167' title='bbox 192 3424 224 3487; x_wconf 90' lang='lat' dir='ltr'>et</span> <span class='ocrx_word' id='word_1_168' title='bbox 254 3424 418 3506; x_wconf 84' lang='lat' dir='ltr'>stagnante</span> <span class='ocrx_word' id='word_1_169' title='bbox 456 3420 757 3506; x_wconf 87' lang='lat' dir='ltr'>substituendamque</span> <span class='ocrx_word' id='word_1_170' title='bbox 791 3421 916 3485; x_wconf 79' lang='lat' dir='ltr'>eluviem</span> <span class='ocrx_word' id='word_1_171' title='bbox 955 3422 1126 3489; x_wconf 83' lang='lat' dir='ltr'>Gronovius</span> <span class='ocrx_word' id='word_1_172' title='bbox 1251 3441 1258 3457; x_wconf 89' lang='lat'><strong>·</strong></span> 
     </span>
    </p>
   </div>
   <div class='ocr_carea' id='block_1_7' title="bbox 62 3527 1127 3824">
    <p class='ocr_par' dir='ltr' id='par_1_10' title="bbox 62 3527 1127 3824">
     <span class='ocr_line' id='line_1_28' title="bbox 62 3527 1126 3611; baseline -0.005 -14"><span class='ocrx_word' id='word_1_173' title='bbox 62 3529 227 3597; x_wconf 85' lang='lat' dir='ltr'>intellexit.</span> <span class='ocrx_word' id='word_1_174' title='bbox 270 3527 329 3593; x_wconf 85' lang='lat' dir='ltr'>Sed</span> <span class='ocrx_word' id='word_1_175' title='bbox 352 3529 504 3594; x_wconf 79' lang='lat' dir='ltr'>ablativus</span> <span class='ocrx_word' id='word_1_176' title='bbox 530 3527 628 3593; x_wconf 89' lang='lat' dir='ltr'>nudus</span> <span class='ocrx_word' id='word_1_177' title='bbox 659 3528 731 3593; x_wconf 81' lang='lat' dir='ltr'>ferri</span> <span class='ocrx_word' id='word_1_178' title='bbox 753 3529 867 3611; x_wconf 85' lang='lat' dir='ltr'>nequit.</span> <span class='ocrx_word' id='word_1_179' title='bbox 927 3527 1126 3603; x_wconf 80' lang='lat' dir='ltr'>Scribendum</span> 
     </span>
     <span class='ocr_line' id='line_1_29' title="bbox 62 3632 1127 3723; baseline -0.005 -21"><span class='ocrx_word' id='word_1_180' title='bbox 62 3638 162 3723; x_wconf 85' lang='lat' dir='ltr'>igitur</span> <span class='ocrx_word' id='word_1_181' title='bbox 195 3634 353 3718; x_wconf 87' lang='lat' dir='ltr'>placida</span> <span class='ocrx_word' id='word_1_182' title='bbox 386 3636 425 3696; x_wconf 82' lang='lat' dir='ltr'>in</span> <span class='ocrx_word' id='word_1_183' title='bbox 458 3634 595 3713; x_wconf 77' lang='lat' dir='ltr'>eluvie,</span> <span class='ocrx_word' id='word_1_184' title='bbox 630 3653 664 3700; x_wconf 90' lang='lat' dir='ltr'>er</span> <span class='ocrx_word' id='word_1_185' title='bbox 699 3653 758 3718; x_wconf 91' lang='lat' dir='ltr'>quo</span> <span class='ocrx_word' id='word_1_186' title='bbox 797 3635 950 3700; x_wconf 84' lang='lat' dir='ltr'>inluvie</span> <span class='ocrx_word' id='word_1_187' title='bbox 980 3632 1127 3699; x_wconf 82' lang='lat' dir='ltr'>facillime</span> 
     </span>
     <span class='ocr_line' id='line_1_30' title="bbox 65 3739 294 3824; baseline -0.017 -15"><span class='ocrx_word' id='word_1_188' title='bbox 65 3743 154 3809; x_wconf 89' lang='lat' dir='ltr'>nasci</span> <span class='ocrx_word' id='word_1_189' title='bbox 175 3739 294 3824; x_wconf 85' lang='lat' dir='ltr'>potuit.¹</span> 
     </span>
    </p>
   </div>
   <div class='ocr_carea' id='block_1_8' title="bbox 36 4037 1130 4564">
    <p class='ocr_par' dir='ltr' id='par_1_11' title="bbox 36 4037 1130 4564">
     <span class='ocr_line' id='line_1_31' title="bbox 86 4037 1129 4116; baseline -0.003 -18"><span class='ocrx_word' id='word_1_190' title='bbox 86 4044 108 4111; x_wconf 91' lang='lat'>¹)</span> <span class='ocrx_word' id='word_1_191' title='bbox 138 4041 168 4098; x_wconf 83' lang='lat' dir='ltr'>C.</span> <span class='ocrx_word' id='word_1_192' title='bbox 194 4044 230 4098; x_wconf 83' lang='lat'>44</span> <span class='ocrx_word' id='word_1_193' title='bbox 259 4059 370 4113; x_wconf 80' lang='lat' dir='ltr'>pravum</span> <span class='ocrx_word' id='word_1_194' title='bbox 399 4060 456 4100; x_wconf 87' lang='lat' dir='ltr'>asse</span> <span class='ocrx_word' id='word_1_195' title='bbox 485 4043 650 4116; x_wconf 84' lang='lat' dir='ltr'>potentia</span> <span class='ocrx_word' id='word_1_196' title='bbox 677 4043 835 4113; x_wconf 78' lang='lat' dir='ltr'>prompta</span> <span class='ocrx_word' id='word_1_197' title='bbox 860 4037 916 4096; x_wconf 81' lang='lat' dir='ltr'>iero</span> <span class='ocrx_word' id='word_1_198' title='bbox 944 4057 1036 4096; x_wconf 87' lang='lat' dir='ltr'>omnes</span> <span class='ocrx_word' id='word_1_199' title='bbox 1066 4043 1129 4113; x_wconf 85' lang='lat' dir='ltr'>post</span> 
     </span>
     <span class='ocr_line' id='line_1_32' title="bbox 136 4134 1128 4206; baseline -0.001 -17"><span class='ocrx_word' id='word_1_200' title='bbox 136 4135 260 4205; x_wconf 87' lang='lat' dir='ltr'>Lipsium</span> <span class='ocrx_word' id='word_1_201' title='bbox 290 4139 468 4204; x_wconf 87' lang='lat' dir='ltr'>consentiunt,</span> <span class='ocrx_word' id='word_1_202' title='bbox 495 4136 542 4192; x_wconf 86' lang='lat' dir='ltr'>sed</span> <span class='ocrx_word' id='word_1_203' title='bbox 570 4134 727 4204; x_wconf 86' lang='lat' dir='ltr'>corrigendo</span> <span class='ocrx_word' id='word_1_204' title='bbox 753 4134 886 4200; x_wconf 81' lang='lat' dir='ltr'>aberrant,</span> <span class='ocrx_word' id='word_1_205' title='bbox 910 4137 1001 4206; x_wconf 87' lang='lat' dir='ltr'>spreta</span> <span class='ocrx_word' id='word_1_206' title='bbox 1020 4135 1128 4189; x_wconf 78' lang='lat' dir='ltr'>Freins-</span> 
     </span>
     <span class='ocr_line' id='line_1_33' title="bbox 36 4229 1129 4320; baseline -0.002 -36"><span class='ocrx_word' id='word_1_207' title='bbox 36 4241 41 4247; x_wconf 88' lang='grc'><em>·</em></span> <span class='ocrx_word' id='word_1_208' title='bbox 138 4229 369 4285; x_wconf 82' lang='lat' dir='ltr'>bemiiverissima</span> <span class='ocrx_word' id='word_1_209' title='bbox 381 4229 578 4286; x_wconf 87' lang='lat' dir='ltr'>emendatione:</span> <span class='ocrx_word' id='word_1_210' title='bbox 596 4230 750 4284; x_wconf 80' lang='lat' dir='ltr'>iuvenem</span> <span class='ocrx_word' id='word_1_211' title='bbox 763 4231 956 4320; x_wconf 70' lang='lat' dir='ltr'>impotentia</span> <span class='ocrx_word' id='word_1_212' title='bbox 970 4229 1129 4297; x_wconf 84' lang='lat' dir='ltr'>prompta</span> 
     </span>
     <span class='ocr_line' id='line_1_34' title="bbox 188 4320 1130 4387; baseline -0.001 -11"><span class='ocrx_word' id='word_1_213' title='bbox 188 4325 214 4376; x_wconf 89' lang='lat' dir='ltr'>st</span> <span class='ocrx_word' id='word_1_214' title='bbox 240 4338 286 4377; x_wconf 89' lang='lat' dir='ltr'>em</span> <span class='ocrx_word' id='word_1_215' title='bbox 313 4322 445 4378; x_wconf 90' lang='lat' dir='ltr'>sllabam</span> <span class='ocrx_word' id='word_1_216' title='bbox 499 4324 548 4377; x_wconf 90' lang='lat' dir='ltr'>hoc</span> <span class='ocrx_word' id='word_1_217' title='bbox 574 4324 623 4387; x_wconf 87' lang='lat' dir='ltr'>ast,</span> <span class='ocrx_word' id='word_1_218' title='bbox 652 4337 684 4376; x_wconf 90' lang='lat' dir='ltr'>on</span> <span class='ocrx_word' id='word_1_219' title='bbox 704 4320 810 4376; x_wconf 88' lang='lat' dir='ltr'>iditatis</span> <span class='ocrx_word' id='word_1_220' title='bbox 843 4323 872 4376; x_wconf 81' lang='lat' dir='ltr'>et</span> <span class='ocrx_word' id='word_1_221' title='bbox 897 4320 1071 4375; x_wconf 79' lang='lat' dir='ltr'>vehementia</span> <span class='ocrx_word' id='word_1_222' title='bbox 1096 4320 1130 4375; x_wconf 90' lang='lat' dir='ltr'>ad</span> 
     </span>
     <span class='ocr_line' id='line_1_35' title="bbox 140 4327 1130 4486; baseline -0.002 -17"><span class='ocrx_word' id='word_1_223' title='bbox 140 4327 273 4486; x_wconf 46' lang='lat' dir='ltr'>{gradum</span> <span class='ocrx_word' id='word_1_224' title='bbox 307 4331 471 4485; x_wconf 39' lang='lat' dir='ltr'>dempta),</span> <span class='ocrx_word' id='word_1_225' title='bbox 493 4415 548 4473; x_wconf 82' lang='lat' dir='ltr'>cn.</span> <span class='ocrx_word' id='word_1_226' title='bbox 577 4413 632 4480; x_wconf 79' lang='lat' dir='ltr'>IV,</span> <span class='ocrx_word' id='word_1_227' title='bbox 670 4337 714 4470; x_wconf 57' lang='lat' dir='ltr'>dg.</span> <span class='ocrx_word' id='word_1_228' title='bbox 767 4413 829 4484; x_wconf 85' lang='lat' dir='ltr'>Ipse</span> <span class='ocrx_word' id='word_1_229' title='bbox 864 4416 959 4484; x_wconf 83' lang='lat' dir='ltr'>sponte</span> <span class='ocrx_word' id='word_1_230' title='bbox 994 4413 1023 4467; x_wconf 89' lang='lat' dir='ltr'>in</span> <span class='ocrx_word' id='word_1_231' title='bbox 1060 4395 1130 4468; x_wconf 85' lang='lat' dir='ltr'>idem</span> 
     </span>
     <span class='ocr_line' id='line_1_36' title="bbox 141 4508 1021 4564; baseline -0.002 -1"><span class='ocrx_word' id='word_1_232' title='bbox 141 4508 295 4564; x_wconf 82' lang='lat' dir='ltr'>incideram.</span> <span class='ocrx_word' id='word_1_233' title='bbox 1018 4543 1021 4547; x_wconf 21' lang='grc' dir='ltr'><strong>Δ</strong></span> 
     </span>
    </p>
   </div>
   <div class='ocr_carea' id='block_1_9' title="bbox 0 0 1343 5056">
    <p class='ocr_par' dir='ltr' id='par_1_12' title="bbox 0 0 1343 5056">
     <span class='ocr_line' id='line_1_37' title="bbox 0 0 1343 5056; baseline 0 0"><span class='ocrx_word' id='word_1_234' title='bbox 0 0 1343 5056; x_wconf 95' lang='lat' dir='ltr'> </span> 
     </span>
    </p>
   </div>
  </div>
 </body>
</html>
