2580 5054
418 725 531 781 Homeri
548 726 623 781 Ilias.
818 731 821 739 ⁴
989 729 1009 789 3

17 940 90 985 uum
113 920 240 1005 ignarus
262 923 327 1005 ipsc
348 942 521 1006 posueram,
548 925 659 988 saltem
690 924 721 988 in
748 924 887 1009 margine
914 942 1053 991 comme·

17 1027 111 1101 oravi,
135 1029 171 1092 ut
191 1035 224 1093 et
243 1029 359 1094 veritas
386 1049 534 1096 consensu
563 1029 746 1104 firmaretur,
773 1030 931 1096 interdum
958 1050 1052 1112 argu-

18 1135 101 1199 entis
123 1135 335 1216 explicaretur,
365 1141 397 1201 et
417 1135 653 1220 intelligeretur,
677 1155 768 1219 quam
792 1136 991 1228 multabere
1012 1137 1052 1202 ab

17 1239 195 1323 iperioribus
225 1240 289 1306 illis
316 1242 534 1308 administrata
560 1243 743 1309 recentiores
775 1242 986 1328 neglexissent
1016 1262 1053 1308 ac

17 1365 23 1410 t
57 1347 280 1432 significassent
311 1349 445 1430 quidem
495 1349 541 1414 De
572 1349 641 1432 ipsa
675 1353 751 1423 arte,
774 1370 842 1434 quae
869 1351 969 1416 totum
994 1349 1054 1415 hoo

17 1471 83 1518 snus
115 1452 229 1521 criticae
261 1456 489 1540 complectitur,
523 1457 560 1521 de
593 1457 714 1522 mendis
746 1462 831 1524 certa
864 1457 981 1523 ratione
1007 1456 1054 1520 ita

17 1559 211 1634 ›nuinoendia
234 1563 269 1626 ut
284 1562 360 1626 nihil
375 1564 567 1636 attrectetur,
584 1562 665 1645 quod
681 1562 809 1645 scriptor
822 1563 889 1646 ipse
904 1564 1050 1646 posuerit,

17 1666 111 1732 iamsi
143 1668 374 1750 reprehensione
407 1687 466 1734 uon
496 1672 607 1744 careat,
638 1668 675 1733 de
705 1669 844 1754 vestigiis
868 1670 1052 1736 oblitteratis

17 1773 127 1840 *uendis
150 1776 182 1840 ot
203 1774 385 1858 aperiendis,
408 1777 445 1840 do
464 1776 561 1858 ipsius
580 1796 658 1842 uerae
673 1777 833 1858 scripturae
849 1775 1051 1858 exquisitione

17 1881 23 1946 l
47 1900 152 1946 omnes
173 1885 335 1948 sententies
357 1884 389 1947 et
411 1883 557 1948 orationis
579 1888 666 1948 notas
689 1881 856 1966 dirigenda,
883 1883 959 1947 nihil
993 1885 1051 1958 est,

17 1987 66 2052 rod
99 2006 178 2052 nunc
209 1989 248 2054 iis
280 1988 401 2062 addam,
432 2008 500 2072 quae
529 1991 559 2055 in
593 1988 845 2056 Adversariorum
868 1990 1050 2055 Oriticorum

17 2097 85 2165 imo
118 2098 196 2164 libro
229 2095 361 2179 exposui,
394 2114 451 2161 nec
484 2096 571 2161 lubet
603 2096 653 2162 hic
690 2097 832 2179 conqueri
869 2096 907 2161 de
944 2113 1047 2160 eorum

17 2205 193 2280 amodestia,
216 2203 270 2286 qui
292 2221 390 2285 neque
412 2203 563 2268 sermonis
578 2203 697 2285 antiqui
712 2204 841 2269 scientia
855 2221 891 2268 ac
904 2202 1051 2268 facultate

17 2313 85 2377 ulta
106 2313 225 2376 attente
247 2309 377 2394 legendo
401 2311 577 2392 comparata
597 2328 692 2393 nequo
707 2310 820 2376 iudicio
835 2309 1052 2375 exercitatione

17 2419 113 2485 abacto
136 2436 194 2484 non
217 2418 318 2482 minus
341 2417 448 2481 leviter
469 2435 544 2480 sarra
566 2422 597 2481 et
613 2421 698 2482 recta
713 2417 912 2483 coniectando
929 2434 1051 2498 perver-

17 2527 60 2590 rnt
92 2543 184 2607 quam
215 2524 327 2589 vitiosa
357 2522 540 2598 detendunt3
573 2526 705 2602 tantum,
728 2528 763 2587 ut
791 2522 1051 2588 mihi‘interdum

17 2633 118 2714 templi
140 2650 231 2698 causa
252 2631 431 2696 huiusmodi
453 2629 594 2713 quaedam
626 2633 732 2711 aperte
759 2629 879 2694 notanti
904 2648 940 2695 ac
966 2647 1052 2712 paeue

17 2738 189 2804 ,birascanti
211 2739 396 2821 ignoscatur,
426 2754 539 2820 precor,
567 2754 635 2818 quae
666 2737 755 2801 venia
777 2737 907 2801 tortasse
930 2734 1053 2800 facilius

17 2844 64 2910 ihi
97 2845 236 2919 dabitur,
270 2846 296 2910 si
329 2843 476 2909 addidero
510 2841 673 2907 ridiculum
704 2861 753 2906 me
787 2842 942 2907 interdum
976 2841 1050 2906 milri

18 2971 89 3018 sum
123 2950 234 3030 videri,
267 2951 319 3034 qui
350 2968 443 3032 prope
475 2948 688 3032 octogenarius
721 2947 777 3013 has
810 2948 988 3013 mendorum
1021 2952 1054 3012 et

17 3059 229 3124 ›nieoturarum
253 3059 401 3122 minutias
423 3075 536 3121 curem.

437 3343 558 3423 hibor
579 3345 605 3417 Ι.

331 3478 567 3543 Emendatioues
589 3475 712 3544 Graeoae.

459 3645 544 3727 Cap.
567 3645 592 3709 Ι.

153 3767 265 3822 Homeri
284 3767 357 3822 Ilias.
395 3765 538 3836 Sophoclis
558 3765 635 3819 Aiax.
672 3763 813 3834 Euripidis
829 3763 887 3817 lon.

90 3919 198 3983 Audax
213 3917 331 3985 facinus
347 3919 517 4003 aggredior.
550 3918 584 3981 ln
608 3917 727 3982 duobus
750 3917 830 3979 euim
846 3914 952 3980 iliadis
968 3912 1054 3987 locis,

17 4045 65 4092 ros
88 4019 208 4090 constat
229 4025 347 4107 aliquot
369 4026 440 4088 ante
460 4023 616 4089 Christum
639 4024 746 4088 natum
770 4021 899 4097 saeculis,
921 4019 1053 4084 alterum

18 4133 82 4197 iam
117 4133 264 4198 Herodoti
298 4133 397 4204 aetate,
431 4134 538 4196 eodem
572 4132 662 4196 modo
695 4131 824 4210 scriptos
857 4127 960 4200 luisse,
995 4144 1055 4208 quo

17 4258 70 4305 ruo
92 4239 121 4303 in
145 4240 301 4306 codicibus
324 4240 356 4303 et
379 4238 567 4305 editionibus
589 4238 774 4316 scribuntur,
797 4238 895 4317 poetae
916 4235 1052 4297 mentem

17 4345 234 4429 ›utentiamque
268 4344 485 4430 antiquissimo
518 4365 617 4409 errore
650 4346 843 4410 obscuratam
873 4359 939 4405 osse
964 4357 1053 4403 mou·

19 4471 88 4518 rare
120 4456 258 4520 conabor.
313 4454 417 4519 Minus
450 4454 563 4528 tamem
598 4453 633 4516 ut
661 4453 775 4533 opinor,
797 4447 983 4513 temeritatis
1005 4463 1054 4510 res

17 4563 101 4627 abere
134 4562 297 4639 ridebitur,
330 4562 356 4625 si
385 4559 454 4641 quis
477 4557 642 4641 prudenter
671 4556 917 4631 consideraverit,
945 4570 1054 4634 quem·

821 4663 851 4723 1*
