2580 5054
507 700 692 757 Miscellanea.
1055 703 1094 764 79

168 896 203 960 In
231 896 330 964 Ilione
352 897 467 969 dessio,
497 916 535 962 ne
564 900 690 982 propter
718 898 903 964 tenuitatem
925 917 1041 974 eorum,
1065 916 1135 980 qnae

60 1000 102 1064 ad
125 1001 193 1065 eins
215 1001 309 1068 libros
331 1000 537 1068 emendandos
558 1020 640 1068 nuuc
657 1003 792 1079 afferam,
808 1005 989 1087 scriptorem
1005 1023 1135 1070 summae

61 1105 104 1169 ad
127 1124 177 1171 res
198 1107 354 1173 Romanas
377 1109 604 1192 cognoscendas
626 1108 772 1175 utilitatis
795 1128 862 1174 sero
878 1129 914 1175 ac
929 1109 1133 1192 perfunctorie

62 1212 207 1297 attigisse
241 1214 353 1297 ridear,
387 1233 480 1297 cogor
511 1214 628 1280 invitus
657 1235 723 1282 rem
753 1216 860 1281 miram
884 1233 1133 1292 commemorare,

63 1319 145 1400 qnod
179 1318 233 1386 det
264 1320 329 1385 sine
363 1319 430 1384 ulla
463 1321 649 1386 contumelia
685 1320 743 1386 viri
777 1321 892 1405 egregii
926 1320 1133 1386 Immanuelis

66 1412 208 1501 Beklreri,
230 1443 322 1507 quem
339 1425 447 1509 quanti
463 1426 620 1492 etfaciam
637 1432 667 1493 et
682 1445 802 1511 semper
816 1426 952 1504 fecerim,
975 1445 1045 1493 oum
1061 1424 1134 1490 alibi

63 1529 126 1593 dixi
157 1532 223 1595 tom
255 1532 388 1598 ubertim
413 1531 444 1597 in
474 1532 651 1613 praefatione
682 1533 791 1613 prioris
823 1531 965 1598 editionis
998 1532 1135 1617 syntaxis

64 1634 180 1701 Graecae
195 1657 224 1719 p.
238 1637 339 1715 XVII,
357 1643 388 1703 et
403 1637 469 1704 sine
485 1637 550 1702 ulla
565 1638 691 1722 indigna
706 1657 740 1703 ee
755 1639 937 1720 suspicione.
971 1636 1048 1701 Cum
1068 1639 1134 1702 eius

62 1741 147 1807 filius
169 1743 244 1809 iuris
265 1744 343 1818 turn,
365 1746 400 1808 nt
424 1743 541 1826 opinor,
564 1744 741 1808 antecessor
756 1743 900 1808 Halensis
922 1746 976 1808 aut
998 1744 1132 1808 lenensis

62 1848 145 1912 inter
165 1867 191 1912 a.
218 1850 298 1913 1840
320 1853 353 1915 et
384 1849 463 1912 1848
492 1848 622 1913 Hauntae
644 1867 694 1913 me
724 1849 891 1914 salutasset
923 1853 954 1913 et
986 1848 1062 1913 mihi
1096 1849 1133 1913 de

60 1955 161 2036 patris
176 1986 179 1991 ⁴
193 1957 284 2021 rebus
314 1955 462 2038 quaerenti
494 1956 648 2020 narrasset
670 1973 755 2031 eum,
779 1973 966 2037 quamquam
988 1954 1078 2019 annis
1100 1956 1132 2019 et

61 2059 218 2125 oculorum
241 2061 419 2127 valetudine
446 2063 645 2142 premeretur,
674 2062 778 2126 tamen
808 2065 930 2126 strenue
959 2060 991 2125 in
1020 2061 1134 2126 studiis

60 2166 165 2230 nivere
199 2170 231 2231 et
269 2186 337 2231 cum
378 2168 508 2232 maxime
541 2165 650 2231 Dionis
683 2165 782 2232 Cassii
815 2166 981 2232 editionem
1015 2184 1131 2249 parare,

59 2271 125 2336 dixi
147 2291 196 2337 me
219 2291 255 2337 ex
277 2273 418 2357 diligenti
437 2274 504 2338 eins
519 2273 677 2354 scriptoris
691 2273 824 2337 lectione
839 2274 1001 2338 annotatas
1018 2272 1131 2338 habere

60 2378 292 2444 emendationes
326 2379 453 2463 aliquot,
491 2379 638 2463 quaedam
673 2379 766 2443 etiam
799 2380 889 2463 paulo
921 2378 1133 2453 notabiliores;

60 2502 115 2548 cas
147 2502 197 2549 me
230 2504 266 2550 ex
297 2484 480 2550 adversariis
510 2484 541 2550 in
564 2484 735 2551 chartulam
758 2484 972 2568 transscriptas
995 2486 1049 2549 aut
1071 2485 1131 2566 ipsi

59 2588 208 2654 daturum
240 2592 294 2655 aut
324 2609 378 2674 per
409 2591 529 2656 litteras
559 2590 1133 2673 adpatremeinsmissorum311tro

58 2694 172 2761 deinde
205 2698 294 2763 modo
328 2697 560 2768 transmiserim,
593 2715 652 2762 non
686 2696 824 2768 memini,
855 2698 1011 2763 transmisi
1041 2702 1132 2763 certe.

57 2800 140 2867 Cum
183 2802 287 2885 aliquo
330 2804 468 2886 tempore
511 2804 583 2884 post
618 2801 758 2866 editionis
799 2802 995 2867 Belkanianae
1032 2822 1133 2868 enem-

57 2907 147 2990 plum
171 2908 209 2973 ab
237 2910 303 2991 ipsc
337 2909 455 2975 editore
488 2907 631 2973 benevole
669 2907 798 2971 missum
834 2909 1031 2991 accepissem,
1068 2908 1131 2973 ridi

58 3014 193 3080 libenter
214 3014 445 3081 emendationes
467 3000 491 3079 ax
507 3032 557 3079 me
579 3011 610 3076 in
633 3011 824 3095 adversariis,
847 3031 915 3095 qnae
937 3013 1130 3079 etiamnunc

58 3139 148 3185 servo
169 3122 338 3204 amicisque
361 3123 393 3185 et
415 3122 484 3186 tum
507 3123 539 3184 et
560 3121 666 3203 postea
688 3118 819 3191 ostendi,
834 3121 1018 3202 perscriptas
1034 3139 1128 3202 prope

58 3243 167 3291 omnes
188 3226 299 3291 iisdem
324 3226 416 3309 plane
438 3226 553 3292 litteris
575 3245 593 3290 a
616 3223 755 3290 Bellero
776 3223 807 3289 in
824 3227 969 3292 contentu
984 3225 1129 3291 orationis

57 3332 178 3416 positas
209 3351 285 3410 esse,
318 3334 434 3398 multas
467 3333 613 3399 asterisco
646 3336 778 3409 notatas,
811 3331 870 3397 hoc
905 3334 961 3409 est,
995 3331 1034 3395 ab
1062 3329 1131 3413 ipsc

58 3437 197 3505 Bellero
213 3440 322 3514 ,antea
353 3438 503 3512 inventas,
527 3439 602 3503 alias
633 3438 698 3503 sine
727 3438 792 3503 nlla
814 3440 887 3502 nota
910 3438 1069 3519 tamquam
1091 3437 1130 3501 ab

56 3544 130 3610 aliis
151 3547 306 3627 sumptas;
330 3562 365 3608 er
387 3543 435 3608 his
457 3543 616 3610 nonnullas
639 3547 671 3609 et
687 3545 775 3610 facile
791 3544 881 3610 credo
897 3546 927 3608 et
942 3543 1009 3626 ipse
1024 3547 1132 3625 postea

56 3649 263 3717 animadverti
298 3649 337 3714 ab
373 3649 453 3726 aliis,
491 3649 623 3715 maxime
660 3651 793 3729 Reiskio,
837 3667 904 3714 esse
941 3650 1128 3732 praeceptass

55 3757 179 3839 aliquot
200 3756 403 3830 etiamnunc,
425 3755 483 3820 etsi
505 3755 589 3820 nulla
610 3774 740 3840 usquam
762 3756 822 3821 mei
845 3757 876 3821 in
899 3754 1028 3819 Belleri
1050 3774 1129 3836 pree·

55 3863 172 3929 latione
204 3861 321 3927 mentio
354 3863 437 3926 tacta
469 3865 527 3936 est,
558 3862 635 3926 milri
656 3881 725 3928 meo
748 3863 814 3927 inre
836 3861 991 3927 vindicare
1014 3859 1126 3932 videor,

54 3968 146 4035 velut
166 3968 279 4046 XLIII,
302 3968 342 4032 38
365 3969 597 4053 περινῆσαι
621 3988 675 4052 pro
698 3969 860 4053 ἐρανίσαι.

158 4073 202 4139 Iis
223 4093 305 4140 nnnc
328 4074 483 4156 pauculas,
499 4094 583 4158 ⁴quas
605 4074 717 4141 iterata
738 4074 830 4140 lectio
851 4077 906 4138 aut
921 4069 1129 4155 perrolntntic

53 4181 223 4266 suggessit,
245 4180 341 4246 addc:

160 4299 282 4384 Fragm.
305 4317 331 4364 c.
353 4298 404 4382 39,
427 4299 446 4362 3
469 4317 498 4382 p.
521 4300 562 4363 36
588 4299 692 4372 Bekis..
714 4297 830 4363 Vatis:
858 4292 911 4362 ὅτι
934 4300 967 4363 ot
994 4298 1127 4382 Ταραν-

53 4420 159 4482 alvea,
193 4408 314 4489 καίπερ
358 4401 420 4470 τὸν
460 4399 615 4490 πόλεμον
654 4397 751 4472 αὐτοὶ
792 4397 1127 4490 παρασκευάσαντες,

50 4508 151 4599 ὅμως
175 4517 212 4578 ἐν
234 4516 339 4600 σκέπῃ
364 4511 514 4597 φαβρίσα
535 4502 631 4597 ἦσαν·
655 4515 687 4578 ct
708 4508 774 4600 peip
799 4504 967 4597 Ῥωμαῖοι
990 4536 1020 4576 α.
1043 4536 1072 4576 τ.
1097 4512 1124 4574 λ.
