2648 5084
233 639 243 656 ,e
396 606 412 650 ³s
471 635 478 645 ⁵

242 668 285 701 ἰ’
316 656 329 691 1
364 658 383 692 ι,

243 705 244 711 t
491 710 500 732 ν
540 711 541 714 ,

184 724 312 828 ·,χχ
372 714 503 825 'ſss‘
546 726 659 781 Gellius.
732 694 745 720 '

52 888 527 1005 unt-alimoccupationes}
557 943 615 989 non
645 918 731 1001 n‘oei3
767 944 837 990 nam
867 925 944 990 odeo
968 927 1074 1012 multa,
1096 927 1149 991 in

63 1047 134 1112 quae
167 1030 287 1110 sponte
303 1026 481 1102 incideram,
501 1031 620 1113 'posteo
642 1031 788 1095 :intellexi
820 1032 859 1096 eb
882 1032 950 1097 aliis
978 1036 1033 1097 not
1053 1032 1128 1099 olim

62 1140 119 1200 eut
141 1151 239 1217 nuper
261 1130 413 1220 praecepto
441 1156 518 1212 esse,
551 1139 586 1200 ut
617 1137 782 1201 miraturus
804 1155 861 1201 non
879 1140 953 1213 sim,
986 1139 1012 1202 si
1034 1158 1069 1203 ex
1091 1138 1130 1204 iis
1206 1218 1208 1220 χ

61 1259 196 1326 qnoque,
219 1233 286 1325 que
308 1228 483 1308 etiamnunc
506 1261 575 1308 mea
595 1262 737 1322 nurnero,
772 1245 911 1328 quaedom
935 1244 1127 1326 postmodum

61 1351 103 1414 ab
127 1351 196 1414 eliis
215 1367 330 1432 quoque
344 1342 500 1432 proposita
521 1349 756 1432 reperientur.¹)
789 1350 932 1417 Ceterum
956 1351 1035 1433 opud
1054 1350 1130 1416 Gel-

61 1457 142 1521 lium
176 1455 329 1520 interdum
373 1453 553 1519 mendorum
587 1458 736 1521 convictio
772 1457 906 1523 difficilis
939 1460 996 1532 est,
1040 1456 1129 1539 quod,

62 1554 222 1646 quousque
256 1564 358 1644 inepte
391 1562 542 1644 loquendo
579 1581 755 1646 progressus
789 1565 838 1637 sit,
871 1583 928 1628 non
962 1563 1128 1628 satistuto

62 1668 211 1746 definias,
248 1687 444 1751 quemquem,
476 1669 528 1733 ubi
547 1670 702 1736 ¹sententio
720 1669 867 1734 indicium
890 1671 965 1734 fucit
986 1687 1042 1733 nec
1065 1668 1126 1733 ulle

61 1775 212 1840 orationis
257 1773 473 1858 detorquen‘dee
517 1793 608 1840 cause
651 1777 765 1840 ratiove
808 1776 972 1860 'excogitari
1014 1778 1127 1858 potest,

60 1882 180 1946 frustra
212 1880 403 1947 incredibilia
434 1880 607 1966 linguntur,
644 1881 776 1945 menime
806 1882 928 1964 quidem
953 1884 984 1946 in
1008 1882 1128 1965 syntaxi

60 1986 300 2062 sententiatum,
340 1988 372 2051 in
415 2006 475 2070 que
509 1986 627 2053 Gellius
653 2006 776 2069 prorsus
808 1989 945 2070 regulam
979 1989 1125 2071 sequitur.

59 2091 197 2186 Reperto
210 2111 329 2175 quoquo
345 2094 452 2158 mendo
466 2095 624 2177 perspicue
643 2097 747 2158 tamen
761 2113 831 2172 'non
843 2111 965 2176 semper
976 2092 1067 2157 facile
1079 2096 1128 2157 est

59 2199 208 2281 reperire,
243 2200 315 2281 quid
338 2202 483 2265 contortis
504 2200 719 2284 inusitatisque
742 2202 773 2265 et
794 2200 930 2283 obscuris
952 2200 1052 2265 verbis
1075 2218 1127 2264 ox·

59 2305 153 2387 primi
176 2304 316 2371 voluerit.
920 2391 922 2396 χ

164 2410 253 2478 Praef.
278 2412 331 2476 18:
363 2412 428 2478 sed
462 2413 580 2487 enim,
614 2432 693 2496 ques
726 2414 847 2477 aliter
879 2413 979 2495 opud
1001 2414 1125 2477 olium

59 2517 212 2598 scripte
232 2519 424 2602 legerint,
451 2520 593 2582 nciam
616 2520 754 2584 statim
778 2519 1125 2602 temporeobstre·
1150 2558 1152 2562 -

57 2623 170 2705 pent.
214 2623 322 2707 Neque
344 2644 397 2707 per
417 2636 450 2690 s'e
473 2628 646 2708 tempore
669 2626 742 2709 quid
765 2625 911 2690 hocloco
934 2627 1014 2707 aget,
1038 2623 1126 2688 video
1155 2649 1159 2659 „

35 2718 175 2811 lneque
207 2731 288 2794 enim
319 2711 501 2814 tempestive
519 2733 582 2820 ⁵boo
604 2730 722 2797 Gellius
744 2730 810 2794 fieri
832 2729 1003 2814 significat),
1026 2748 1126 2812 neque

56 2835 139 2917 quid
156 2836 292 2900 stetim
320 2840 507 2921 tempore.
556 2837 684 2902 Videtur
705 2836 799 2901 fuisse
822 2847 968 2913 temere,
989 2837 1021 2900 in
1045 2837 1124 2919 quod

129 3228 380 3298 pertinet(sivs
398 3228 482 3300 qnod
500 3229 541 3284 ed
559 3229 724 3299 singulos
743 3230 847 3300 eineq.
861 3247 885 3284 a.
899 3246 924 3283 n.
944 3228 1122 3297 pertinet);

126 3320 175 3384 XI,
197 3326 220 3387 l,
240 3324 254 3376 1
274 3321 465 3394 bucetaque
483 3325 706 3395 (buceqaque).
737 3324 911 3380 sinleum.
931 3322 1123 3392 delegatis

127 3414 269 3469 Milesia
294 3432 331 3470 ac
358 3414 402 3484 (de
430 3416 562 3488 legatis
589 3417 742 3472 Milesiis
761 3419 815 3483 et),
834 3420 876 3479 13,
905 3413 1121 3484 10,dcformi·

127 3511 203 3561 tate
220 3508 260 3562 ad
278 3508 438 3563 facienda
465 3510 618 3565 ridicule
643 3508 882 3578 (deformitate
900 3497 937 3563 ad
955 3508 1046 3563 fecie
1064 3507 1122 3562 de·

125 3601 303 3670 ridicula);
322 3600 384 3666 XII,
405 3605 451 3666 13,
479 3605 514 3658 22
541 3602 752 3657 occasionem
867 3618 914 3655 me
940 3601 1026 3656 hano
1054 3619 1121 3656 rem

125 3695 306 3764 impertire
336 3711 401 3749 non
432 3698 556 3765 putare
593 3695 834 3761 (offensionem
950 3711 997 3748 me
1036 3695 1121 3749 hunc

127 3789 375 3858 rempublicam
398 3805 425 3842 n.
453 3792 499 3857 p).
546 3787 597 3842 Sed
627 3788 727 3843 desino.
775 3787 844 3853 Quid
870 3787 956 3842 dieam
976 3786 1008 3841 de
1027 3788 1121 3842 huius·

128 3881 201 3936 modi
227 3882 368 3951 scripturis
395 3882 439 3936 hio
456 3881 572 3951 primum
590 3881 618 3934 in
637 3883 742 3934 textum
760 3880 855 3945 illatis,
887 3880 974 3950 qualis
986 3883 1036 3953 ¹eet
1053 3898 1078 3935 v.
1097 3897 1120 3935 o.
1222 3914 1225 3920 ι

128 3973 175 4037 VI,
206 3978 232 4039 3,
260 3977 305 4032 16:
335 3975 572 4044 unusquisqne
597 3976 761 4039 nostrum,
780 3974 808 4027 si
832 3974 909 4043 quis
935 4013 940 4026 .
964 4015 997 4030 ..
1023 3973 1120 4029 arbi·

126 4070 287 4128 trantnr,
306 4082 435 4121 summa
452 4066 485 4122 vi
504 4069 628 4121 contra
645 4066 795 4120 nititur?

80 4191 104 4258 ¹)
125 4189 197 4244 Usus
215 4206 274 4244 sum
293 4197 389 4263 prater
406 4193 476 4249 illud
494 4195 603 4249 meionis
620 4193 748 4248 editionis
765 4193 900 4263 specimen
918 4199 959 4259 (ex
978 4209 1029 4262 quo
1048 4193 1121 4249 inter

124 4283 182 4338 elie
199 4282 282 4341 didici
296 4287 368 4353 alios
380 4291 443 4343 ante
453 4302 495 4340 me
504 4286 551 4351 IV,
573 4291 595 4349 l,
615 4290 632 4342 5
650 4287 786 4357 scripsisse
804 4286 833 4339 si
852 4285 945 4340 modo
964 4302 1027 4340 non
1046 4289 1075 4339 et
1092 4288 1117 4350 2,

124 4380 142 4433 5
160 4393 181 4430 e
190 4393 252 4446 que
270 4395 317 4447 pro
335 4386 454 4449 neque)
465 4379 569 4433 Hertzii
579 4384 760 4434 ramentorum
773 4379 956 4435 Gollienorum
967 4379 1119 4446 mantissis;

123 4469 254 4524 vindicias
291 4471 429 4527 Gellianus
460 4471 672 4544 Gryphisvaldie
705 4489 728 4526 a
761 4475 829 4529 1858
856 4472 943 4527 editas
971 4488 1024 4526 non
1052 4472 1118 4526 vidi.

122 4560 226 4616 Klotzii
245 4567 404 4634 questiones
423 4564 560 4620 Gellianus
578 4566 662 4636 (Lips.
683 4567 762 4631 1857)
781 4566 895 4635 inspexi.
