2662 5046
280 746 286 758 ι
437 666 571 723 Ciceronis
589 667 740 723 Orationes.
903 627 906 630 <
1021 669 1081 734 221

153 866 222 935 lou
243 866 303 932 68:
335 865 389 941 si,
422 864 552 943 armis,
585 863 841 937 dissensione,
863 866 1056 935 hominum
1078 871 1123 936 ad

6 1038 7 1041 ,
63 974 193 1040 cadom
219 971 410 1038 instituta
440 987 606 1053 novoque
641 969 839 1043 dominatu
868 973 1018 1055 pulsnm
1041 993 1126 1043 asse

64 1079 164 1146 uixit
208 1079 318 1162 Neque
349 1075 540 1140 dissensio
561 1074 621 1140 dici
642 1077 746 1158 potest
779 1075 937 1145 institui
960 1098 1060 1163 nequo
1087 1101 1125 1148 oa

62 1187 150 1251 mia
171 1183 301 1268 adiungi
322 1185 355 1248 ab
375 1181 550 1265 superponi.
584 1180 679 1247 Fuit:
715 1181 972 1266 descriptione
993 1185 1125 1252 bomi-

3 1368 4 1371 ,
63 1309 142 1355 num
163 1289 213 1355 ad
234 1288 373 1354 cadam
394 1286 589 1354 instituta.
648 1286 710 1352 Otr.
735 1287 810 1352 129:
832 1306 1025 1356 servornm
1047 1311 1125 1359 otn-

4 1460 5 1463 ,
62 1397 156 1461 oium
189 1393 350 1460 vicatim
383 1392 655 1459 celebrabatur
685 1396 769 1460 tota
792 1396 881 1461 urbs
901 1396 1124 1480 descriptio.

61 1502 139 1566 utini
174 1498 397 1566 centurione
430 1498 539 1564 dicit„
568 1499 627 1578 (De
663 1501 684 1580 ξ
715 1500 754 1561 71
789 1488 851 1566 diri
879 1501 940 1567 vol.
968 1503 982 1566 Ι
1014 1522 1043 1585 p.
1072 1503 1123 1571 51.

62 1607 173 1673 bodam
196 1605 289 1672 modo
311 1603 552 1670 Mommsenium
573 1605 688 1671 alicubi
712 1604 814 1671 locum
845 1606 1025 1672 emendasse
1046 1607 1125 1673 Hal-

60 1713 137 1778 nins
157 1711 240 1778 mibi
260 1710 402 1784 indicat)
1008 1697 1010 1702 ’

152 1848 224 1917 Ibd.
248 1849 304 1914 76:
337 1848 470 1925 semol,
504 1848 753 1926 coniurati,
786 1848 881 1934 quod
903 1867 1032 1915 omnes
1052 1849 1125 1915 im·

59 1955 311 2030 mortalitati,
343 1954 376 2020 si
402 1955 490 2020 fieri
521 1958 665 2037 potest,
687 1953 956 2034 mandandum,
979 1958 1124 2039 tnsup-

56 2061 173 2144 plioio
206 2059 440 2144 puniendum
472 2059 631 2143 putasti.
687 2060 738 2127 Sic
760 2060 850 2126 scribi
872 2062 1000 2143 oportet,
1028 2061 1125 2127 oieoto

58 2169 212 2251 negent,
240 2165 321 2249 quod
346 2184 416 2231 oum
439 2166 601 2232 sententiaa
623 2165 752 2232 interitu
772 2169 844 2249 post
875 2184 1003 2233 omnes
1036 2167 1125 2233 addi·

54 2271 103 2336 oiit
133 2270 258 2355 aliquia,
290 2291 361 2337 oum
392 2291 452 2355 non
473 2271 742 2347 animadverteret,
764 2272 803 2337 ad
836 2290 963 2339 omues
995 2274 1123 2340 verbum

52 2396 90 2442 or
110 2376 264 2462 putasti
286 2377 470 2444 sumendum
492 2395 571 2443 osso.
615 2376 765 2461 (Omnes
800 2397 871 2443 nou
905 2380 1046 2464 negent
1076 2381 1125 2445 in·

53 2485 126 2566 epte
148 2481 264 2548 dicitnr
284 2501 338 2567 pro
360 2501 405 2561 eo,
429 2483 508 2567 quod
531 2485 579 2548 est
604 2501 732 2549 omnes
759 2483 973 2560 affirmant,
1009 2484 1125 2550 indica-

53 2588 259 2666 tivomodo.)

156 2726 226 2792 Ibd.
250 2726 304 2792 78:
340 2729 481 2807 tamen,
515 2710 846 2812 quotienscunque
878 2729 1001 2795 vellet
1027 2727 1128 2821 quis,

53 2834 186 2900 hocin
207 2851 345 2917 genera
367 2833 447 2899 solo
480 2853 558 2900 rom
591 2833 807 2900 indicatam
838 2833 985 2900 referre
1017 2853 1128 2919 posse

54 2940 273 3005 coluerunt
326 2938 395 3004 Non
417 2939 587 3024 significat,
621 2939 694 3023 quid
715 2939 847 3005 maiores
872 2938 933 3022 ipsi
954 2939 1053 3004 iacere
1074 2957 1127 3004 cu·

51 3046 182 3130 pierint,
214 3044 270 3110 sed
302 3045 375 3129 quid
407 3045 475 3112 fiori
508 3061 598 3130 posco
620 3045 773 3113 voluerint
800 3048 831 3110 et
852 3065 974 3130 aequum
997 3063 1126 3110 consuo·

52 3152 129 3218 rint.
174 3149 375 3216 Scribendum
397 3150 493 3236 igitur
513 3151 661 3237 roseo-ri
680 3172 803 3238 posse.
868 3151 936 3238 [Sic
960 3148 1124 3236 Faernus]

158 3291 230 3356 Ibd.
251 3290 309 3356 80:
338 3310 381 3357 ea
400 3292 485 3357 iura
505 3295 731 3370 sanxerunt,
761 3312 838 3376 quse
860 3312 927 3359 nec
949 3293 1006 3359 vis
1027 3295 1127 3360 tom·

55 3416 188 3481 porum
226 3396 294 3462 noo
324 3397 500 3480 potantia
530 3397 830 3481 magistratuum
861 3418 928 3465 neo
955 3418 1014 3466 rea
1047 3401 1126 3464 tum

55 3503 231 3568 indicata
252 3521 318 3568 neo
340 3503 503 3586 danique
535 3502 707 3568 universi
728 3505 862 3587 populi
882 3504 1041 3571 Romani
1061 3522 1127 3587 po·

56 3611 184 3675 testas
290 3608 529 3673 labefactare
561 3608 696 3690 poscit.
739 3608 790 3674 Sic
811 3609 945 3686 codices3
981 3607 1128 3675 aditiones

55 3717 137 3779 tnnn
159 3715 246 3792 (ante
281 3712 464 3792 iudicata)
494 3713 650 3779 omittunt
695 3714 804 3797 Neque
831 3732 892 3778 una
923 3732 972 3779 res
993 3712 1128 3779 iudicata

58 3816 91 3882 in
130 3819 192 3884 bac
233 3836 268 3883 ro
311 3819 476 3903 quicquam
511 3818 614 3884 valere
654 3820 785 3903 poterat,
827 3837 926 3902 nsque
967 3821 1042 3903 ipsae
1078 3839 1128 3886 ras

61 3922 203 3990 indicatae
245 3943 316 3990 oum
356 3925 394 3990 vi
434 3926 662 4006 temporum,
702 3923 879 4006 potantia
920 3926 1128 4011 magistra·

65 4035 180 4108 tunm,
235 4029 367 4113 populi
422 4028 579 4095 Romani
627 4031 823 4114 potestate
871 4032 957 4097 recto
1005 4048 1129 4115 compo·

66 4135 186 4208 nuntnr‚
228 4135 282 4200 sad
317 4135 447 4218 aliquid,
489 4135 568 4218 quod
611 4153 655 4200 sse
693 4136 836 4204 habeant.
889 4135 995 4202 Cicero
1032 4137 1129 4220 scrip·

72 4241 162 4303 sarab:
184 4259 251 4306 nec
271 4261 399 4305 rtrum
420 4241 679 4304 iudicatorum
701 4242 914 4306 auctoritas
937 4261 1004 4308 nec
1026 4242 1129 4308 dani·

74 4358 137 4420 qno
156 4347 210 4410 oet
260 4346 393 4413 Librarii
418 4347 523 4413 oculus
549 4350 628 4413 ata
649 4348 693 4426 (in
716 4347 986 4430 iudicatarum)
1008 4349 1048 4415 ad
1069 4351 1128 4416 tae
