2662 5046
253 309 325 387 m,
612 307 876 378 mmmm

210 504 317 566 ditur·
337 505 460 589 (vulget
493 506 589 588 quod
620 491 692 572 non
714 505 819 572 ierat
848 505 1026 585 auditor).
1075 506 1135 585 (De
1157 527 1187 592 p.
1218 508 1279 572 144

211 609 272 674 rid.
295 611 352 676 rol.
374 611 390 676 I
410 629 441 693 p.
466 610 548 688 153.)
1295 602 1304 622 ’

651 942 736 1025 Cap.
758 943 827 1007 Ill.

595 1059 691 1115 Cursor.
729 1057 884 1115 Sallustius.

259 1174 266 1188 ⁹
308 1199 498 1282 Adispersls
514 1198 721 1266 Ciceroniana
742 1199 881 1267 matoria
903 1198 1040 1283 reliquiis
1063 1199 1151 1265 renio
1173 1200 1274 1267 liben-

210 1305 259 1370 ter
280 1304 319 1369 sd
342 1304 512 1382 Gaesarem,
549 1304 588 1369 ad
610 1305 697 1372 cuius
718 1305 952 1372 commentarios
973 1305 1182 1372 emendandos
1210 1327 1279 1392 qnae

209 1412 365 1489 annotavi,
399 1411 463 1476 lere
484 1411 605 1497 integra
625 1430 730 1490 servo,
760 1411 873 1496 partim
896 1411 969 1476 ante
992 1429 1088 1478 annos
1110 1431 1171 1478 non
1195 1432 1278 1496 pau-

144 1578 147 1583 .
209 1534 260 1582 cos
282 1518 366 1597 nata,
386 1514 500 1600 partim
521 1533 636 1598 paucos
659 1516 771 1580 abhinc
795 1535 994 1591 annuarum
1017 1517 1092 1592 eius,
1124 1518 1184 1608 ¹qui
1206 1521 1278 1584 tum

209 1620 345 1689 Galliam
365 1621 495 1706 imperio
515 1621 650 1705 regebat,
684 1621 722 1687 de
755 1620 824 1695 ‚vita
854 1623 1004 1704 rebusque
1027 1621 1157 1697 Caesaris
1181 1620 1276 1705 opere

209 1745 265 1811 ego
293 1748 413 1813 quoque
442 1727 481 1793 ad
502 1727 557 1793 bos
579 1727 673 1793 libros
702 1727 880 1812 relegendos
902 1727 1050 1793 excitatus
1083 1727 1199 1793 sensim
1223 1748 1276 1795 eos

189 1816 254 1896 111
273 1835 468 1915 pertractavi,
490 1835 525 1897 ut
540 1833 719 1916 Nipperdeii
741 1832 949 1899 recensionem
970 1831 1010 1899 ad
1031 1832 1276 1900 instrumentum

209 1936 336 2019 abipso
358 1938 518 2003 collectum
541 1930 784 2024 dispositumque
805 1939 967 2023 erigerem.
1024 1937 1149 2004 Adeas
1172 1941 1275 2023 copias

209 2061 300 2128 nune,
333 2062 403 2108 cum
431 2043 497 2109 baec
532 2043 650 2110 edenda
676 2063 935 2130 recognoscerem,
966 2043 1090 2110 adiunxi
1119 2043 1277 2110 Duebneri

210 2149 382 2232 exemplum
404 2133 532 2216 Parisiis
569 2169 596 2215 a.
632 2148 711 2212 1867
741 2149 990 2234 splendidissime
1021 2148 1210 2232 impressum
1243 2150 1275 2214 et

208 2275 275 2339 quae
297 2256 374 2321 mihi
396 2257 435 2322 ab
456 2256 525 2323 aliis
560 2257 685 2322 inventu
715 2259 747 2320 et
779 2255 936 2340 disputata
964 2255 1046 2339 apud
1073 2254 1273 2321 Duebnernm

208 2364 262 2445 aut
283 2363 357 2426 alibi
379 2365 590 2436 occurrerunt,
624 2380 683 2428 non
716 2379 815 2443 pauca
836 2360 959 2443 quidem
983 2359 1086 2425 inania
1108 2362 1141 2425 et
1161 2377 1274 2441 parum

207 2465 372 2548 prudenter
409 2468 582 2552 excogitata
616 2469 648 2531 in
684 2466 791 2545 libris,
835 2485 910 2549 quos
945 2484 1053 2533 omnes
1091 2465 1123 2529 in
1160 2464 1274 2530 sobolis

207 2572 320 2635 terunt.
392 2572 439 2637 Ae
486 2573 524 2638 de
568 2573 708 2639 codicum
754 2572 878 2655 quidem
919 2571 1083 2657 generibus
1128 2570 1160 2635 11
1202 2589 1274 2635 aue·

206 2677 353 2751 toritate,
400 2678 479 2761 quod
522 2662 560 2742 a'd
607 2697 761 2744 summam
808 2696 873 2743 rem
916 2677 1042 2752 attinet,
1089 2675 1275 2759 Nipperdeio

208 2781 430 2869 Duebneroque
452 2780 673 2863 inassentior,
695 2784 787 2868 longe
808 2782 1029 2867 praeferendam
1051 2770 1119 2849 esse
1134 2782 1274 2875 ⁴alteram

208 2890 324 2953 sectam
349 2881 445 2956 etiam
466 2878 674 2974 antiquiorum
714 2888 937 2973 (Bongarsiani,
961 2887 1146 2954 Parisieusis
1169 2887 1274 2971 primi,

207 2993 360 3071 Vaticani)
397 2995 486 3060 alteri
518 2995 771 3078 interpolatorum
797 2997 829 3060 et
850 2997 1068 3072 correctorum,
1092 2988 1138 3059 'ut
1158 2997 1275 3072 tamen,

208 3099 289 3184 quod
313 3100 361 3166 illi
383 3120 443 3166 non
465 3104 590 3185 negant,
613 3099 645 3165 in
667 3100 726 3166 bac
747 3121 784 3168 ex
806 3121 860 3167 sno
881 3103 966 3168 tonte
986 3100 1144 3167 interdum
1168 3119 1275 3166 rerum

207 3205 308 3270 verive
330 3206 462 3290 vestigia
483 3209 605 3272 serrata
625 3225 708 3273 esse.
739 3207 771 3272 id
785 3225 860 3292 ego,
891 3205 1023 3272 maxime
1055 3205 1087 3271 in
1108 3206 1275 3290 postremis

207 3311 280 3377 belli
292 3312 404 3379 Gallici
425 3313 522 3388 libris,
544 3312 633 3396 paulo
654 3312 748 3378 latius
769 3317 874 3397 patere
896 3314 1012 3395 putem,
1034 3311 1072 3376 ds
1094 3330 1153 3395 quo
1173 3311 1276 3377 dicam

206 3419 400 3485 nonnullaad
412 3419 451 3499 V,
473 3418 555 3500 25.¹)
578 3419 613 3482 ln
631 3418 706 3484 belli
725 3419 825 3484 civilis
841 3417 1080 3497 commentariis,
1102 3418 1134 3482 in
1153 3417 1272 3501 >quibus

206 3526 329 3590 tantum
362 3524 564 3591 deterioribus
596 3522 751 3590 codicibus
779 3524 905 3600 utimur,
929 3524 1059 3590 accessit
1080 3523 1217 3589 maxime
1243 3524 1276 3588 in

208 3767 407 3775 ———-—·

238 3932 258 3996 ¹)
280 3932 330 3986 His
349 3930 497 4002 typotbatus
516 3929 570 3984 ism
588 3929 698 3984 traditis
715 3929 804 3999 accepi
824 3927 961 3999 Philolegi
977 3927 1030 3983 rol.
1048 3926 1142 3982 xxxi
1163 3928 1229 3984 fasc
1248 3931 1274 3992 3,

255 4023 303 4084 ,in
322 4039 374 4092 qno
395 4022 521 4078 Hellerus
539 4024 568 4077 11
587 4021 654 4076 alibi
672 4025 701 4076 at
718 4038 744 4092 p.
764 4023 816 4078 bl‘l
848 4025 876 4077 et
894 4024 946 4080 519
973 4022 1003 4076 in
1021 4019 1133 4075 1111111
1164 4025 1278 4077 senten·

277 4114 344 4169 tiam
363 4113 520 4184 disputarit.
