2678 5018
226 321 268 399 ῃ
586 316 847 388 mmmm

1094 412 1109 448 t

186 513 252 582 his·
289 517 359 589 acio,
394 537 486 598 quom
508 535 556 576 me
576 514 663 577 irata
683 514 770 589 neele,
801 515 889 597 peius
905 511 1034 596 posthae
1048 514 1130 597 fore,
1154 536 1248 598 quam
1331 557 1334 562 ‹

187 623 246 688 cot
268 621 354 686 nulla
374 622 457 686 recte
479 620 611 685 officitur
639 619 811 696 senteutiu3
845 638 881 684 ea
916 621 1070 727 nascetur
1090 621 1250 704 geminata

186 746 248 792 una
268 726 406 810 syllaba:

269 815 497 908 uostrae3l1aec
521 831 573 895 sat
591 831 664 907 scio,
687 814 874 914 quamquem
895 847 945 893 me
967 829 1060 895 habet
1046 830 1171 906 temal,

269 936 362 1018 peius
376 937 504 1018 posthac
525 937 598 1011 iore,
620 954 713 1019 quam
734 936 793 1000 luit
814 920 900 998 niihi.

285 1041 350 1105 lbd.
374 1040 436 1103 980
458 1042 522 1119 (IV,
546 1042 574 1115 ’2,
598 1041 649 1118 64)
672 1040 866 1104 scribendum
889 1041 952 1104 est.

111 1216 113 1220 ,
250 1146 400 1266 ΤΗΕΠΒ,
444 1128 524 1210 Vera
545 1150 661 1211 cauus
706 1145 832 1211 PHAN
868 1147 968 1211 Vana
976 1145 1099 1209 uellem.
1122 1142 1227 1210 Patris

185 1334 325 1417 probis:
348 1333 464 1396 amicus
485 1319 631 1399 uidelicet
902 1253 1028 1312 amm
1051 1248 1206 1327 mdelicet

286 1439 428 1507 Terentii
451 1439 623 1504 comoedias
655 1437 751 1522 relegi
779 1456 884 1521 nuper,
916 1456 986 1502 cum
1011 1436 1249 1520 Umpienbachii

111 1560 114 1567 ’
187 1563 280 1629 opera
299 1545 495 1610 instrumenti
518 1543 616 1608 critici
647 1563 720 1609 usus
749 1543 868 1608 facilior
889 1543 1057 1624 certiorque
1080 1550 1109 1606 et
1130 1542 1248 1626 plenior

185 1652 269 1716 esset
299 1649 414 1724 lactus·
445 1649 621 1733 paucisque,
655 1666 730 1731 quas
767 1665 802 1714 en
841 1648 1032 1732 superiorum
1072 1650 1248 1730 temporum

79 1806 87 1830 ,
186 1756 314 1820 lectione
337 1755 498 1819 annotatas
509 1755 672 1831 habebam,
697 1754 880 1818 coniecturis
903 1752 1009 1818 addidi
1029 1754 1120 1837 paulo
1135 1754 1247 1836 plures.
1310 1756 1314 1760 ’

187 1859 269 1924 Usus
306 1877 374 1924 sum
398 1860 491 1924 etiam
512 1859 703 1924 Fleckeiseui
726 1859 855 1923 editione
891 1860 1006 1937 (1861).
1063 1859 1100 1922 Iu
1128 1857 1247 1925 Andria

185 1963 335 2029 Bembino
357 1964 462 2029 codice
484 1984 539 2029 nos
562 1983 665 2030 carere
687 1967 794 2029 notum
816 1968 874 2030 est.
976 2043 981 2052 ⁶

285 2067 416 2135 Andriae
438 2070 500 2137 512
524 2071 592 2149 llll,
616 2068 645 2146 2,
668 2069 719 2147 32)
742 2070 787 2135 sic
809 2071 967 2136 scribitur:

734 2166 835 2241 Mrdta
856 2178 1038 2240 concurrunt
1059 2174 1162 2251 simul,

185 2280 238 2364 qui
260 2279 465 2346 coniecturam
495 2280 573 2345 hanc
595 2299 675 2345 nnnc
697 2281 786 2346 facio.
833 2283 900 2346 Iam
922 2282 1059 2372 primum·
1081 2281 1147 2345 haec
1169 2299 1203 2345 se
1228 2297 1246 2344 e

183 2466 343 2551 grauidam
368 2467 443 2531 dixit
467 2486 544 2531 esse.
1035 2386 1199 2468 Pamphllo

286 2571 346 2636 Sed
367 2572 514 2636 barbarus
537 2574 585 2637 est
618 2573 762 2656 nullaque
799 2575 864 2638 arte
886 2574 1022 2638 excusari
1042 2575 1145 2655 potest
1159 2573 1247 2638 ¹indi·

185 2676 301 2741 cativus
316 2676 413 2761 facio,
436 2695 489 2757 pro
512 2696 570 2758 quo
593 2678 776 2761 simpliciter
797 2678 1023 2744 restituendum
1045 2681 1093 2743 est
1111 2679 1246 2762 faciam.

185 2781 296 2845 Haust'
273 2785 314 2845 trs
337 2783 417 2845 enim
450 2783 549 2847 tribus
583 2785 726 2849 extremis
748 2784 832 2848 verbi
866 2785 903 2848 lit
889 2784 979 2850 tteris
1006 2787 1130 2867 propter
1151 2786 1246 2868 parti·

183 2886 285 2950 culam
324 2886 488 2979 earundem
524 2888 698 2953 litterarum
720 2889 826 2971 (iare),
850 2909 916 2971 quae
938 2890 1085 2972 coquebat
1085 2890 1130 2968 ur',
1164 2890 1247 2957 male

183 2993 360 3074 suppletum
393 2994 442 3055 est
460 2975 557 3074 facio.
618 2993 713 3058 Recte
683 2994 904 3060 tBothius
895 3015 926 3058 m
959 2995 1098 3061 Eunuchi
1120 2996 1246 3080 prologo

184 3115 213 3161 u
236 3096 366 3163 Vrestit
341 3096 412 3159 ruit
442 3117 538 3180 nuper
553 3098 700 3180 perdidit
734 3100 834 3164 minus
867 3102 951 3166 recte
973 3102 1026 3166 alii
1048 3123 1129 3163 nuuc
1148 3123 1248 3217 nuper

76 3221 77 3224 ¹
184 3201 275 3279 dedit
298 3201 451 3266 adverbiis
472 3202 574 3285 inopte
597 3203 774 3269 coniunctis.

283 3307 527 3390 Ι1)(1.619(111
561 3311 591 3385 5
625 3307 675 3386 13)
698 3306 902 3392 Pamphilus,
924 3331 1017 3394 quam
1038 3312 1121 3378 malo
1157 3313 1248 3378 adiu·

183 3412 249 3476 tore
272 3431 345 3477 usus
369 3413 410 3478 sit
431 3413 528 3489 Davo
561 3433 700 3496 querens,
735 3436 795 3480 non
829 3414 894 3479 lum
916 3417 1017 3483 dicere
1038 3420 1150 3500 potest,
1173 3418 1248 3483 sub·

183 3515 265 3581 iecta
298 3518 451 3582 sententia
470 3519 691 3603 interrogativa
722 3522 878 3603 pendenti,
914 3522 970 3587 sed
1004 3523 1247 3631 demonstrativa

185 3622 231 3685 uti
252 3623 402 3704 particula
424 3621 531 3687 debet:

684 3713 819 3792 en(em)
802 3713 913 3794 )quo
927 3710 1029 3796 fretus
1050 3709 1127 3772 sim!

284 3808 615 3921 1559731919)
642 3813 707 3881 ΡΑ.
752 3814 831 3878 Tum
854 3814 891 3879 de
913 3835 1015 3898 puero,
1037 3817 1134 3905 Dave.
1179 3816 1247 3883 DA.

226 4018 317 4084 Solus
339 3974 509 4103 estrquem
533 4021 664 4106 diligant
695 4023 735 4090 di.
782 4024 847 4089 CH.
882 4026 991 4093 Saluos
1014 3922 1249 4107 iirintiessiniaec

1023 4151 1096 4197 nera
1117 4134 1199 4201 eunt.
