2626 5070
418 660 425 674 ν
464 707 585 771 Velleius
603 708 707 764 Petere.
1015 703 1077 776 ma
1108 746 1112 765 ι

55 899 591 989 duGabinialegelatumnardavit,
613 920 693 969 nune
716 908 841 972 serame
853 910 991 975 consulto
1001 910 1119 977 tantum

56 1013 136 1097 dioit,
160 1031 234 1077 curn
258 1009 431 1095 prasertim
453 1009 648 1075 adversatum
671 1012 814 1077 senatum
837 1013 869 1077 et
889 1015 1013 1082 aliunde
1037 1017 1118 1081 sois-

57 1137 117 1185 nns
142 1122 176 1183 et
199 1118 232 1183 lr.
259 1116 280 1181 l.
303 1114 492 1199 signifioetur
514 1115 547 1178 et
567 1116 667 1181 serbis
689 1116 758 1181 sed
779 1118 904 1183 tamen
928 1121 961 1183 et
981 1120 1029 1194 iis,
1050 1139 1122 1204 quse

58 1223 160 1289 deinde
183 1221 390 1289 subiiciuntur
411 1220 709 1299 (dissuadebant
738 1223 984 1306 optimates);
1018 1224 1118 1310 magis

58 1333 153 1394 tamen
186 1327 319 1393 ridicule
352 1324 475 1408 quidam
510 1328 664 1403 enarrant,
697 1328 822 1392 senatus
855 1329 1027 1394 consultum
1058 1330 1124 1396 diei·

58 1453 101 1514 pro
138 1431 323 1518 plebiscito,
359 1430 438 1513 qued
474 1431 600 1495 senatus
635 1433 804 1514 approbare
841 1435 873 1499 vi
908 1437 1030 1500 eosotus
1064 1436 1117 1501 sit.

60 1536 253 1605 scribendum
286 1538 349 1601 est:
394 1535 471 1615 Quo
499 1546 653 1598 senatus
687 1555 791 1619 paene
826 1539 952 1604 tetius
988 1541 1123 1613 terra«,

60 1663 127 1708 rum
165 1643 276 1708 orbis
309 1641 513 1723 imperium
547 1641 610 1705 uni
642 1641 722 1706 viro
759 1642 910 1726 deferri
946 1645 1116 1708 rebatur.

17 1828 18 1831 Ἴ
61 1747 170 1817 Deinde
192 1747 317 1814 sublato
337 1749 562 1822 additamento,
595 1746 675 1829 quod
696 1748 881 1813 seutentiam
900 1749 1034 1832 perimit,
1068 1768 1120 1814 re·

62 1854 223 1939 stitutaque
244 1854 399 1921 rhetorica
426 1854 632 1920 membrorum
661 1853 743 1917 inter
770 1870 803 1917 se
830 1854 997 1920 relatorum
1018 1855 1119 1921 forma
1160 1922 1164 1926 Α

64 1960 142 2024 uuiti
162 1963 304 2043 oportet:
348 1958 420 2034 Sed
442 1957 640 2025 interdum
663 1976 842 2043 persona,
875 1963 917 2026 ut
937 1962 1121 2044 exemplo

64 2067 182 2139 noret,
220 2065 280 2130 ita
301 2063 496 2130 inuidiam
521 2064 636 2130 levat.
691 2063 727 2129 Id
757 2063 909 2130 eooidisse
926 2066 960 2153 in
983 2065 1121 2132 Antonio

65 2167 186 2236 Velleius
209 2171 356 2254 proximis
378 2171 480 2237 verbis
501 2169 632 2254 exponit.

149 2277 219 2342 Ibd.
254 2274 304 2351 33,
341 2277 357 2338 1
391 2276 442 2355 (de
470 2276 504 2341 L.
534 2275 689 2357 Lucullei:
726 2277 987 2366 ultimamque
1009 2275 1116 2343 bello

67 2397 198 2446 nanum
220 2401 327 2465 paene
349 2383 469 2466 magis
491 2382 673 2447 noluerat
693 2381 892 2465 imponere
913 2402 1022 2468 quarn
1043 2399 1118 2447 non

67 2486 247 2564 potuerat,
288 2487 350 2571 qui
380 2487 528 2570 alioqui
560 2505 630 2569 per
662 2487 787 2553 omnia
825 2487 1047 2554 laudabilis
1080 2490 1117 2553 et
1237 2555 1241 2563 ,

67 2587 150 2657 tello
165 2610 276 2674 paene
290 2592 460 2657 invictus
475 2591 646 2675 pecunie
662 2591 883 2674 pellebatur
898 2594 975 2671 (ood.
992 2592 1117 2675 sxpel·
1198 2580 1201 2586 '

66 2690 221 2781 letatur)
243 2695 434 2780 ou'pidine.
460 2697 591 2762 Pravum
607 2697 656 2761 est
662 2695 742 2780 pelli
753 2699 895 2782 cupidine
905 2699 943 2765 de
958 2717 1004 2774 eo,
1017 2697 1070 2780 qui
1081 2714 1121 2761 ea

63 2801 178 2881 tuetur,
202 2820 303 2887 neque
314 2803 476 2886 quiequam
488 2802 551 2866 ulla
566 2820 602 2866 ex
623 2804 709 2885 parte
731 2803 956 2868 similehabeut
978 2801 1117 2884 exempla

64 2906 199 2975 ellrituio
224 2926 360 2985 corrasa3
383 2927 455 2973 nam
466 2907 504 2973 de
516 2906 667 2972 vincando
682 2907 728 2972 sio
739 2907 852 2972 dicitur
859 2907 983 2991 pellere,
1005 2908 1041 2971 nt
1050 2906 1118 2972 loeo

64 3013 190 3079 novendi
212 3014 255 3081 ,et
276 3009 403 3098 fugandi
433 3011 616 3098 significatio
637 3012 714 3090 insit
734 3016 766 3078 et
787 3013 930 3079 emineat.
988 3012 1120 3095 Scripsit

64 3112 200 3185 Velleius:
225 3119 315 3203 qaia
336 3119 393 3195 (sie
424 3119 507 3184 recte
531 3117 684 3195 Bothins),
709 3117 858 3202 alioqui
889 3137 956 3203 per
988 3116 1117 3183 omnia

63 3216 502 3307 leudabilis..,peouuiae
519 3221 796 3308 pelliciebatur
816 3222 1004 3306 cupidine.
1031 3222 1117 3289 Infra

64 3326 119 3404 ll
157 3327 356 3394 seribendnm
390 3331 454 3395 est:
488 3330 697 3411 neuterque
729 3329 776 3394 ab
813 3347 872 3406 eo,
907 3329 974 3414 qai
1009 3328 1119 3406 (ooder

64 3435 159 3515 quod)
193 3436 444 3517 arguebatur,
479 3434 671 3500 mentitus
704 3434 814 3519 argui
846 3436 991 3518 posset.
1037 3435 1118 3501 cum

64 3534 215 3623 Pompeius
238 3538 365 3605 Lucullo
386 3539 522 3623 peounioe
545 3539 763 3623 cupiditatem,
799 3539 946 3607 Luoullus
968 3539 1117 3623 Pompeio

64 3641 170 3730 inperii
192 3643 352 3719 obiiceret,
374 3648 482 3711 neuter
503 3645 542 3710 ab
564 3645 676 3719 altero,
699 3645 749 3710 eui
769 3644 828 3711 hoo
850 3645 1016 3729 obiiciebat
1037 3643 1118 3728 (qui

65 3752 311 3836 urguebatur),
345 3751 493 3816 mentitus
513 3750 601 3837 argui
622 3752 757 3833 poterat3
793 3769 865 3816 vers
887 3751 969 3816 enirn
991 3749 1114 3816 obiicie-

64 3850 109 3921 tat.
156 3854 321 3941 [Sieedit.
334 3855 476 3940 Bipout.]
521 3843 614 3937 (Tum
635 3856 656 3942 ξ
678 3855 697 3918 3
719 3860 803 3922 reete
824 3855 961 3938 Lipsius:
983 3856 1022 3921 iu
1045 3874 1118 3940 ge·

64 3961 181 4026 tendis
209 3960 570 4028 verecundissimus
603 3963 722 4045 etqui
745 3981 799 4045 pro
831 3964 875 4027 ut
895 3960 974 4044 qui;
1014 3960 1114 4026 couti·

63 4068 161 4132 uuatnr
182 4085 233 4133 res
254 4069 286 4132 et
307 4066 535 4151 amplificatur.)

147 4169 1117 4251 lud.35,1:111esenaeusores...virtutemnl.cat0-

59 4278 124 4355 uis,
145 4278 221 4345 iam
237 4277 426 4343 multisiu
445 4279 560 4344 rebus
579 4279 829 4362 oonspieuam
850 4276 1117 4362 atquepreni-

55 4382 1118 4459 tentem,inaltissimoluminositsioeoder.Duooertaesse

52 4487 169 4564 debent,
187 4488 283 4554 insidi
305 4487 476 4554 orationem
495 4491 567 4573 post
588 4490 859 4573 praniteutem
883 4488 1120 4573 (inqnolnpsus
