2648 5084
464 1768 592 1843 hibor
617 1769 690 1843 IX.

511 1951 596 2035 Cap.
620 1953 645 2015 1.

320 2190 324 2199 ι
384 2117 418 2174 Δ.
437 2115 549 2175 Gellius.
619 2119 656 2174 Μ.
676 2117 786 2174 Fronto.

146 2267 184 2338 A.
207 2268 300 2336 (iollii
321 2272 426 2336 noctes
447 2272 568 2338 Attinas
590 2274 681 2343 anteo
701 2272 838 2356 portibus
860 2273 981 2340 tantum
1005 2279 1109 2359 cogni·
1138 2292 1141 2296 ·

40 2378 93 2441 tus
117 2394 187 2440 oum
210 2394 268 2440 uon
300 2377 346 2441 ita
366 2379 479 2445 multos
501 2378 612 2445 abhinc
633 2396 739 2452 annos,
773 2377 884 2462 partim
917 2397 955 2444 no
978 2379 1051 2463 quid
1074 2399 1108 2446 or

40 2500 149 2546 rorum
171 2483 256 2565 oopia
278 2502 328 2548 mo
350 2484 477 2569 fugeret,
511 2485 624 2568 purtim
647 2484 848 2568 cognoscendi
870 2505 991 2568 prorsus
1013 2488 1110 2570 scrip·

40 2589 122 2654 toris
150 2592 182 2654 ot
203 2590 304 2655 aetatis
326 2590 439 2676 ingenii
463 2610 555 2658 oausu
575 2593 659 2656 totas
681 2589 882 2674 perlegendas
897 2593 1134 2674 sumpsissem,-

42 2694 123 2759 nibil
155 2695 248 2760 habui
282 2697 314 2761 in
336 2697 393 2763 iis'
415 2696 675 2779 subsidiipraeter
703 2716 755 2774 sap
786 2715 852 2781 quae
885 2695 1106 2763 Gronoriorum

41 2800 139 2866 editio
175 2807 213 2879 (a.
250 2800 342 2880 1706)
383 2805 415 2867 et
446 2802 563 2867 Hortzii
609 2809 650 2881 (a.
690 2800 785 2874 1853)
823 2802 1107 2869 subministrabant.

43 2906 195 2972 Codicum
218 2908 413 2991 praetorfoliu
435 2909 636 2992 palimpsesto
656 2908 830 2993 Vutiouna¹)
854 2910 886 2973 ot
906 2909 938 2973 in
960 2910 1107 2992 prioribus

44 3016 166 3096 sopbom
190 3014 276 3079 iibn's
311 3016 343 3078 et
373 3015 404 3078 in
435 3016 654 3099 posterioribus
687 3032 723 3080 or
746 3015 903 3102 communi¹
927 3015 1009 3079 fonto
1032 3015 1108 3081 satis

46 3119 223 3202 depravato,
246 3120 425 3203 plerumque
448 3123 551 3188 tumen
573 3122 747 3205 pervagatis
770 3123 919 3187 erroribus
942 3139 998 3185 noo
1019 3120 1108 3185 vuldo

40 3225 207 3291 occultatis
238 3225 409 3303 laborante,
432 3230 567 3294 ortomm
600 3228 767 3311 scripturos
789 3229 833 3294 lo.
867 3226 956 3308 Fredv.
987 3229 1019 3291 ot
1046 3223 1108 3291 luo.

41 3331 192 3398 Gronovii
226 3334 347 3396 tantum
383 3332 517 3399 dolootos
548 3353 608 3400 non
641 3338 724 3402 corto
757 3333 948 3400 constantivs
982 3333 1108 3399 oonsilio

41 3437 267 3517 indimvomut,
289 3457 345 3504 neo
367 3439 432 3504 sino
454 3439 545 3505 dubio
564 3460 687 3524 sempor
707 3440 947 3514 accuratissime,
963 3440 1108 3505 Hortzius

41 3544 156 3619 nullus,
193 3544 251 3610 nisi
274 3563 349 3628 quas
371 3545 467 3610 tnoite
491 3548 637 3630 sequitur,
659 3546 813 3612 interdum
836 3547 1011 3612 coniectura
1033 3565 1108 3612 non·

42 3651 121 3715 nihil
159 3649 334 3732 deflexus.²)
377 3652 446 3736 Ipso
479 3653 622 3718 Horisius
659 3654 703 3718 Io.
737 3652 787 3716 Fr.
822 3651 1011 3732 Gronovium
1044 3654 1110 3718 iuro

73 3951 96 4018 ¹)
115 3949 156 4003 De
175 3948 210 4002 iis
231 3947 359 4002 Hortnius
377 3947 506 4016 exposuit,
518 3945 662 4009 ,Zoitsobn
682 3945 702 4001 f.
721 3946 765 4002 die
784 3929 1023 4005 Alterthumsuiss.
1043 3951 1118 4010 1846,

117 4043 308 4099 nfflmffi
939 4115 941 4119 Δ

72 4134 97 4202 ’)
117 4133 277 4204 Exemplum
286 4133 462 4194 luculentum,
471 4147 551 4203 quum
560 4132 589 4187 in
600 4130 704 4188 lubrico
714 4148 856 4194 versemur,
867 4149 963 4203 ponam
973 4133 1050 4198 XIII,
1070 4136 1111 4198 12.

116 4232 143 4289 2,
161 4227 208 4282 ubi
236 4225 385 4283 Gronovius
414 4226 472 4280 sino
501 4224 633 4281 inmutato
662 4226 759 4282 edidit:
789 4241 921 4291 vecors,
946 4242 1053 4296 usquo
1076 4243 1112 4281 so

118 4322 169 4386 ut,
188 4319 270 4375 divo
289 4321 460 4389 Augusto,
488 4318 616 4374 Hertnius
635 4335 696 4375 oum
713 4322 778 4395 notu
796 4319 952 4374 conieotnroe
971 4318 1112 4375 adhibito:

58 4428 61 4432 ’
116 4430 240 4477 vooors,
268 4417 431 4484 tunquam
450 4427 578 4478 uorum,
605 4411 685 4467 diro
711 4412 867 4483 Augusto
885 4414 944 4477 oot,
963 4410 1010 4465 ubi
1029 4415 1111 4468 tun·

118 4524 218 4576 quom
237 4508 331 4578 uptu'm
350 4522 403 4562 non
422 4508 471 4568 est,
490 4521 604 4561 eorum
623 4521 730 4576 prorsus
749 4506 945 4583 pravissimum.
