2656 5056
243 302 303 365 100
613 300 673 354 Lib.
694 301 728 354 ll.
749 301 818 370 Cap.
840 303 862 357 1.

201 517 261 562 non
282 516 373 580 posse
395 499 624 565 Siculorum
654 498 831 580 complures
861 501 1118 579 intellexerunt.
1147 505 1175 568 iu
1202 502 1264 565 curri

201 605 301 688 gendo
335 605 438 670 miuus
471 605 593 680 felices;
626 623 698 668 narn
731 624 769 669 ne
802 625 877 672 cum
913 612 1155 677 versiculis
1174 608 1262 692 quiden

199 713 271 793 apte
294 715 487 793 comparatur
508 710 604 775 oratio
629 712 827 776 membratim
852 714 957 780 nimis
979 718 1124 783 conema.
1167 714 1228 780 Mihi
1243 714 1263 775 ir

201 817 338 882 mentem
371 818 455 881 veuit
485 815 713 892 assiculornnm
750 820 786 881 ut
821 820 1016 887 assularum
1057 822 1168 888 similis
1196 824 1262 884 oratu

199 923 377 989 huiusmodi
400 924 527 990 dicatur.

620 1259 622 1263 .
650 1205 824 1279 Brutus.*)

286 1377 320 1457 ,ς
341 1373 399 1436 31:
432 1371 503 1436 His
533 1370 667 1454 (Gorgia
697 1375 729 1436 et
758 1371 921 1453 sophistici
960 1377 1166 1457 opposuit
1197 1392 1260 1440 sese

199 1480 404 1550 Socrates,
442 1477 508 1560 qni
545 1477 786 1543 subtilitate
819 1478 993 1561 quadarn
1043 1480 1260 1566 disputanti

198 1585 394 1649 refellere
417 1604 550 1649 eorum
572 1584 771 1648 instituta
792 1583 960 1649 solebat
980 1590 1137 1655 verbis.
1160 1588 1260 1652 Huius

198 1705 241 1750 ex
263 1689 483 1755 uberrimis
506 1691 758 1755 sermonibus
785 1691 1038 1757 exstiterunt
1063 1692 1260 1759 doctissimi

197 1794 276 1857 viri
313 1797 370 1859 cet.
419 1797 597 1861 Ablativum
634 1797 769 1861 uerbis
805 1816 930 1878 prorsus
970 1799 1092 1864 vitiose
1128 1799 1259 1865 abundem

197 1901 369 1982 praesertim
384 1906 454 1985 post
472 1903 537 1978 illa,
554 1922 622 1986 quae
638 1903 822 1986 praecedunt,
838 1902 1098 1970 subtilitate
1113 1906 1258 1990 quadan

198 2006 454 2089 disputandi,
488 2009 579 2073 multi
612 2009 841 2083 intellexerunt3
876 2008 930 2072 sed
963 2029 1057 2093 aeque
1088 2015 1204 2078 certum
1225 2013 1260 2075 est

199 2133 258 2179 non
282 2115 391 2181 debere
414 2115 593 2198 simpliciter
614 2115 683 2179 tolli
704 2114 898 2190 vccabulum,
921 2116 1005 2198 qued
1031 2136 1092 2183 cur
1106 2121 1175 2204 quis
1189 2120 1259 2183 addi·

197 2221 285 2295 derit,
315 2241 351 2284 ne
378 2222 508 2286 minima
536 2221 659 2303 quidem
690 2240 783 2285 causa
809 2219 881 2304 fingi
904 2223 1017 2303 possit,
1042 2227 1141 2309 atque
1163 2228 1215 2291 sub
1232 2242 1258 2289 eo

198 2323 282 2388 aliud
307 2326 412 2390 latere.
461 2328 535 2392 Veri
557 2327 722 2408 vestigium
746 2327 892 2409 attigerat
914 2327 1067 2404 Orellins‚
1091 2335 1143 2415 qui
1166 2332 1258 2398 adrer-

196 2428 281 2494 bium
314 2431 353 2495 ad
387 2433 521 2499 Socratis
553 2433 711 2497 refellendi
745 2433 873 2497 formam
910 2435 1085 2500 notandam
1119 2440 1255 2522 pertinens

196 2536 321 2602 subesse
344 2537 517 2621 suspicatus
539 2540 602 2613 est;
632 2538 687 2603 sed
718 2538 798 2621 quod
820 2537 1102 2608 urbanissime
1125 2546 1253 2627 scriptun

194 2641 288 2708 fuisse
324 2644 464 2718 coniecit,
499 2645 589 2709 nimis
621 2664 639 2708 a
671 2644 810 2709 codicum
838 2644 995 2725 scriptura
1017 2645 1166 2728 discedit
1187 2667 1254 2732 qua·

195 2768 327 2833 cumque
349 2750 540 2833 excogitatur
561 2749 740 2831 superlativi
763 2750 867 2815 forma.
894 2749 1002 2835 Longe
1025 2755 1214 2835 probabilius
1226 2771 1252 2817 er

194 2856 357 2920 solebat
378 2853 513 2921 verbis
536 2856 668 2921 efficitur
693 2855 850 2922 solebat
872 2854 1031 2923 acerbius.

293 2983 373 3048 lbid.
398 2984 454 3048 46:
489 2983 631 3066 ltaque
663 2985 720 3049 ait
753 2983 1023 3067 Aristoteles,
1059 3010 1146 3058 cum
1174 2992 1251 3057 sub·

193 3087 293 3151 latis
324 3088 362 3152 in
392 3089 539 3159 Sicilia
568 3091 754 3173 tyrannis
782 3110 844 3155 res
867 3090 1248 3184 privat-aelongoin·

190 3192 369 3258 tervallc
412 3193 580 3259 iudiciis
616 3197 918 3277 repeterentur,
962 3199 1048 3264 tum
1086 3207 1247 3286 primun,

191 3298 291 3381 quod
314 3301 417 3364 esset
438 3302 552 3366 acuta
573 3299 649 3365 illa
673 3320 764 3385 gens
787 3304 824 3366 et
845 3305 1246 3386 controversarentur

239 3569 265 3636 *)
284 3568 362 3623 Bruti
381 3567 489 3622 codices
515 3575 625 3624 constat
647 3585 741 3625 omnes
761 3571 828 3626 satis
848 3588 909 3627 esse
927 3583 1066 3647 recentes,
1086 3595 1120 3633 ex
1139 3596 1190 3634 uuo
1206 3576 1243 3631 ui·

288 3676 341 3727 quo
370 3659 523 3729 antiquiore
552 3661 696 3732 derivatos,
721 3681 772 3720 nec
790 3665 843 3720 nisi
861 3666 939 3721 novis
958 3667 1138 3727 describendi
1156 3669 1243 3726 means

286 3757 314 3804 et
345 3752 496 3821 corrigendi
524 3755 668 3810 conatibus
695 3756 812 3814 differre.
858 3759 956 3829 Itaque
974 3765 1097 3835 vestigia
1116 3766 1244 3821 remotum

286 3843 415 3899 subtilius
432 3847 615 3917 persequendi
628 3848 706 3904 nulla
718 3856 761 3905 est
772 3849 897 3906 facultas.
926 3853 993 3920 Quae
1006 3857 1054 3914 hie
1067 3864 1244 3931 proponuntur

285 3936 497 4009 emendationes,
514 3940 572 3996 fere
591 3958 685 3998 omnes
707 3942 842 4013 evulgatae
861 3945 914 3999 iam
935 3950 1041 4003 suntin
1054 3952 1128 4008 libro
1144 3949 1242 4007 flamia

284 4040 308 4078 a.
329 4029 397 4084 1879
416 4033 488 4089 edito
507 4042 536 4089 et
559 4034 600 4090 sic
622 4036 768 4105 inscripto:
796 4038 847 4089 Der
873 4041 1158 4107 pttlolopisl-tisrorisle
1185 4045 1242 4096 Seu·

276 4121 358 4184 sunda
378 4124 545 4194 Mindmlrrfl,
563 4145 589 4196 p.
610 4129 661 4184 166
680 4143 742 4196 sqq.
