2678 5016
544 620 664 684 Ovidius,
1054 624 1096 688 95

68 822 135 887 bac
169 821 257 888 iuxta
285 822 353 888 sine
380 822 495 906 copula,
516 820 587 904 poni
615 818 742 883 ddecus
768 830 934 899 mactabo,
955 823 1022 889 vsed
1043 833 1141 908 neom

71 927 206 993 deiectos
241 946 340 1011 neque
377 927 515 993 delectos
548 927 642 991 boves
670 926 753 991 recte
775 927 816 993 b.w
832 926 853 992 l.
876 928 1054 1012 appellem·
1071 931 1140 995 tum

72 1038 178 1099 numm
213 1053 331 1118 proque
364 1032 543 1097 adverbium
576 1031 797 1097 alienissimum
819 1051 904 1110 esse3
936 1033 1139 1117 nequeenim

71 1139 163 1204 eundi
195 1126 333 1204 verbnm,
357 1137 448 1203 alteri
479 1136 662 1226 precedenti
694 1136 880 1222 adiungitur.
933 1139 1014 1217 Quid
1036 1157 1085 1204 res
1107 1143 1140 1204 et

70 1245 227 1309 sententia
245 1243 432 1327 postularet,
464 1242 558 1309 iidem
591 1242 748 1318 viderunt;
785 1244 815 1308 in
844 1245 1005 1329 participio
1032 1243 1139 1327 exqui-

71 1348 164 1414 rendo
188 1349 393 1425 dissentiunt3
423 1348 499 1413 mihi
520 1368 580 1414 uon
602 1349 805 1431 spernendum
826 1349 962 1430 videtur,
980 1347 1065 1432 ¹quod
1085 1360 1138 1414 cb·

72 1455 175 1520 dicum
199 1456 338 1539 vestigiis
361 1452 567 1520 monstratur:

241 1562 270 1636 -Ι,
290 1562 397 1633 scrobe
418 1561 531 1624 deeris
551 1561 704 1627 mactatos
727 1562 820 1627 obrue
841 1565 956 1627 tauros.

171 1667 256 1731 Nam
278 1667 419 1732 scrobem
441 1666 567 1730 deiicere
587 1685 642 1748 pro
664 1685 711 1743 eo,
733 1667 815 1750 quod
836 1669 884 1732 est
905 1664 966 1730 ulte
986 1661 1138 1739 defodere,

73 1790 131 1837 non
153 1771 354 1855 improbabile
375 1771 463 1839 ‚lacit
492 1771 629 1855 locorum
662 1772 842 1835 &ecloum
873 1770 955 1854 apud
986 1768 1138 1835 Caesarem

76 1877 240 1961 appellatio
264 1878 295 1941 et
316 1875 397 1959 apud
419 1876 551 1942 eundem
573 1877 758 1943 substantivi
773 1877 901 1947 eleisum
922 1874 1032 1942 similis
1054 1891 1137 1939 usus.

175 1980 729 2069 fflfflmfflmw.

194 2088 262 2151 Nec
282 2089 434 2159 nisioum
455 2089 556 2153 senior
577 2087 694 2153 similes
717 2087 885 2170 aquaverit
908 2105 1002 2152 anuos
1032 2150 1033 2153 ,

194 2193 337 2259 aetherias
360 2193 449 2259 sedes
471 2196 659 2278 cognataque
681 2194 782 2259 sidera
803 2195 919 2277 tanget.

75 2297 204 2364 Haereut
224 2299 335 2365 merito
356 2301 388 2365 in
415 2299 527 2363 similes
556 2301 787 2384 clamaverit,
815 2313 882 2382 quae
910 2298 987 2363 nihil
1013 2297 1139 2373 habebi,

75 2422 133 2485 qno
153 2403 340 2481 referentum
375 2406 406 2470 id
437 2406 479 2470 ibi
501 2390 598 2471 latere
617 2405 822 2486 manifestum,
838 2409 901 2478 est,
924 2404 976 2469 ubi
998 2401 1140 2469 scribitur

76 2511 183 2588 emior,
210 2529 269 2593 quo
291 2512 496 2595 comparativo
512 2511 589 2577 nihil
609 2512 781 2594 perversius
800 2510 874 2594 tingi
896 2509 998 2593 potest
1017 2507 1050 2571 in
1071 2506 1140 2572 lon·

77 2615 211 2698 geomeo
244 2617 316 2682 ritae
338 2635 526 2702 summaeque
548 2618 715 2683 senectutis
737 2616 873 2701 augurio.
921 2613 982 2680 Sed
1002 2615 1038 2677 ut
1058 2608 1140 2694 Pylii
1263 2645 1266 2650 -

78 2722 158 2786 senis
193 2722 265 2786 anni
301 2723 478 2790 adulatoriae
506 2723 732 2807 exaggerationi
767 2721 922 2787 sufficiant
956 2717 1048 2803 (quod
1078 2734 1140 2782 non

78 2825 204 2903 iaciunt,
226 2846 284 2893 nec
305 2828 428 2894 omniuo
459 2830 622 2913 quicquam
654 2827 795 2894 humana
824 2823 1088 2912 comparationis),
1121 2839 1141 2886 a

78 2930 188 2997 litteris
210 2932 389 3018 longissime
409 2935 525 3001 recedit
538 2933 640 3019 Pylio.
683 2934 886 3000 Artificioeius
909 2931 1051 2998 adulatus
1066 2926 1140 2994 Ori·

78 3036 142 3104 dius
165 3042 228 3114 est3
253 3039 377 3123 scripsit
401 3041 483 3106 enim
505 3041 564 3107 sic:

174 3146 244 3212 Nec
266 3146 326 3212 nisi
348 3165 419 3231 cum
441 3147 567 3232 imperio
588 3148 707 3215 similes
728 3144 895 3230 aequaverit
915 3160 1023 3219 annos,

78 3249 132 3316 hoc
154 3256 215 3329 est,
242 3252 449 3337 magnitudini
471 3254 554 3319 aucti
586 3273 607 3318 a
637 3272 671 3318 se
692 3252 814 3335 imperii
834 3249 969 3316 similem
990 3261 1140 3313 annorum

78 3375 239 3424 nnmerum
264 3361 438 3442 aquaverit.
487 3362 535 3425 Ac
557 3362 679 3443 propter
699 3344 759 3425 hoc
780 3359 896 3441 ipsum,
918 3354 1000 3438 quod
1019 3347 1141 3435 proprie

78 3461 198 3546 imperii
235 3451 380 3531 mensura
412 3469 443 3530 et
476 3483 623 3531 annorum
643 3483 797 3533 numerus
826 3460 956 3529 conferri
976 3456 1140 3541 nequeunt,

78 3587 135 3635 non
173 3569 254 3636 dixit
287 3571 469 3654 simpliciter
497 3572 660 3656 oequocesit
685 3591 800 3643 annos,
844 3568 898 3635 sed
926 3564 1038 3630 similes
1069 3567 1140 3642 (non

77 3677 178 3742 minus
201 3677 391 3759 immensos).

177 3783 282 3848 Minue
309 3783 368 3848 sibi
396 3801 488 3867 quam
513 3783 781 3866 metamorphoses
804 3783 973 3850 vindicasse
995 3772 1090 3844 studii
1111 3773 1143 3836 et

78 3905 178 3970 opsrae
199 3892 343 3972 poemata
364 3891 403 3955 ab
418 3889 526 3955 Ouidio
547 3890 578 3954 in
602 3890 689 3956 exilio
710 3889 834 3973 scripta,
857 3907 947 3954 nemo
969 3880 1141 3981 mirabitur.

79 3994 153 4079 Legi
175 3997 283 4061 tamen
305 4015 366 4062 non
388 3996 541 4062 incuriose
555 3996 759 4080 annotarique
774 3995 925 4079 quadam,
948 4011 1014 4076 qua
1028 3990 1142 4056 iterum

79 4102 235 4181 pensitato
257 4102 446 4186 probataque
468 4119 652 4184 expromam.
685 4103 720 4166 In
743 4098 878 4166 tristium
893 4098 980 4165 libris
998 4094 1143 4163 etmulta

81 4205 116 4269 dc
139 4206 293 4272 codicibus
314 4207 432 4273 incerta
453 4210 535 4282 sunt,
561 4213 592 4274 et
619 4207 704 4284 eius,
734 4207 786 4289 qui
813 4207 932 4272 ceteros
959 4201 1152 4290 antiquitate

84 4315 219 4395 superat,
258 4315 375 4398 exiguae
401 4314 560 4396 particula
588 4313 709 4378 collatae
738 4315 809 4376 sunt
835 4308 1033 4390 (Florentini,
1069 4305 1143 4370 olim
