2626 5070
469 109 592 165 Valerius
614 110 684 165 Max.
1013 110 1075 175 329

25 331 27 336 =
134 305 217 387 falbd.
241 307 272 384 6,
294 306 329 369 2:
374 306 513 387 Itaque
541 306 738 391 Campanae
760 307 864 373 urbis
971 310 1116 376 Casili-

11 403 27 451 ῑ
82 398 153 490 rum,
180 411 418 477 moderarum
443 413 591 479 virtute
621 414 789 490 clarum,
820 417 1118 496 perseverantis

6 545 22 585 ς
79 516 242 580 anicitiae
298 517 460 601 pignore
507 519 646 600 impios
697 520 828 585 oeulos
882 522 1113 588 verberarit.

6 650 21 713 ss
77 618 112 683 Sic
145 622 178 688 B.
222 623 268 688 Ex
315 622 448 687 secunda
490 610 600 689 manus
643 624 828 692 correctione
871 626 902 690 in
948 627 1115 694 deteriores

12 751 13 754 ¹
74 727 172 792 transiit
193 727 300 794 modo
329 747 414 792 rara
437 730 596 807 virtute,
629 730 681 795 ubi
710 749 796 795 rara
825 731 975 808 abundat,
1007 734 1114 799 modo

16 828 17 832 ’
72 848 170 910 prorsus
208 851 386 918 perversum
423 834 484 909 est;
520 835 663 899 Halmius
700 855 717 900 e
750 836 909 902 Foertscbii
941 838 1116 903 coniectura

70 936 262 1004 incolarum
284 938 429 1004 virtute
452 940 584 1023 scripsit,
598 941 740 1029 genetivo
754 942 830 1007 setis
843 942 955 1018 otioso;
968 961 1025 1007 neo
1047 963 1114 1008 om·

71 1042 120 1110 nim
139 1046 329 1110 virtutem
350 1045 503 1123 Valerius,
536 1066 602 1130 quae
624 1031 700 1112 satis
722 1046 945 1129 perseverantie
969 1047 1112 1112 amicitiae

11 1158 12 1162 ’
71 1151 169 1215 nomine
193 1150 401 1234 significetur,
423 1153 590 1233 separatim
612 1153 810 1226 nominasset,
847 1150 908 1216 nisi
930 1152 1047 1234 aliquid
1078 1173 1114 1218 er

71 1257 201 1322 corbario
225 1255 376 1321 acuminis
399 1257 568 1339 quaesisset.
614 1255 649 1321 lo
672 1256 849 1322 huiusmodi
872 1260 933 1322 est:
961 1256 1113 1324 ¹Casili·
1218 1332 1219 1335 Ἴ

12 1346 13 1349 '
69 1376 152 1439 num,
172 1361 271 1425 mota
286 1383 463 1444 parvam,
484 1361 632 1427 virtute
654 1361 807 1427 clarum.

146 1501 214 1566 Ibd.
250 1502 279 1578 7,
316 1500 350 1564 3:
387 1500 563 1583 quoniam
592 1502 751 1567 Tettius
783 1502 997 1585 improprio
1029 1503 1112 1568 iure

69 1612 247 1684 procreato
276 1607 365 1671 silio
394 1624 537 1671 summa
564 1599 645 1671 cum
673 1609 886 1690 iniquitate
908 1604 1111 1690 paternum

16 1741 18 1785 Q
69 1725 182 1779 nomen
219 1713 487 1795 abrogaverat.
545 1712 625 1792 Quid
661 1713 704 1777 sit
732 1714 813 1779 filius
842 1714 1017 1804 inproprie
1046 1717 1113 1782 iure

69 1821 234 1894 procreatus,
270 1836 393 1900 prorsus
415 1837 474 1884 non
496 1806 644 1904 intelligo.
685 1819 827 1885 Valerius
861 1808 1041 1910 scripserat:
1074 1824 1111 1888 in

68 1925 197 2007 proprio
221 1922 313 2002 lore.

144 2065 211 2129 lbd.
235 2064 266 2140 8,
290 2064 324 2127 7:
368 2062 557 2128 Nimirum
591 2066 875 2139 consternatio,
911 2082 988 2146 quae
1022 2064 1113 2128 ani·

64 2178 138 2234 mum
173 2171 260 2234 eius
302 2170 569 2234 transversum
611 2170 692 2254 egit
724 2172 740 2208 *
770 2171 787 2209 *
823 2170 968 2236 amavit
1008 2159 1108 2234 enim

63 2274 175 2341 sordes
199 2275 350 2340 suaset
374 2273 518 2340 dilexit
538 2277 725 2358 pericula,
757 2280 815 2340 oet.
867 2275 996 2355 Lacunae
1019 2277 1115 2342 notas

62 2370 184 2446 Halmius
206 2382 327 2463 posuit,
353 2381 386 2445 in
407 2380 511 2446 colline
538 2382 658 2446 nullum
689 2382 754 2446 eius
782 2383 831 2446 est
850 2379 1015 2458 indiciam
1050 2399 1107 2446 nec

62 2482 205 2568 quicquam
235 2487 343 2552 subest
368 2486 515 2571 granicus
544 2487 663 2563 mendi;
702 2486 897 2553 scribendum
926 2486 1008 2552 enim
1043 2488 1115 2552 est:

60 2578 241 2654 limbum
279 2593 549 2658 consternatio
592 2592 761 2677 qaedam
808 2593 978 2658 animum
1019 2593 1109 2657 eius

61 2692 310 2761 transversum
347 2699 441 2783 egit;
475 2699 617 2764 amavit
648 2700 744 2763 enIm
767 2701 824 2764 cet
869 2697 1014 2764 Confusio
1036 2700 1104 2764 orte

61 2811 85 2859 er·
102 2800 234 2882 (quaed)
256 2803 432 2868 emunim.
476 2803 537 2872 Otr.
560 2803 614 2879 IX,
640 2803 689 2882 12,
714 2802 744 2870 8.

141 2940 205 3004 Lib.
227 2940 314 3022 VIII,
339 2943 354 3004 1
372 2942 475 3010 Absol.
493 2945 523 3022 6,
545 2944 718 3010 tollendum
740 2946 788 3008 est
809 2947 875 3008 sut
896 2944 968 3008 ante
991 2942 1117 3007 attol-

60 3036 131 3118 lere,
158 3046 192 3109 ut
214 3045 259 3111 sio
294 3047 462 3114 scribatur:
496 3049 567 3115 bue
602 3049 805 3114 deductum
829 3048 1106 3121 necessitatis,

60 3149 88 3211 11t
119 3151 288 3217 abiicere
321 3171 360 3217 se
392 3154 469 3218 tam
505 3154 761 3238 supplicIter‚
804 3154 997 3219 attollere
1029 3153 1106 3216 tam

63 3361 241 3381 *z*—

116 3534 242 3574 armorum
274 3537 371 3589 genere
398 3521 586 3591 milltibusque
610 3538 642 3575 ea
665 3521 828 3577 habentibus
855 3519 968 3584 dIcitnr3
995 3534 1104 3572 arma·

118 3614 219 3666 turam
238 3611 319 3667 dare
339 3629 385 3682 pro
403 3630 426 3669 e.
446 3629 471 3682 q.
501 3630 523 3668 e.
543 3630 633 3668 arma
661 3615 739 3668 dare
758 3619 912 3681 (armare)
931 3627 1009 3665 nemo
1025 3610 1109 3664 dixin

117 3701 177 3758 Vera
195 3706 302 3760 videtur
331 3721 388 3760 esee
418 3707 537 3761 secunda
563 3722 658 3760 manue
676 3705 731 3760 cod.
752 3696 774 3759 B
794 3707 937 3775 scripture:
965 3704 1106 3759 laturos

121 3807 213 3862 arma,
233 3814 371 3868 genusque
390 3815 451 3856 casu
469 3799 503 3854 ad
521 3815 613 3853 arma
630 3799 863 3855 accommodatum.
