2678 5016
517 678 650 735 Lausus.
1014 675 1072 740 131
1087 684 1093 697 ·

602 895 663 942 ιιοιι
685 877 767 942 ultre
788 879 900 942 euuote
922 876 1059 942 durium⁰

166 985 285 1052 debebis
305 985 519 1067 manibusque,
541 983 663 1066 inopem
685 983 809 1045 ducesve
828 984 1032 1062 seneetnm1).

156 1091 220 1158 lbd.
248 1090 314 1170 (V),
349 1091 409 1153 771
440 1090 485 1172 (in
517 1089 651 1154 oratione
682 1086 830 1186 Corneli&
855 1086 896 1152 ed
922 1087 1115 1171 Pompeium)

11 1214 13 1216 ·
63 1200 147 1265 rerba
170 1199 212 1263 sio
233 1194 480 1280 interpungende
499 1196 586 1259 suut:

661 1296 775 1363 Seouru
796 1296 917 1362 videtur

202 1407 276 1473 Sors
297 1407 365 1484 tibi,
388 1425 457 1471 oum
479 1405 575 1471 iacies
597 1405 690 1471 etium
713 1421 793 1469 nuno
815 1403 894 1478 vote,
917 1407 1055 1490 perisse?

151 1515 227 1579 Here
249 1513 333 1579 enim
363 1511 518 1578 sententie
540 1508 601 1577 est':
634 1510 787 1575 Seeursne
819 1528 884 1575 sors
905 1510 963 1576 tibi
984 1512 1114 1592 videtur,

13 1663 14 1667 =
59 1640 117 1703 quse
137 1621 217 1685 mihi
239 1616 541 1701 fortasseobtinget,
564 1617 590 1682 si
612 1635 631 1681 a
652 1618 684 1681 te
704 1615 818 1692 asuero,
841 1617 876 1679 ut
896 1613 959 1679 ium
981 1619 1013 1682 te
1035 1617 1115 1683 vieto

57 1726 205 1809 perierim,
238 1742 310 1788 oum
342 1724 450 1807 ignaru
471 1721 567 1787 eladis
597 1724 659 1788 tuae
675 1715 676 1719 ’
694 1720 789 1785 etiem
812 1737 893 1784 nune
915 1724 988 1787 vota
1008 1741 1062 1805 pro
1083 1725 1116 1789 te

56 1831 186 1896 udum?
229 1831 277 1903 (In
301 1828 440 1913 genernli
469 1826 622 1894 sententie
655 1826 788 1891 secunde
821 1844 952 1909 persone
973 1828 1115 1910 ponitur.)

56 1937 285 2002 Abemverunt
312 1934 471 2000 Bentleius
493 1935 525 1999 et
545 1932 607 1999 ulii.

151 2042 220 2108 Lib.
243 2042 297 2120 VI,
318 2040 395 2104 663:

202 2146 238 2211 Si
258 2166 331 2212 vero
353 2146 538 2231 Stygiosque
560 2144 644 2210 lucus
668 2142 829 2227 ripamque
851 2147 1010 2210 sonantem

200 2252 328 2336 ignibus
350 2250 522 2328 ostendam,
544 2250 571 2316 si
593 2268 642 2315 me
664 2252 816 2332 presente
838 2249 935 2316 videri

202 2358 390 2423 Eumenides
412 2356 528 2442 possint
552 2356 718 2438 villosoque
739 2356 819 2421 oolla
840 2356 970 2422 colubris

0 2501 1 2505 =
204 2464 356 2530 Cerberus
378 2462 545 2540 excutiens,
567 2464 627 2528 oet.

1 2609 2 2653 3
52 2568 120 2634 Nou
143 2570 247 2654 agitur
282 2568 319 2634 de
340 2567 505 2653 praesentio
537 2585 636 2651 megae
664 2567 836 2645 Thessales,
868 2565 924 2632 sed
945 2567 1001 2632 hoo
1024 2565 1114 2632 dicit:

1 2664 3 2723 t
56 2674 99 2753 „si
134 2674 259 2740 edicere
280 2676 405 2758 possim,
429 2676 464 2739 ut
485 2673 669 2739 Eumenides
704 2672 864 2739 videatis.“
915 2670 1115 2738 Soribeudum

10 2870 11 2873 ψ
54 2780 160 2863 nu:

10 2886 11 2929 ἓ
602 2882 628 2949 si
652 2902 702 2949 me
721 2881 872 2967 prodente
893 2882 991 2949 videri

250 2990 436 3056 Eumenides
458 2988 587 3075 possint,

9 3085 10 3089 ’
56 3095 107 3161 too
127 3099 188 3174 est,
223 3097 250 3162 si
280 3096 428 3162 videndas
457 3096 592 3178 praebere
613 3094 738 3178 possim.
798 3094 879 3174 Quid
899 3093 1115 3177 requireretur,

14 3271 15 3275 ,
57 3201 339 3280 senserutGrotius,
363 3202 418 3269 sed
439 3203 471 3267 in
494 3201 620 3266 verbum
642 3199 755 3266 litteris
773 3198 920 3266 remotius
941 3217 998 3265 neo
1012 3199 1115 3283 ipsum

19 3365 20 3371 ,
59 3307 157 3390 uptum
179 3306 299 3384 inuidit,
318 3317 490 3392 praestanto.

19 3416 21 3456 ἑ
148 3412 519 3502 ΜἯΜΜᾸ

199 3516 272 3584 illio
292 3516 416 3600 plebeia
437 3518 597 3584 oonteotus
619 3516 739 3583 casside
762 3517 865 3582 vultus
900 3520 903 3538 ²

199 3624 385 3709 ignotusque
407 3622 489 3689 hosti
511 3623 590 3707 quod
611 3624 737 3707 ferrum,
758 3622 864 3701 Brute,
886 3622 1037 3689 tenebas?

30 3719 32 3751 ³
63 3725 118 3794 tino
143 3730 305 3812 perinepte
336 3727 560 3813 interrogatum
596 3748 687 3795 suum
717 3729 799 3793 enim
829 3727 967 3813 gladium
1001 3729 1115 3796 Brutus

26 3819 31 3850 ³
66 3832 193 3912 tenebnt3
216 3834 378 3919 aptissime
403 3836 525 3901 contre:

69 4062 247 4079 s*

88 4203 105 4270 ¹)
121 4205 150 4271 V,
168 4207 222 4263 375
239 4222 293 4261 non
312 4223 436 4270 revocare,
464 4202 511 4258 sed
529 4223 627 4291 avocere
645 4201 814 4259 scribendum
832 4203 917 4289 esset,
945 4175 999 4258 uisi
1018 4204 1115 4275 optimi

121 4297 228 4362 dedices,
264 4300 346 4356 etium
385 4296 531 4366 rescriptus
558 4295 753 4367 Neapolitanus
788 4295 933 4367 (Philolog.
966 4296 1056 4353 XXVI
1087 4314 1114 4368 p.

40 4472 42 4476 Ι
125 4393 193 4463 177),
213 4397 307 4447 retinere
326 4388 470 4454 haberent,
490 4388 561 4460 quod
578 4387 774 4445 restituendum
792 4391 843 4446 est.

881 4502 915 4554 9*
