2678 5018
238 266 282 330 oo
597 270 657 326 nro.
676 271 722 326 vr.
750 270 854 342 cunr
930 273 948 294 ⁸

200 467 392 534 adiuratione
420 472 452 532 et
484 470 707 535 asseveratione
736 488 832 554 neque
865 469 942 536 dixit
960 487 1060 553 neque
1079 473 1180 538 dieere
1200 491 1255 556 po-

200 575 282 653 tuit.)
303 574 420 639 Deinde
442 576 554 650 autem,
577 594 643 658 quar
657 576 700 642 sit
720 578 880 642 uerborum
901 577 931 640 in
954 596 982 639 v.
1010 576 1068 640 123
1091 579 1255 657 structura,

199 683 255 746 eut
285 678 365 744 unde
398 679 532 762 pendeat
564 680 731 747 infinitivus
765 682 868 758 rideri,
904 701 942 747 ne
964 683 1111 765 suspirari
1132 682 1255 765 quidem

200 805 333 869 possum,
364 804 536 869 quenquam
572 806 660 852 nemo
694 806 729 853 ex
761 787 978 854 reoentioribus
1020 788 1101 854 hune
1133 807 1255 854 versum

199 892 407 959 admonitione
441 911 528 976 egere
559 893 687 976 putarit,
720 894 799 977 quod
829 913 886 978 ego
902 895 939 958 in
960 894 1118 976 prudentis
1139 893 1256 967 silentii

201 998 345 1083 exemptis
366 1017 500 1067 numero.
553 998 631 1063 Mihi
652 1002 766 1065 eertum
789 1003 845 1074 eat,
880 1001 1064 1066 sententium
1086 1019 1156 1066 eam
1177 1018 1256 1076 esse,

200 1123 269 1187 quae
292 1104 349 1169 huo
371 1104 558 1186 exprimatur
578 1105 727 1170 oratione:

300 1229 366 1293 quae
392 1211 614 1294 proculusque
637 1209 712 1274 adeo
735 1208 836 1276 divino
858 1231 877 1277 a
898 1211 1020 1277 numine
1042 1211 1163 1286 distent,

299 1317 388 1399 inque
410 1315 500 1381 deum
523 1333 649 1381 numero
670 1334 738 1398 quae
760 1315 831 1394 sint,
853 1316 1142 1401 indignanturque,

216 1476 220 1483 .
301 1422 441 1487 notitiam
463 1423 563 1505 potius
585 1423 643 1486 eat.

300 1527 359 1606 Qui
380 1531 484 1594 tamen
507 1547 542 1593 er
564 1528 701 1591 edentur
722 1527 838 1592 sautum
861 1527 903 1592 eit
922 1527 1026 1602 videt,
1048 1528 1150 1594 miror.

300 1635 336 1710 V,
359 1636 420 1698 975
442 1654 522 1718 sqq:

321 1742 350 1804 A
372 1740 473 1822 parvis
496 1740 575 1822 qnod
596 1740 676 1805 enim
698 1743 877 1805 consuerant
898 1757 1021 1804 eernere
1042 1758 1172 1823 semper,

321 1845 439 1910 alterno
460 1848 603 1911 tenebras
622 1849 654 1911 at
673 1846 773 1910 luoem
793 1848 932 1926 tempore
953 1846 1047 1930 gigni,

323 1969 382 2016 non
405 1952 479 2027 erat,
502 1954 537 2016 ut
556 1952 624 2016 fieri
643 1953 747 2034 posset
770 1951 910 2016 mirarier
930 1969 1076 2035 umquam

320 2074 376 2121 neo
397 2057 545 2132 diffidere,
568 2076 606 2122 ne
628 2059 724 2123 terrae
749 2058 864 2122 aeterne
883 2061 1004 2123 teneret

320 2179 387 2240 nox,
408 2163 440 2228 in
462 2166 641 2248 perpetuum
664 2162 800 2228 detreeto
821 2162 937 2228 lumine
960 2162 1043 2229 solia.

303 2266 354 2333 Sio
379 2269 473 2335 edunt
504 2269 797 2353 interpungrmtque‚
834 2267 872 2333 de
908 2268 1110 2352 grammatica
1141 2268 1260 2335 ratione

201 2375 313 2443 aunt.
356 2375 443 2451 Mihi,
477 2377 504 2440 si
535 2377 579 2442 sie
610 2375 706 2457 aooipi
727 2375 833 2440 volunt
855 2379 923 2453 (nee
945 2373 1042 2448 video,
1084 2375 1136 2458 qui
1171 2376 1261 2440 aliter

201 2480 340 2562 accipere
374 2483 557 2564 potuerintt:
590 2503 651 2544 non
683 2490 765 2557 erat,
806 2488 841 2539 ut
870 2490 969 2564 posset
998 2479 1074 2564 flori
1107 2481 1260 2560 mirarier,

204 2586 262 2651 hoo
283 2588 339 2661 ast,
361 2590 396 2650 ut
416 2590 521 2670 posset
541 2587 664 2652 miratio
686 2585 772 2666 oriri,
805 2604 842 2651 ea
862 2604 947 2651 mara
964 2586 1120 2652 barbaries
1140 2585 1262 2653 videtur

82 2722 97 2758 ,s
132 2731 156 2800 ,Ι
206 2692 254 2768 (fit
273 2693 391 2771 mirari,
407 2702 507 2777 potest
518 2693 593 2779 fieri
611 2691 741 2769 mirari).
786 2690 984 2756 Scribendum
1007 2692 1069 2757 est:

344 2818 402 2864 non
425 2802 501 2872 erut.¹
523 2802 558 2863 ut
578 2799 645 2864 fieri
660 2807 783 2882 possent
803 2797 943 2863 mirarier
963 2816 1119 2881 umquam,

204 2903 260 2968 hoo
282 2906 344 2968 est:
367 2922 425 2968 non
447 2907 590 2988 poterant
600 2905 714 2979 mirari,
736 2903 802 2968 fieri
817 2922 885 2969 eam
906 2904 1103 2970 tenebrarum
1124 2903 1260 2985 luotaque

200 3009 447 3077 alternationem.

202 3098 206 3109 ¹
302 3115 355 3189 VI,
392 3116 463 3179 rot.
518 3115 719 3200 Perexiguam
747 3133 812 3179 rem
835 3115 995 3198 attingam.
1054 3116 1130 3180 Cum
1152 3115 1184 3180 in
1208 3133 1262 3180 oo·

199 3220 322 3287 dinibus
344 3222 528 3288 seriberetnr
550 3221 795 3304 editionibusque
817 3221 880 3286 sio:

286 3328 363 3394 Haee
383 3328 500 3394 fatiunt
520 3329 654 3412 primum
675 3345 783 3409 parvas
806 3327 970 3393 consistere
991 3328 1104 3404 nubem

286 3434 357 3498 inde
378 3453 415 3499 ea
435 3435 655 3519 comprendunt
677 3435 758 3500 inter
779 3454 811 3499 se
834 3453 949 3517 eonque
971 3435 1147 3517 gregantur,

202 3543 275 3605 ante
297 3541 498 3624 quadraginta
518 3558 612 3606 annos
634 3559 829 3624 reposueram
850 3540 921 3602 indo
941 3559 992 3617 eoe,
1023 3542 1060 3606 ut
1079 3539 1175 3606 nubes
1196 3539 1261 3625 sig-

204 3646 417 3725 nificarentur,
454 3647 607 3712 sententia
627 3647 816 3729 postulante,
849 3647 931 3711 idem
967 3646 1088 3712 efficere
1124 3646 1260 3711 volentes

204 3753 417 3819 Lachmannus
465 3754 704 3838 recentioresque
746 3752 809 3816 troc
851 3770 926 3843 pro*
947 3752 1093 3817 feminino
1134 3752 1260 3833 ponunt,

203 3878 311 3942 prave3
346 3878 443 3943 neque
477 3859 560 3924 enim
580 3859 750 3936 Lueretius,
782 3877 853 3924 eum
875 3858 1028 3951 senteqtia
1048 3857 1148 3941 posita
1165 3858 1209 3923 ait
1228 3857 1261 3922 in

202 3965 337 4030 transitu
371 3985 389 4031 a
423 3966 598 4048 corporibus
632 3965 773 4046 (atomis)
795 3964 928 4049 primurn
963 3965 994 4029 in
1030 3983 1141 4047 parrae
1164 3965 1261 4032 nubea

200 4071 342 4137 sollertis
375 4071 413 4136 ad
436 4072 533 4137 nubes
555 4070 665 4137 deinde
695 4072 778 4155 ipsas
800 4068 997 4155 eongregataa
1020 4073 1052 4137 et
1078 4074 1261 4147 arescentes,
