2678 5018
258 325 277 385 2
660 327 829 384 Prooemium.

215 518 461 601 (Henricbsenii‚
503 519 727 606 Wesenbergii,
775 524 935 610 Tregderi‚
984 525 1113 601 Lundii,
1159 529 1283 596 Halmii

215 626 391 707 Baiterique
426 626 458 689 et·
485 625 628 708 Kayseri)
659 627 753 694 libros
787 648 989 713 permagnum
1026 633 1282 700 emendationum

216 749 379 795 nnmerum
412 731 520 812 sparsi,
552 732 589 794 ut
623 731 686 796 iam
718 733 820 799 minus
863 733 967 815 ampla
1003 735 1036 798 et
1069 735 1156 801 dives
1193 739 1283 820 copia

216 835 359 917 supersit,
382 854 439 900 nec
460 837 573 915 tamen,
602 838 638 900 nt
659 855 755 920 spero,
790 838 1028 915 contemnenda;
1060 840 1141 904 Livii
1163 842 1280 918 antem,

216 941 269 1023 qni
304 941 385 1005 inter
418 940 577 1005 histcricos
619 943 718 1022 operis
754 942 955 1025 amplitudine
984 944 1016 1007 et
1047 943 1183 1009 utilitate
1214 947 1281 1028 pri·

215 1065 285 1111 mus
308 1048 366 1121 est,
398 1043 492 1109 libros
527 1063 597 1108 curn
640 1048 711 1109 ante
743 1065 857 1128 paucos
894 1066 991 1112 annos
1027 1049 1280 1117 emendationum

216 1149 414 1215 Livianarum
435 1148 589 1214 volumine
610 1151 876 1230 pertractassem·
895 1151 1005 1217 deinde
1035 1154 1115 1220 totos
1137 1157 1280 1222 recensui

221 1258 253 1320 et
284 1274 355 1319 cnm
384 1254 528 1337 Ussingio
548 1253 641 1330 edidi,
677 1255 716 1319 ad
737 1275 827 1338 quem
849 1256 1031 1336 scriptorem
1055 1258 1095 1322 si
1122 1260 1195 1341 quid
1225 1279 1279 1326 ao-

215 1358 309 1424 cessit
329 1361 399 1441 post
419 1377 438 1423 a
458 1358 699 1436 me'inrentum
732 1360 811 1442 qnod
831 1361 1029 1444 perexiguum
1051 1365 1108 1439 est,
1131 1365 1279 1447 quoniam

215 1465 295 1529 nibil
328 1465 358 1528 ei
390 1465 540 1528 continnae
573 1483 653 1528 curae
673 1463 821 1547 impendi,
856 1465 908 1529 alii
940 1467 1072 1549 tempori
1103 1469 1207 1550 aptius
1229 1488 1279 1534 re·

215 1571 362 1634 servatus
388 1569 515 1651 ltaque
536 1567 576 1632 ad
596 1568 717 1633 livium
750 1570 974 1637 emendandum
1005 1571 1087 1653 quod
1110 1574 1280 1654 pertineat,

215 1674 292 1738 nihil
313 1673 363 1737 bic
384 1674 561 1755 reperietur,
583 1672 789 1739 Ciceronianae
811 1674 1037 1741 emendationes
1060 1677 1136 1741 satis
1158 1678 1279 1756 multe,

215 1779 270 1844 eed
301 1781 406 1859 tamen
428 1778 519 1862 longe
552 1778 717 1859 pauciores,
750 1795 842 1860 quam
863 1798 939 1861 quas
970 1784 1063 1853 autea
1084 1781 1186 1854 edidi;
1206 1781 1279 1864 plus

214 1885 273 1951 sibi
307 1885 365 1949 loci
402 1886 514 1965 praeter
546 1882 698 1947 Ciceronis
721 1881 853 1963 equales
885 1883 1086 1950 vindicabunt
1118 1886 1280 1952 subsecuti

213 1989 361 2073 temporis
382 2007 478 2071 prosae
499 1986 644 2052 orationis
655 1984 827 2067 scriptores,
849 2006 904 2052 neo
917 2008 1042 2070 parvam
1055 1991 1177 2071 partem
1187 2009 1278 2054 occu-

213 2095 331 2177 pabunt
352 2095 460 2176 poetar,
487 2110 563 2174 quos
584 2092 696 2172 praeter
716 2090 894 2156 Lucretium
921 2094 954 2157 et
973 2095 1151 2158 Iuvenalem
1174 2095 1278 2161 minus

213 2200 329 2264 adbuc,
345 2199 377 2262 in
410 2198 497 2262 libris
530 2195 621 2261 editis
653 2196 829 2279 attigeram.
888 2195 949 2261 Sed
985 2199 1099 2280 praeter
1130 2199 1210 2264 hanc
1244 2199 1280 2267 in

214 2306 360 2371 Cicerone
396 2306 429 2368 et
463 2300 550 2365 livio
582 2299 720 2365 materiae
752 2319 812 2364 non
840 2302 906 2363 tam
935 2300 1154 2368 detractionem
1181 2324 1279 2386 qnam

212 2412 396 2476 levationem
439 2405 528 2485 (satis
571 2405 652 2469 enim
698 2406 785 2486 copie
827 2407 859 2468 et
903 2423 994 2470 onere
1034 2411 1158 2491 gravat,
1207 2428 1279 2490 qnae

212 2518 332 2593 restat)
366 2511 450 2578 aliud
482 2508 694 2593 attingendum
720 2509 810 2573 verbo
841 2509 892 2573 bic
917 2514 974 2591 est,
1007 2512 1086 2595 quod
1107 2513 1165 2595 ipsi
1186 2512 1280 2578 initio

213 2619 377 2686 uoluminis
410 2613 683 2681 commendationis
719 2613 843 2696 aliquid,
880 2636 919 2680 ne
955 2616 1124 2701 splendoris
1161 2616 1279 2698 dicam,

215 2725 358 2790 detrahit
402 2721 488 2786 Facit
509 2721 590 2785 enirn
614 2718 774 2784 institutus
795 2721 877 2795 ordo,
900 2727 935 2787 ut
955 2724 995 2788 ab
1011 2724 1048 2787 iis
1072 2721 1279 2802 scriptoribus

213 2829 335 2894 latinis
358 2824 537 2891 ordiendum
558 2823 635 2888 mihi
656 2823 707 2900 sit,
730 2824 840 2907 quibus
855 2827 958 2892 minus
979 2827 1280 2908 assiduamoperam

129 2947 134 2957 ·
212 2933 373 2999 tribuerim
405 2931 438 2995 et
468 2928 508 2994 ad
540 2945 614 3011 quos
645 2931 700 2993 aut
730 2931 864 3014 exiguas,
892 2935 928 2997 ut
960 2932 998 2996 ad
1029 2931 1188 3009 Plautum,
1222 2937 1279 2999 aut

214 3038 343 3103 nonita
375 3035 476 3100 lautas
497 3032 654 3117 symbolas
675 3034 815 3109 afferam,
838 3037 873 3099 ut
894 3034 934 3099 ad
954 3036 1141 3100 Terentium.
1185 3038 1278 3104 Hanc

212 3142 294 3207 initii
313 3140 495 3205 tenuitatem
517 3140 711 3222 redemptum
732 3139 771 3203 ini
792 3159 879 3223 spero
901 3158 1016 3214 eorum,
1047 3161 1114 3223 quae
1135 3141 1175 3206 ad
1197 3144 1278 3209 alios

214 3250 378 3333 scriptores
400 3247 633 3328 subsequentur,
654 3245 805 3309 ubertate.
834 3242 1001 3309 Poetarum
1023 3247 1218 3330 antiquorum
1242 3268 1291 3316 ex.

215 3356 377 3438 operibus,
411 3369 478 3433 quae
510 3349 739 3432 interciderunt,
771 3351 944 3440 fragmenta
978 3352 1124 3432 qnoniam
1149 3353 1213 3418 iere
1241 3373 1278 3421 ea

214 3461 288 3537 sola,
313 3478 380 3542 quae
401 3454 483 3538 apud
504 3454 639 3518 Nonium
668 3456 748 3528 sunt,
780 3454 880 3538 attigi,
916 3473 1022 3519 eornm
1044 3457 1277 3526 emendationes

213 3568 374 3648 ponentur,
407 3580 477 3629 oum
514 3561 553 3624 ad
574 3559 711 3624 Nonium
732 3560 858 3624 ventum
879 3559 948 3635 erit,
969 3561 1024 3623 aut
1044 3562 1071 3625 si
1093 3562 1174 3643 quod
1194 3563 1277 3646 apud

213 3670 308 3735 alium
330 3668 509 3748 scriptorem
523 3665 659 3748 positum
674 3663 807 3739 tentavi3
829 3664 902 3747 quid
924 3664 964 3729 ad
985 3684 1137 3747 quemque
1150 3670 1276 3750 poetam

215 3775 361 3840 collatum
384 3773 435 3853 sit,
457 3771 548 3836 index
570 3769 762 3835 monstrabit.
