2656 5056
440 666 581 722 Ciceronis
598 668 745 724 orationes.
1026 671 1084 732 155

160 862 237 927 ibid.
260 863 331 943 XII,
348 863 406 928 24:
428 863 607 929 Teneant
627 864 704 929 alii
726 867 876 943 castra,
899 867 1044 949 gerant
1065 885 1127 932 res

53 966 254 1046 bellicas,
285 967 449 1035 oderint
476 967 630 1036 hostem
653 1005 693 1018 -
716 971 895 1037 namhoc
917 974 1037 1053 capnt
1065 974 1128 1037 est

53 1098 115 1150 -;
152 1092 238 1152 nos,
268 1077 310 1140 ut
342 1074 515 1140 dicimus
538 1081 608 1152 (sor.
631 1095 700 1142 cum
732 1077 863 1143 Grutero
895 1075 1126 1154 didicimus)

53 1199 296 1264 semperque
329 1180 519 1257 fecimus,
552 1182 685 1247 urbem
720 1184 759 1247 et
791 1201 853 1248 res
885 1183 1058 1248 urbanas
1086 1227 1126 1244 ..

53 1287 277 1352 tuebimur.
321 1287 468 1364 Verbum,
493 1286 574 1369 qnod
596 1289 645 1353 est
666 1287 844 1366 oderint,
867 1289 980 1355 frustra
995 1288 1128 1354 Orellins

53 1394 140 1459 tueri
164 1399 295 1458 conatus
317 1397 365 1458 est
387 1412 424 1458 ea
444 1392 622 1474 supplendo,
646 1411 715 1475 qnae
736 1395 768 1458 in
793 1395 893 1460 verbis
915 1413 972 1461 nec
986 1414 1128 1478 expresse

54 1503 133 1565 sunt
157 1518 212 1564 nec
233 1500 454 1583 significantur·
499 1498 543 1562 lix
564 1499 632 1580 ipso
655 1498 717 1577 illo,
740 1499 823 1583 quod
845 1500 1009 1566 subiicitur
1030 1507 1127 1577 (nam

55 1607 132 1671 boc
161 1611 282 1688 caput
311 1609 395 1681 est),
424 1607 561 1686 apparet
585 1606 672 1670 cuins
694 1607 854 1671 sententis
875 1608 1004 1673 verbnm
1026 1608 1129 1690 requi-

56 1717 156 1777 ratur.
200 1710 365 1777 Geminata
387 1713 524 1775 extrema
548 1712 749 1793 praeoedenlis
770 1713 912 1778 vocabuli
926 1713 1033 1778 littera
1047 1712 1128 1776 offici

57 1816 201 1884 videtur:
223 1818 379 1902 superent
400 1805 609 1893 h‘ostemst)

161 1935 238 2002 Ibid.
261 1934 350 2010 ΧΙΙΙ,
373 1934 430 1998 36;
460 1933 653 1999 Difficile
683 1937 745 1999 est
765 1935 930 2000 credere
952 1952 1034 2010 eos,
1057 1935 1127 2017 qui

57 2061 118 2106 me
137 2041 388 2122 praecipitem
412 2040 573 2123 egerint
595 2040 848 2122 aequissimas
878 2037 1128 2107 condiciones

57 2147 257 2211 ferentem
280 2191 413 2207 .....
421 2193 429 2224 ,
457 2149 601 2226 potare
632 2145 792 2228 aliquid
825 2145 1030 2210 moderate
1061 2151 1130 2210 ant

57 2253 231 2317 humane
263 2269 351 2316 esse
382 2251 571 2319 facturos.
627 2252 778 2330 Manutio
811 2253 863 2335 qni
886 2254 968 2316 recte
990 2255 1129 2316 senserat

58 2359 173 2423 vitiose
188 2376 366 2423 concurrere
387 2358 477 2423 cred
488 2377 552 2423 ere
568 2406 575 2421 .
593 2405 600 2421 .
616 2362 777 2440 putare,
801 2356 964 2440 opponitur
978 2357 1129 2423 Prisciani

57 2466 236 2543 auctoritas,
259 2465 313 2549 qni
336 2484 372 2528 ex
392 2464 450 2529 hoc
471 2464 542 2530 loco
563 2465 680 2546 profert
701 2467 846 2548 putare
869 2510 876 2525 .
903 2509 910 2525 .
933 2462 1128 2528 facturos.

57 2569 215 2636 Videlicet
244 2571 403 2635 Manutius
433 2590 493 2634 non
523 2573 667 2654 putare
695 2571 803 2635 tollere
826 2569 943 2644 debuit,
966 2569 1020 2634 sed
1043 2589 1130 2634 cre-

54 2679 167 2754 dere,
192 2677 271 2759 qnod
293 2676 438 2741 librarius
459 2676 499 2741 ad
523 2677 707 2741 difficile
730 2680 791 2740 est
813 2675 942 2751 addidit,
965 2694 1034 2740 cum
1051 2694 1127 2741 non·

54 2785 133 2848 dnm
154 2782 424 2848 animadvertisset
445 2783 533 2866 sequi
554 2785 708 2865 putare.
762 2780 860 2866 [Hanc
881 2780 1126 2846 emendationem

53 2910 119 2956 non
152 2889 343 2954 attenderem
381 2889 444 2953 iam
481 2907 551 2953 cum
585 2888 710 2952 Halmio
747 2886 1004 2951 communicatam
1043 2891 1075 2950 et
1107 2906 1127 2952 a

53 2995 196 3078 Kaysero
219 2997 374 3076 receptum
396 2993 539 3079 esse.l**)

500 3243 587 3326 cap.
612 3244 682 3309 111.
790 3252 794 3260 ·

448 3409 588 3465 Ciceronis
607 3409 740 3479 epistolae.

162 3560 296 3648 Epistol.
331 3561 374 3627 ad
406 3562 507 3629 famil.
540 3562 566 3639 Ι,
598 3563 628 3640 9,
665 3563 716 3626 10:
756 3563 844 3628 Haec
876 3583 960 3628 cum
991 3564 1037 3629 ad
1070 3582 1145 3657 me¹

53 3672 190 3736 frater
214 3668 479 3751 pertulisset,
502 3670 646 3732 etcum
673 3674 805 3733 tamen
836 3670 1050 3753 Pompeius
1079 3669 1126 3734 ad

18 3811 20 3843 ;
54 3795 115 3842 me
139 3794 223 3840 cum
252 3774 455 3839 mendatis
484 3771 713 3838 Vibullium
738 3773 925 3840 misisset
946 3785 1005 3842 cet.
1050 3775 1128 3840 Sen-

112 4028 138 4095 *i
158 4030 174 4099 ἓ
191 4028 235 4096 23,
253 4028 300 4083 nbi
318 4029 458 4084 scribitur:
478 4047 551 4085 num
569 4032 706 4088 aberret
724 4046 741 4085 a
759 4031 957 4087 coniectura
975 4031 1126 4101 suspicio

159 4121 304 4192 periculi
331 4125 407 4191 mei,
435 4123 552 4179 delenda
579 4132 621 4180 est
647 4124 815 4195 praepositio.
862 4124 914 4193 Qui
942 4124 1127 4180 coniecturam

159 4212 236 4280 iacit,
254 4221 285 4268 ut
303 4216 355 4271 boc
373 4216 435 4271 loco
454 4217 616 4287 euspicio,
634 4234 690 4273 non
708 4217 819 4272 aberret
837 4217 1032 4285 econiectura,
1045 4232 1127 4286 qnam

160 4305 236 4374 iacit,
254 4307 303 4362 sed
322 4309 480 4364 coniectura
498 4309 698 4378 (coniectando)
720 4310 830 4366 oberrat
848 4310 1029 4377 (aventato).

92 4401 138 4468 **)
156 4401 231 4469 xlv,
257 4400 292 4454 13
318 4402 441 4471 proxime
466 4402 527 4459 cod.
554 4408 567 4458 t
593 4401 779 4459 scribendum:
815 4403 960 4476 impetus
986 4405 1126 4459 crimen·

162 4497 283 4563 <qnc>
304 4497 493 4562 queretur?
