2678 5016
236 257 296 326 Μ
459 265 482 302 a
579 250 856 322 mmmm

193 462 280 528 terea
298 459 332 524 iu
353 455 441 519 uada
458 450 597 531 subesse,
619 453 643 518 a‘
659 465 719 534 quo
736 448 886 515 'infinitivi
910 448 1004 533 (stare
1024 448 1148 535 tollique
1168 449 1261 513 eido·

194 566 265 645 sim)
286 562 451 647 pendeant,
473 567 548 636 uvel,
569 559 607 626 A.
620 555 767 623 Schottus
792 553 880 620 vidit
923 554 1025 620 Unum
1044 558 1152 635 restat
1175 556 1259 639 qued

194 669 363 735 orationem
397 668 429 732 e't
449 661 636 728 senteutiam
662 660 782 763 turpet,
814 681 899 744 opas,
933 659 1015 743 quod
1047 662 1091 727 eie
1111 679 1259 729 amusan

195 773 356 842 mm:
933 833 936 839 ,

753 870 1057 944 emwwm

327 984 364 1046 ut
383 994 538 1063 superum,
562 979 606 1043 sie
627 986 707 1039 stare
731 974 796 1039 dieo
816 976 944 1061 tollique
965 977 1103 1042 maieeim

328 1088 439 1169 ponam
460 1092 535 1148 uvat.

249 1199 253 1206 ’
294 1189 361 1255 lbd.
384 1189 454 1265 755,
478 1187 539 1250 756
559 1186 609 1261 (de
631 1185 779 1251 Thessala
801 1206 888 1253 saera
908 1189 1030 1273 magica
1050 1188 1218 1268 faciente):

322 1295 489 1378 flagrantes
511 1311 580 1358 atae
603 1293 783 1376 uestemque
804 1309 974 1377 nemusque
995 1295 1137 1360 sacerdos

319 1399 499 1483 mammet

295 1506 365 1571 Iure
394 1505 559 1571 offenditur
590 1505 622 1570 in
649 1504 782 1570 nemoris
812 1504 958 1582 nemiuea
987 1504 1055 1597 aad
1071 1505 1153 1589 quod
1187 1507 1265 1589 apte

138 1688 150 1709 v
196 1629 265 1676 eum
288 1613 374 1676 veste
396 1611 638 1694 coniungantur,
670 1609 806 1675 noudum
838 1611 996 1692 repertum
1028 1612 1093 1688 est;
1126 1629 1201 1676 uam
1222 1630 1265 1677 ne

126 1707 131 1718 ”
190 1736 285 1800 pecus
306 1715 428 1799 quidem
452 1717 560 1798 aptum
584 1716 632 1780 est
652 1733 750 1798 usqua
772 1714 817 1780 sie
838 1713 919 1778 uude
940 1714 1061 1780 dieitur.
1110 1716 1262 1784 Posuerat

196 1824 303 1904 mm

594 1999 598 2008 ,
697 1925 876 2008 vestemque
893 1943 1062 2008 penusque.

296 2029 362 2095 lbd.
385 2020 445 2092 821
469 2049 536 2114 sqq.
561 2029 611 2110 (de
633 2030 745 2097 AEsone
773 2033 805 2096 et
830 2029 991 2095 Alcimede
1022 2030 1133 2097 hausto
1169 2050 1266 2098 vene-

197 2137 268 2201 nate
290 2136 401 2218 pesulo
423 2135 660 2220 morientibuslz

338 2241 375 2304 lu
396 2240 501 2306 media
520 2242 584 2307 iam
606 2243 703 2308 morte
725 2259 813 2308 aenea
837 2241 1024 2324 suffectaque
1045 2242 1109 2307 leto

338 2346 458 2412 lumina
479 2349 512 2414 et
531 2348 661 2413 undanti
681 2348 874 2412 revomentes
896 2348 982 2413 veste
1001 2364 1139 2412 eruerem

340 2452 538 2535 mfflmt
1140 2532 1142 2536 v

197 2557 240 2623 Ut
269 2577 419 2621 revomere
444 2569 521 2622 vesle
554 2578 691 2623 morem
723 2556 843 2622 dicatur
872 2557 919 2622 de·
945 2558 1031 2622 vaste
1062 2557 1178 2624 erueris
1210 2578 1267 2626 ve-

113 2662 1264 2748 'mMmmmmmMmmmmwfflmm

196 2768 283 2845 fere),
304 2767 501 2852 ineptissima
522 2771 627 2837 tamen
647 2768 713 2836 eius
734 2767 779 2834 rei
800 2768 859 2834 hee
879 2769 945 2836 loeo
967 2769 1083 2835 mentio
1105 2772 1169 2849 est,
1207 2772 1268 2837 ne-'

196 2873 273 2938 dum
294 2872 439 2942 undantis
463 2876 567 2942 vestis.
611 2875 765 2957 Scriptum
787 2874 902 2939 fuerat:

398 2982 431 3046 et
450 2979 579 3045 undanti
602 2981 796 3046 revomentes
813 2988 899 3064 peste
919 2998 1066 3047 eruerem.

196 3083 343 3151 Uudabat
363 3088 396 3152 et
416 3085 569 3151 aeetuabat
589 3086 686 3170 pestis
707 3085 829 3151 hausta.

295 3190 362 3256 Lib.
384 3190 425 3266 11,
449 3189 510 3254 72:

350 3296 478 3379 Iamque
500 3297 556 3362 sub
577 3297 648 3363 Ilua
671 3295 780 3362 dubios
801 3295 972 3361 Atlantidis
992 3296 1083 3380 ignee

351 3398 538 3485 me

295 3505 417 3570 Aurora
447 3525 598 3589 nusquam
618 3507 756 3573 Atlantis
787 3507 960 3590 appellatur
981 3523 1038 3573 nee
1058 3506 1125 3572 ulla
1148 3524 1268 3591 dogna-

198 3608 282 3673 tioue
307 3595 376 3673 uum
397 3610 526 3676 Atlante
548 3614 751 3699 coniungitur.
812 3611 850 3675 lu
885 3612 997 3704 codice.
1010 3612 1161 3677 Vaticano
1183 3612 1267 3677 seri·

193 3713 278 3778 bitur
309 3711 488 3796 altantidis,
526 3737 562 3784 ex
598 3737 657 3802 que
693 3716 785 3782 laeile
817 3717 932 3782 eruitur
967 3709 1166 3798 Pallantide,
1203 3736 1269 3802 que

195 3818 318 3884 nemius
345 3821 392 3898 (et
422 3820 642 3905 Pallantiadd)
675 3822 819 3889 Ovidium
852 3821 1015 3907 aliquoties
1053 3824 1144 3892 deam
1172 3824 1266 3891 illam

194 3923 367 4006 appellasse
389 3929 498 3992 notum
520 3931 577 3995 set
