2678 5016
527 662 639 718 Statius.
1015 666 1075 728 155

43 857 74 921 id
94 860 156 934 est,
179 876 196 924 e
219 859 325 943 capulo
346 859 488 937 educere,
511 861 543 925 et
564 859 659 924 Theb.
681 861 752 935 VII,
773 860 834 925 353
861 863 935 945 deus
957 863 1116 945 pharetras

45 964 157 1040 laxare,
179 963 239 1028 hec
260 965 317 1037 est
340 964 475 1041 efficere,
496 968 532 1030 ut
552 966 654 1031 minue
676 966 800 1051 sagittis
821 969 943 1051 stipatae
965 970 1073 1046 sint.¹)

148 1069 218 1134 lbd.
241 1069 319 1134 559:
830 1061 836 1070 ’

182 1174 296 1241 Sarum
317 1176 436 1260 ingene,
460 1179 540 1260 qued
562 1179 611 1244 rix
633 1179 725 1260 plena
747 1178 865 1243 ceruice
889 1177 1050 1262 gementes

182 1283 302 1346 vertere
317 1282 417 1346 ‘humo
440 1282 595 1366 murisque
620 1284 725 1348 ualent
745 1283 856 1349 inferre
878 1285 1008 1350 iuvenci.
1109 1309 1111 1311 ·

145 1384 380 1452 nihilomnino
402 1387 528 1453 adrem
551 1389 683 1471 pertinet
706 1389 796 1470 plena
819 1391 934 1465 carvin
971 1410 1113 1456 necessa-

53 1492 111 1555 rius
144 1493 194 1556 est
226 1491 423 1558 iuvencorum
461 1512 623 1570 uumerus,
661 1493 939 1576 certissimumque,
976 1495 1110 1561 Statium

59 1598 232 1682 scripsisset

346 1723 349 1728 ·
448 1702 527 1785 qued
549 1702 598 1767 vix
620 1704 697 1766 dena
719 1704 837 1769 cervice
857 1706 1015 1789 gementes

147 1807 210 1872 Otr.
238 1808 321 1891 (post
350 1808 464 1892 Vergil.
493 1808 563 1874 AEn.
596 1808 632 1883 V,
669 1809 730 1872 120
765 1811 797 1874 et
824 1809 864 1885 X,
900 1809 973 1888 207)
1000 1831 1115 1874 novena

59 1913 197 1997 tampade
218 1912 285 1977 silv.
301 1913 325 1986 I,
339 1913 368 1987 2,
381 1913 412 1985 4,
423 1922 540 1996 ecpteno
554 1915 675 1998 caryite
696 1915 808 1980 Lucan.
825 1916 913 1994 Vlli,
936 1916 1007 1990 445,
1031 1927 1116 1978 terrea

58 2022 164 2080 certate
184 2017 240 2083 Sil.
265 2018 335 2082 Ital.
357 2018 387 2094 I,
418 2018 478 2082 279
501 2018 569 2102 (XI,
592 2019 675 2097 490),
709 2030 828 2083 centeno
851 2020 969 2083 consule
980 2021 1116 2087 Martial.

56 2120 139 2198 VIII,
162 2125 215 2198 45,
236 2124 266 2187 4.

151 2228 410 2312 1bd.604sqq.:

94 2335 213 2417 spicula
234 2334 391 2407 divellens,
415 2334 513 2417 clipeo
537 2355 604 2419 quae
626 2335 759 2419 plurima
780 2339 845 2401 tete

95 2440 153 2504 fixa
174 2442 313 2505 tremunt
334 2441 516 2524 armantque
538 2440 650 2517 uirum,
673 2460 755 2524 saepe
776 2460 885 2524 aspera
906 2462 1030 2525 passum

95 2545 230 2621 urlnera,
255 2544 309 2611 sed
331 2544 451 2609 nullum
474 2546 544 2610 ritae
565 2546 597 2610 in
619 2548 736 2612 secreta
757 2550 924 2630 receptum,

94 2671 148 2716 nee
169 2653 302 2715 mortem
324 2664 447 2732 sperare
469 2651 561 2717 valet.

152 2756 301 2821 Perverse
332 2756 371 2821 de
392 2755 508 2839 Tydeo,
542 2758 592 2841 qui
628 2762 775 2824 acerrime
804 2759 899 2823 vitam
921 2758 1116 2837 defendebat,

61 2862 200 2945 tauquam
232 2860 270 2926 de
304 2865 403 2946 perire
435 2862 570 2928 studenti
600 2863 727 2928 dicitur:
761 2883 816 2926 nec
847 2872 973 2926 mortem
994 2883 1117 2946 sperare

60 2966 138 3045 aciei,
161 2987 200 3033 ne
223 2968 296 3050 quid
317 2968 418 3034 dicam
441 2969 478 3032 de
500 2969 722 3034 sententiarum
746 2973 778 3034 et
801 2972 959 3043 verborum
975 2967 1117 3034 iunctura

59 3072 126 3148 (ata
147 3083 273 3135 armant
298 3074 409 3156 viriam,
438 3073 564 3137 earnem
580 3096 719 3159 passum,
740 3074 793 3135 aed
812 3072 931 3136 nullum
952 3074 984 3135 in
1007 3084 1118 3137 secrete

60 3176 116 3240 ntoe
132 3188 296 3262 receptam,
318 3202 373 3243 aee
473 3179 576 3262 aaut).
620 3178 819 3245 Scribendum
843 3183 906 3245 est:

379 3287 434 3352 sed
455 3287 573 3350 nullum
595 3286 666 3350 vita
688 3286 718 3350 in
741 3289 861 3351 secreta
881 3286 1038 3368 receptum

184 3406 243 3453 uec
269 3392 404 3454 inertem
426 3407 548 3473 sperare
567 3388 681 3455 vale-ae.
767 3442 769 3448 .

149 3493 282 3560 Prorsus
305 3493 445 3561 Statiano
474 3495 614 3560 acumine
638 3499 670 3561 et
692 3494 800 3560 audaci
823 3494 1024 3561 translatione
1046 3496 1113 3560 uui-

12 3681 14 3684 Α
58 3615 105 3665 nus
125 3600 231 3683 ipsum
256 3602 386 3666 mertem
408 3600 559 3666 vulnerati
592 3620 702 3684 cupere
725 3620 761 3666 ac
785 3601 864 3666 velle
885 3602 1022 3686 fingitur,
1045 3603 1114 3667 vul·

57 3722 166 3788 rusque
192 3723 252 3769 uon
274 3706 469 3772 mortiterum
492 3707 621 3771 mertem
651 3725 773 3789 sperare
801 3726 861 3771 nou
882 3726 972 3789 posse
994 3707 1117 3772 dieitur.

0 3811 3 3853 t
58 3806 97 3875 de
118 3828 232 3893 genere
254 3810 312 3875 hoc
332 3811 567 3876 translationum
601 3813 679 3896 apud
702 3811 837 3878 Statium
869 3811 945 3878 dixit
983 3813 1117 3878 breviter

58 3911 220 3980 tacueras
247 3916 287 3981 ad
308 3917 402 3982 Theb.
427 3915 462 3991 V,
497 3917 558 3980 160
591 3918 662 3994 (etsi
696 3918 733 3983 de
768 3917 821 3983 illo
848 3917 918 3983 leco
939 3917 1117 3995 dissentio),

10 4023 11 4027 ’
60 4022 182 4104 suntque
207 4022 346 4105 exempla
365 4022 545 4106 frequentia.
574 4022 711 4100 (Paeane,
734 4021 814 4105 qued
835 4023 867 4086 in
890 4042 917 4086 v.
939 4021 999 4084 605
1016 4023 1120 4088 Muel-

61 4122 135 4190 leme
156 4126 283 4208 recepit,
306 4126 427 4192 defendi
448 4129 534 4194 nulla
555 4130 621 4194 arte
644 4130 769 4211 petest.)

64 4275 252 4288 *—

89 4372 109 4436 ¹)
125 4373 199 4439 Quod
217 4391 241 4430 r.
260 4376 312 4432 546
331 4376 478 4431 necessarie
495 4377 596 4446 requiri
619 4376 781 4432 credideram
807 4387 923 4445 paeane,
939 4376 1017 4431 video
1045 4378 1119 4447 apud

130 4464 284 4522 Muellerum
302 4467 392 4523 afferri
411 4485 425 4523 e
446 4468 518 4536 ,ced
537 4475 694 4540 anonymd‘.
837 4465 840 4480 '
