2580 5054
133 270 138 279 ·
211 278 252 340 20
592 273 649 327 arn.
668 273 690 328 1.
711 274 777 342 rap.
796 273 820 327 1.

170 471 343 557 corrigendi
367 472 599 554 accuratiusque
622 469 811 548 declarandi,
834 489 904 554 quae
928 476 978 536 est
996 471 1028 533 in
1045 471 1131 535 serbo
1144 470 1210 553 λὲμ,

170 578 247 644 nihil
270 578 397 643 omuino
420 578 542 656 habere,
565 595 625 659 quo
648 574 806 649 referatur,
835 594 892 641 uec
922 575 996 641 ferri
1029 594 1123 657 posse.
1160 573 1213 638 Per·

169 676 312 767 spicuam
331 687 437 749 antem
460 685 509 748 est
530 701 598 774 nou·
619 681 703 747 idern
725 682 833 764 repeti,
862 683 945 765 quod
971 682 1037 747 iarn
1060 683 1162 747 &one
1178 699 1212 744 n-

171 791 292 867 fumuit,
327 791 365 855 de
399 792 471 856 lone
504 786 642 873 Apollini
675 789 862 861 consecrato,
895 787 952 852 sed
975 787 1095 870 aliquid
1114 787 1173 852 nori
1188 788 1213 849 ab

171 897 244 962 Ione
267 895 387 974 subiici,
421 896 504 979 quod
537 914 570 959 se
603 892 785 958 inuiolatum
815 911 883 959 essa
906 893 1054 960 debuisse
1075 894 1131 958 alio
1148 891 1214 957 modo
1243 955 1244 958 ,

171 1004 369 1077 demonstrat,
404 1001 486 1084 quod
519 999 632 1066 deinde
664 1000 800 1083 proximo
832 1017 925 1064 versu
948 1017 968 1064 a
989 1000 1115 1079 Creusa,
1135 1017 1214 1084 quen

171 1106 337 1171 admodum
360 1108 499 1191 superius
522 1107 607 1179 illud,
630 1107 778 1170 refutetur
794 1106 824 1168 et
839 1104 1057 1189 redarguatur.
1092 1106 1124 1171 ld
1140 1106 1216 1170 buius·

172 1211 254 1286 modi
276 1212 372 1276 fnisse
393 1231 485 1295 prope
508 1215 624 1278 certum
648 1214 710 1276 ast:

270 1341 341 1406 Ill.
364 1334 438 1405 αλλ’
461 1335 691 1426 ἐγενόμεσθα,
714 1334 844 1423 πατρός
866 1345 882 1404 ἐ
891 1367 909 1405 ν
932 1334 1048 1426 ου’σία,
1074 1337 1156 1406 νεώ.

273 1448 348 1512 ΚΡ.
372 1442 497 1512 concon
519 1443 587 1513 τόν
610 1440 716 1532 ἦσθα.
742 1449 805 1512 νὺν
821 1438 850 1511 δ’
873 1441 946 1532 ἐγώ,
972 1442 1015 1512 or)
1043 1440 1173 1513 d'orirrr'a’
1190 1444 1218 1509 α’.

173 1575 226 1639 lon
249 1594 292 1651 se,
324 1576 448 1642 etiamsi
480 1578 512 1640 in
545 1577 642 1658 patris
664 1577 820 1659 potestate
841 1577 934 1658 atque
958 1595 990 1641 re
1014 1578 1118 1648 fuerit
1138 1580 1220 1642 tanen

172 1681 210 1744 ad
223 1681 377 1764 templum
390 1684 571 1766 pertinuisse
583 1683 732 1759 affirmat;
749 1682 913 1763 respondet
924 1682 1051 1759 Creusa,
1068 1683 1100 1748 id
1116 1681 1221 1748 mmdiu

173 1786 315 1865 valuisse,
339 1808 432 1871 qoam
466 1808 573 1871 reapse
606 1786 714 1871 templi
747 1789 889 1854 minister
922 1787 1034 1864 luerit;
1073 1809 1151 1855 nuno
1179 1805 1222 1851 non

174 1890 264 1956 illum
287 1895 398 1976 templi
420 1914 496 1972 esse,
520 1896 573 1961 sed
595 1915 628 1960 se
650 1897 808 1978 (quoniam
832 1914 924 1977 supra
945 1912 980 1958 se
1003 1896 1074 1975 ipsa
1095 1895 1148 1960 deo
1167 1911 1223 1958 oon·

173 2000 315 2072 sacrarit,
337 2001 374 2065 cl.
401 2021 429 2068 v.
455 2002 533 2064 1275
558 2003 808 2085 et1283sqq.).

329 2141 405 2204 1426
428 2161 510 2224 sqq.:

274 2247 347 2314 lul.
371 2255 463 2314 ἔστιν
477 2273 509 2313 ar
526 2243 612 2334 πρός
627 2241 714 2335 τῷδ’,
729 2243 751 2334 ἧ
767 2242 862 2334 μόνῳ
878 2243 954 2335 τῷδ’
971 2243 1143 2336 εὐτυχεῑςς

274 2352 353 2419 ΚΡ.
377 2348 542 2439 δράκοντα
568 2357 805 2442 μαρμαίροντα
829 2347 1014 2443 παγχρύσῳ
1038 2363 1144 2444 γένυι.

272 2460 343 2526 ΙΩ.
368 2455 495 2546 δώρημ’
530 2454 709 2538 Ἀθάνας,
746 2458 769 2548 ἢ
804 2462 905 2542 (codd.
942 2456 978 2545 ἢ)
1018 2458 1108 2530 τέκν’
1139 2459 1228 2545 ἐναρέ-

991 2594 1073 2653 φειν
1096 2573 1197 2656 λέγω

171 2668 291 2735 Omitto
325 2672 476 2747 refellere,
509 2693 578 2756 quae
611 2676 780 2760 excogitata
802 2676 875 2740 sunt
902 2677 956 2740 aut
985 2678 1026 2741 ad
1056 2678 1230 2742 structuram

171 2777 317 2841 orationis
341 2777 564 2860 expediendam
594 2782 649 2845 aut
678 2780 717 2845 ad
738 2801 802 2846 rem
825 2782 1040 2847 declarandam
1066 2784 1107 2847 de
1128 2779 1231 2847 sancitu
1275 2806 1276 2809 ¹

170 2899 190 2943 a
211 2881 350 2948 Minerua
373 2884 441 2969 lege
474 2885 605 2952 infantes
636 2885 809 2953 huiusmodi
831 2891 1009 2970 serpentum
1034 2885 1253 2972 imagunculis'

171 2990 345 3068 exornandi,
372 3010 442 3074 quae
465 2993 533 3073 ipsa
555 2996 631 3058 satis
653 2994 728 3059 dure
750 2994 927 3078 exprimitur
944 2993 1048 3059 verbis
1071 2999 1234 3082 ἐντρέφειν

169 3095 282 3167 τέκνα,
300 3097 413 3163 omisso
428 3095 602 3180 praesertim'
616 3100 719 3165 dativo
734 3103 1040 3188 (conpiscentiam
1057 3099 1235 3185 δράκαιναν).

169 3197 253 3262 lllud
286 3220 382 3266 unum
416 3203 504 3276 addo,
538 3206 605 3270 loni
634 3208 868 3272 Atheniensium
897 3208 1119 3273 institutorum
1142 3209 1236 3294 ignaro

168 3303 345 3372 huiuamodi
379 3308 456 3394 logis
488 3313 519 3376 in
551 3317 687 3378 mentem
720 3315 824 3379 venire
857 3333 916 3379 non
949 3315 1112 3398 potuissa;
1143 3317 1237 3382 contu

167 3410 281 3476 iniecta
303 3417 459 3482 mentione
474 3418 578 3500 operis
593 3418 758 3485 artificiose
774 3421 921 3486 elaborati
937 3419 1028 3485 facile
1046 3421 1238 3488 oboriebatur

168 3517 315 3599 cogitatio
339 3520 405 3584 deae
427 3522 541 3587 artium
563 3524 740 3589 inventricis
763 3528 794 3590 et
822 3526 971 3609 prasidis.
1034 3526 1150 3611 ltaque
1171 3528 1238 3595 sori-

167 3621 301 3687 bendum
324 3627 478 3708 suspicor:

251 3724 380 3816 δώρημ’
402 3727 575 3812 Ἀθάνας,
598 3730 623 3820 ἢ
643 3739 796 3822 τέχνην
818 3739 979 3823 τρέφει,
1004 3740 1174 3828 λέγεισς

320 3872 417 3940 1481;

266 3978 384 4064 λέγεις,
408 3982 515 4068 λέγεις
535 4009 595 4069 μοι
619 3975 714 4050 δόλια
739 3976 800 4050 κου’
824 3984 915 4068 σαφῆ
939 3978 1033 4052 τάδε.

164 4080 248 4147 Nihil
287 4083 352 4148 doli
391 4088 537 4155 odoratur
570 4091 623 4154 lon
660 4089 751 4173 plane
779 4093 841 4157 iam
869 4091 962 4158 matri
990 4095 1178 4166 conciliatus
1211 4100 1242 4164 et
