2662 5062
253 287 318 351 450
612 282 889 354 mauruntum.

211 489 293 571 1n§
323 485 381 562 28,
412 485 465 550 nbi
498 483 646 567 Diogenis
677 481 882 565 Aposseniatae
918 483 1076 549 sententia
1112 484 1275 567 exponitur,

214 595 310 660 etiam
332 592 392 657 alia
415 591 447 654 in
470 588 625 654 sententia
656 591 689 653 et
719 588 882 653 verberum
906 588 1050 654 iunctura
1072 591 1192 656 uitiatae
1213 610 1274 655 cra·

214 699 308 764 tuuis
330 696 444 762 indicia
465 698 554 771 snut,
584 678 646 780 scd
675 704 770 759 unum
802 694 1028 768 certissimum,
1058 696 1141 779 qued
1163 698 1273 762 editur:

213 824 303 887 erge
325 803 383 868 sel
414 800 533 866 undas
565 800 707 873 trabit,
736 819 797 865 nou
824 800 922 867 selum
945 806 1054 867 centra
1074 803 1207 878 cedices,
1228 803 1274 887 qui

214 914 259 989 (et
279 911 304 975 E
331 911 363 973 et
384 905 491 988 ceteri)
524 909 622 969 uude
644 906 775 986 babent,
794 906 860 971 ‘scd
883 909 1079 994 centrarem
1102 909 1137 972 et
1157 911 1274 974 senteu-

214 1016 308 1089 tiam;
344 1032 416 1077 nam
441 1013 600 1076 bnmcrem
623 1013 655 1074 et
675 1030 786 1094 aquam
809 1012 854 1078 sel
881 1013 986 1088 trabit,
1018 1015 1118 1079 undas
1152 1034 1222 1079 eum
1243 1033 1275 1079 er

214 1124 296 1187 terra
327 1120 449 1185 trabere
482 1134 571 1181 nemu
598 1134 733 1198 unquam
761 1116 846 1183 dixit.
894 1118 930 1182 ln
961 1137 994 1182 re
1021 1119 1142 1186 incerta
1167 1140 1274 1204 penam

214 1228 399 1311 scripturam
422 1222 632 1296 verisimilem,
662 1239 721 1284 nen
743 1241 835 1304 quam
857 1226 1018 1305 praestem:
1048 1228 1086 1290 et
1108 1227 1214 1292 sicca
1235 1226 1275 1291 ab

213 1331 385 1398 humidis
407 1330 578 1404 sumunt;
601 1326 775 1410 alioquin
791 1327 1017 1407 (ceddetedd.
1040 1330 1274 1414 aliquando),

213 1438 288 1502 nisi
310 1434 460 1517 aliquid
482 1437 521 1511 (P)
542 1437 647 1499 terra
667 1432 880 1517 acciperet,
903 1435 1146 1507 exaruisset„
1183 1437 1275 1521 Ergo

213 1543 270 1609 sel
286 1540 382 1606 unde
398 1540 540 1605 trabit?
561 1537 711 1601 scilicet
731 1557 772 1603 er
786 1540 856 1617 his,
877 1559 955 1623 quae
970 1542 1276 1625 premittnelpre·

213 1649 384 1725 munbur)
406 1646 580 1720 marime3
602 1645 678 1709 baec
700 1645 1023 1712 meridianasunt.
1058 1647 1179 1713 Terra
1200 1667 1276 1712 cum

214 1753 382 1828 exaruit,
411 1751 498 1833 plus
529 1751 700 1816 humoris
731 1751 776 1815 ad
797 1770 837 1815 se
861 1751 1033 1817 adducit.
1079 1752 1160 1817 Tum
1184 1754 1277 1818 eiecta

213 1850 332 1930 unde,
359 1856 440 1938 quod
469 1860 575 1921 centra
602 1855 721 1921 cedices
743 1857 838 1921 boues
861 1857 908 1932 (ll,
933 1857 1018 1931 Cel,
1051 1858 1077 1920 P
1098 1858 1133 1935 4)
1157 1857 1278 1923 additur

213 1966 285 2049 pest
306 1961 703 2044 septentrionalibus,
731 1962 776 2027 sic
808 1963 967 2027 sententiaa
988 1962 1171 2028 mnmeudae
1192 1966 1277 2029 sunt:

213 2091 254 2148 ex
283 2068 461 2152 partibus
483 2066 681 2141 bibernis,
719 2067 1112 2149 septentrionalibus.
1157 2070 1278 2134 Erun-

214 2177 280 2241 dat
309 2174 353 2239 cb
382 2173 450 2236 bec
477 2174 934 2255 (useptentrienalibns,
971 2175 1069 2240 unde
1102 2174 1278 2240 exundat

213 2282 267 2348 Ob
289 2281 373 2352 hec,
403 2277 455 2341 ubi
485 2275 600 2341 frustra
627 2297 756 2360 quaeras,
786 2281 864 2363 quid
895 2279 1038 2356 exundet)
1072 2281 1216 2348 Pontus
1242 2283 1277 2346 in

212 2387 403 2453 infernum
424 2401 526 2447 mare
549 2382 704 2450 assidue
737 2394 770 2447 et
794 2385 889 2451 fluit
911 2396 953 2459 (v.
977 2386 1147 2451 assidue
1169 2388 1279 2466 fluit)

212 2491 382 2575 rapidus.
416 2487 535 2552 Deinde
558 2506 594 2552 ex
615 2489 640 2553 ll
663 2489 779 2569 (Quod
803 2493 881 2558 nisi
908 2491 1004 2556 facit
1031 2493 1091 2557 his
1118 2492 1280 2557 itineri·

212 2601 291 2688 bus)
329 2595 476 2660 efficiturr
521 2592 735 2672 Quodnisi
773 2597 902 2682 facile
947 2598 1006 2661 his
1052 2596 1279 2673 itineribus,

213 2703 309 2788 qued
331 2700 471 2783 cuique
494 2698 618 2776 deest,
648 2701 872 2768 redderetur
899 2751 966 2778 ...,
988 2703 1063 2766 iam
1086 2706 1155 2767 ant
1177 2704 1280 2769 sicca

214 2811 349 2875 essent
395 2805 522 2872 omnia
561 2809 626 2871 aut
672 2807 894 2874 inundata*
930 2806 1005 2883 (Alii
1034 2807 1156 2873 codices
1189 2828 1282 2892 prava

214 2912 402 2981 comestione
423 2912 588 2988 faceret,
624 2912 678 2977 sed
699 2913 757 2977 bis
778 2912 862 2977 itin.
907 2912 1046 2977 llditeres
1067 2913 1282 2996 interpolando

213 3021 368 3087 fecerunta
391 3017 489 3101 qued
510 3017 586 3082 nisi
607 3018 727 3083 fieret
747 3002 885 3105 bisque
907 3018 1144 3098 itineribus.)
1172 3020 1284 3086 Restat

213 3125 360 3193 notabilis
382 3124 413 3187 in
435 3122 456 3207 ξ
478 3122 520 3186 30
542 3122 725 3189 emendatio.
767 3123 849 3188 Nam
873 3142 890 3189 e
912 3122 1025 3188 codicis
1048 3124 1073 3188 Ε
1097 3125 1129 3188 et
1150 3126 1284 3190 aliorum

215 3231 355 3315 vestigiis
392 3230 650 3312 (Interrogare
686 3229 890 3312 Diogenem
922 3231 1018 3294 licet
1048 3231 1157 3313 quasi
1183 3250 1285 3297 ccm-

213 3342 347 3420 pertns
369 3335 521 3400 animus
549 3338 686 3401 cuncta
708 3337 744 3399 et
765 3335 929 3400 inuicem
953 3340 1285 3414 commeant,.nen

214 3442 392 3509 omnibus
419 3440 518 3504 locis
551 3441 688 3505 aestate
710 3440 853 3504 maiora
873 3426 965 3504 suut
985 3441 1163 3518 flumina)
1187 3443 1286 3508 effici-

214 3552 279 3613 tur:
322 3549 517 3628 luterreg.
552 3545 656 3628 Dieg.
693 3546 805 3610 libet:
857 3545 980 3625 Quare
1019 3548 1078 3624 (sic
1106 3547 1170 3612 iam
1199 3549 1288 3630 alii),

214 3655 247 3719 ai
276 3661 438 3737 pertusa
473 3650 547 3712 viis
574 3661 664 3711 nnnc
689 3655 827 3717 cuncta
856 3656 893 3717 et
922 3651 1086 3717 invicem
1122 3670 1289 3718 cemme-

215 3758 297 3831 ant,
340 3758 419 3821 ...l
462 3754 536 3834 (Cir.
567 3755 622 3819 28:
655 3758 856 3839 perforata
887 3756 1016 3821 emnia
1046 3761 1085 3822 et
1116 3748 1290 3825 invicem

214 3863 371 3948 pervia.)
439 3858 526 3925 Com
570 3861 689 3944 syllaba
732 3863 874 3936 accessit,
919 3864 1082 3946 postquam
1128 3867 1290 3947 pertus,

216 3969 355 4034 seiuncta
376 3986 405 4041 a,
427 3965 543 4031 factum
567 3967 623 4031 est.
759 4026 761 4031 .
