2654 5010
462 81 465 91 Ι
524 111 645 166 Tacitus,
1015 111 1074 173 241

48 325 167 374 ususve
189 308 300 374 saltem
323 327 358 373 ex
380 308 497 392 aliqua.
514 310 600 391 parts
631 305 741 372 similis
764 307 936 390 exemplum
958 308 1120 391 reperitur.

46 414 109 479 aut
144 431 338 495 praesumo
370 414 413 478 ut
445 413 650 491 inimicus,
680 416 867 497 omninoque
888 412 1120 478 inimicitiarum

51 518 171 584 mentio
193 518 297 604 inepta
320 521 377 597 est.
401 521 559 604 tamquam
582 522 608 585 si
630 519 767 604 proprias
782 539 818 587 ac
832 520 967 602 privates
983 518 1120 584 Flauiani
1158 506 1161 510 ’

52 623 149 690 duces
171 644 240 690 cum
263 624 391 691 Vibellio
413 624 590 691 inimicitias
605 627 778 693 habuerint.
816 626 936 691 Relicto
950 627 1121 708 zeugmate,

51 749 114 813 quo
129 731 162 795 in
179 731 384 814 superioribus
406 732 553 798 membris
575 751 610 798 ex
631 750 922 815 praesumpsere
943 731 1122 797 obversatur

54 835 230 900 communis
263 838 412 903 scribendi
444 837 626 922 loquendive
659 839 855 924 significatio,
888 857 924 904 ex
952 856 1045 920 pravo
1067 837 1121 904 illo

54 943 97 1006 ut
132 941 294 1009 inimici
334 943 501 1010 eruendum
539 947 595 1024 est,
633 946 714 1030 quod
749 948 782 1011 et
815 945 1021 1028 superioribus
1057 945 1122 1011 illis

53 1048 293 1132 magnifice,
329 1049 528 1128 tidenter,
564 1051 699 1117 securi
734 1051 919 1134 respondeat
954 1054 987 1116 et
1021 1051 1124 1134 ipsum

53 1153 263 1238 praesumendi
291 1156 421 1222 verbum
451 1159 522 1239 apte
550 1157 688 1242 expleat;
724 1156 758 1222 id
786 1155 975 1233 huiusmodi,
1007 1159 1122 1240 opinor.

55 1263 132 1326 erit:
155 1262 192 1325 in
210 1260 428 1328 Vitellium
450 1263 499 1330 uti
513 1261 607 1329 minis
628 1281 929 1345 praesumpsere.
953 1264 1051 1329 Recte
1073 1283 1123 1328 ex·

56 1366 203 1450 primitur
217 1365 345 1434 audacia
356 1370 388 1434 et
399 1372 594 1451 contemptus
605 1386 701 1452 usque
712 1368 751 1435 ad
762 1369 863 1435 minas
874 1369 1124 1454 progrediens.*)

162 1534 239 1599 lbid.
266 1535 325 1601 39:
359 1535 484 1601 Blaso
512 1553 632 1618 super
660 1535 894 1601 claritatem
926 1537 1125 1601 natalium

56 1645 98 1707 et
120 1641 370 1725 elegantiam
391 1659 540 1707 morum
562 1641 661 1706 fidei
685 1642 913 1708 obstinatio
935 1643 1024 1709 suit
1057 1643 1125 1708 Non

56 1749 142 1815 recte
161 1747 231 1827 diei,
249 1746 350 1814 Blaeso
371 1748 466 1815 tuisse
488 1746 727 1813 obstinationem
748 1748 821 1814 fidei
845 1749 897 1826 (de
917 1748 1042 1828 virtute,
1058 1769 1126 1833 quae

55 1855 90 1918 in
114 1853 217 1920 Blaeso
239 1853 354 1933 tuerit),
374 1874 466 1938 supra
481 1856 615 1921 breviter
629 1854 818 1939 significavi3
840 1875 941 1940 neque
955 1857 1058 1940 agitur
1071 1856 1128 1920 boe

57 1963 135 2038 loco,
158 1959 231 2044 quid
253 1963 285 2025 in
308 1960 407 2047 Blaeso
428 1961 528 2039 luerit,
551 1963 617 2039 sed,
639 1967 673 2027 ut
696 1982 712 2027 e
733 1961 881 2044 proximis
902 1964 1040 2046 apparet,
1055 1963 1127 2046 quid

57 2067 89 2132 ei
112 2066 226 2133 exitum
251 2067 367 2150 pararit
388 2072 419 2130 et
437 2067 599 2133 festinarit.
628 2068 847 2134 scribendum:
869 2067 973 2132 fidei
996 2069 1129 2135 obsti·
1228 2071 1230 2073 ’

60 2173 175 2238 natio
197 2172 310 2240 obluit
353 2172 466 2239 Nocuit
488 2173 626 2239 eiusdem
648 2173 761 2239 litterae
784 2175 963 2258 geminatio.

162 2339 240 2406 lbid.
259 2341 315 2405 70:
338 2341 439 2405 Luce
462 2341 588 2422 prima
610 2339 782 2406 Sabinus
800 2386 890 2403 .....
906 2339 1129 2405 Cornelium

60 2445 296 2511 Martialem
321 2466 337 2511 e
362 2445 694 2529 primipilaribus
715 2446 760 2512 ad
782 2445 999 2511 Vitellium
1021 2445 1132 2511 misit

60 2570 147 2618 cum
170 2553 375 2617 mandatis
398 2556 434 2618 et
450 2554 611 2636 questu,
628 2554 725 2636 quod
748 2554 860 2634 pacta
880 2552 1131 2617 turbarentur

62 2658 123 2724 cst.
160 2658 268 2742 Neque
291 2659 401 2725 Latius
420 2658 532 2724 dicitur
554 2658 718 2724 mittere
741 2677 824 2723 eum
848 2659 1133 2741 questumque

63 2766 148 2831 recte
163 2763 209 2831 ita
223 2764 405 2847 copulantur
418 2765 564 2830 mandata
579 2770 611 2830 et
625 2769 765 2848 questus,
778 2766 866 2849 quasi
881 2765 974 2830 etiam
990 2763 1133 2828 mandata

62 2872 103 2937 ad
119 2871 202 2954 pacti
214 2870 423 2936 turbationem
434 2871 616 2952 pertineant.
639 2870 760 2937 Excidit
773 2871 893 2943 lineola.
904 2890 973 2937 cum
985 2871 1133 2952 scriptum

63 2979 270 3043 essetecum
295 2976 498 3043 mendatis
520 2980 559 3041 et
579 2977 744 3062 questum,
774 2978 874 3060 quod
903 2979 1021 3059 pacta
1048 2979 1131 3042 tur·

65 3086 272 3150 barontus.
319 3081 370 3148 Sic
390 3085 471 3149 recte
491 3082 559 3148 duae
581 3084 727 3148 mittendi
749 3102 849 3149 causae
871 3085 1059 3165 separantur.

122 3369 148 3431 *l
170 3370 198 3423 C.
223 3369 257 3424 le
283 3368 363 3425 adde
390 3369 483 3425 dubito
509 3374 618 3424 rectene
648 3367 756 3424 dicatur
782 3369 965 3438 proditionem
990 3368 1024 3422 in
1051 3367 1138 3424 fama

171 3478 241 3531 esse,
269 3467 300 3517 ut
331 3461 500 3531 significetur
527 3461 586 3518 eius
611 3460 711 3516 famam
737 3461 858 3531 evulgari
886 3467 914 3515 et
939 3475 1058 3515 manue.
1107 3461 1139 3514 lu

170 3564 290 3612 mentem
309 3555 449 3610 seuiebat:
475 3554 498 3611 it
515 3554 602 3611 iamd
619 3555 783 3625 proditio,
808 3554 857 3610 sed
875 3569 931 3609 non
949 3551 1056 3607 confido
1074 3568 1137 3607 oon·

170 3650 294 3705 iecturae.
351 3650 379 3704 C.
406 3650 442 3704 20
468 3655 544 3704 recte
571 3648 699 3704 librarius
729 3647 832 3716 aliquis
858 3646 1030 3702 intellexerat
1059 3643 1139 3699 nimis

171 3744 291 3799 breviter
310 3742 363 3797 dici
388 3748 576 3810 ceteraque
601 3741 676 3796 usui
700 3740 792 3796 dativo
816 3739 851 3794 sd
874 3744 988 3794 cetera
1010 3736 1139 3794 adiuncto

172 3835 375 3906 geminatisque
392 3835 493 3891 litteris
511 3833 685 3891 scribendum
704 3849 779 3890 esse:
797 3838 992 3901 ceteraque,
1010 3834 1140 3901 <quae>

172 3930 264 3998 usui,
283 3928 364 3983 modo
383 3944 418 3983 ne
436 3927 549 3984 forent
565 3926 725 3994 addidisset,
744 3942 798 3995 quo
817 3925 885 3980 nihil
903 3941 973 3995 opus
991 3930 1041 3981 est.

906 4041 940 4096 16
