2654 5010
439 667 578 725 &aaronis
596 669 729 739 epistolae.
1014 669 1074 739 &⁹3

50 868 88 948 Q.
111 866 249 932 Ciceroni
281 865 410 965 comites
442 866 475 930 et
506 867 661 933 adiutores
691 865 819 941 dederit,
849 884 918 931 cum
946 865 1116 932 certissime

49 989 160 1039 omnes
181 971 378 1054 respublica
402 972 521 1037 dederit
542 974 634 1056 atque
657 973 695 1038 ab
717 972 776 1037 hoc
797 973 863 1037 toto
877 988 990 1054 genere
1006 971 1117 1036 deiude

50 1081 232 1163 separentur
252 1077 286 1154 ii,
308 1095 384 1162 quoe
406 1078 550 1161 privatim
565 1077 626 1144 eibi
642 1076 776 1157 Quintus
789 1077 992 1142 adiunxerat?
1014 1076 1117 1142 Mani·

50 1184 254 1249 festissimum
278 1187 326 1249 est
344 1183 494 1249 mendum
507 1185 557 1250 bic
572 1184 706 1259 subesse,
722 1183 803 1267 quod
817 1182 989 1249 obscuriore
1003 1182 1118 1249 indicio

50 1290 164 1374 aliquis
187 1289 336 1371 suspicari
356 1292 462 1372 posset
482 1290 533 1356 vel
554 1309 589 1355 er
616 1290 673 1355 boc
694 1308 843 1355 concursu
865 1289 985 1354 insuavi
1007 1307 1117 1371 prouo-

50 1397 171 1462 miuum
194 1396 263 1460 bos
284 1413 350 1461 eos
372 1414 477 1480 quos.
508 1394 613 1462 Cicero
635 1396 815 1478 scripserat:
838 1397 960 1477 atque
981 1394 1120 1461 interest

51 1503 130 1570 boc:
153 1519 235 1580 eos,
257 1521 354 1585 quoe
375 1502 454 1568 tibi
477 1548 604 1566 .....
627 1500 887 1584 respublica,
912 1503 1120 1567 dumtaxat

51 1608 209 1673 finibus
246 1607 299 1672 iis
336 1607 572 1690 praestabis,
610 1627 705 1692 quos
741 1609 834 1672 aute
870 1606 1119 1689 prescripsi;

52 1732 152 1797 quos
174 1731 266 1778 vero
289 1713 358 1778 aut
380 1732 422 1778 ex
445 1714 686 1781 domesticis
704 1712 1032 1779 convictionibus
1053 1719 1121 1779 aut

52 1841 97 1888 ex
129 1819 376 1893 necessariis
408 1819 739 1903 apparitionibus
773 1821 901 1883 tecum
934 1837 1021 1884 esse
1052 1839 1120 1885 vo·

52 1927 176 1993 luisti
199 1970 297 2001 ....,
321 1925 457 1991 borum
480 1943 552 1991 non
577 1925 689 1990 modo
712 1923 894 1990 iactaoet
931 1923 1120 1991 Sicdemum

52 2035 138 2100 recte
161 2032 221 2097 duo
242 2031 392 2098 contraria
413 2050 524 2116 genera
546 2030 771 2114 separantur.*)
956 2115 958 2120 Ι

157 2138 235 2204 lbid.
259 2141 280 2219 ξ
301 2138 359 2203 4οι
393 2137 468 2202 Sed
501 2138 686 2218 quoniam
715 2136 868 2219 primus
899 2156 1023 2202 annus
1052 2138 1120 2202 ha·

55 2247 148 2313 buit
169 2245 214 2310 de
237 2246 307 2310 hac
328 2242 646 2326 reprehensione
667 2243 884 2326 plurimum
907 2242 1122 2322 sermonis,

56 2351 175 2434 credo
197 2354 428 2435 propterea,
455 2350 558 2434 quod
580 2349 660 2415 tibi
680 2351 880 2416 bominum
901 2349 1061 2415 iniuriae
1081 2397 1088 2413 .
1105 2397 1123 2430 .‚

56 2457 159 2540 quod
179 2455 403 2522 insolentie
424 2462 569 2538 praeter
584 2457 814 2541 opinionem
829 2455 1041 2522 accidebat
1056 2503 1063 2519 .
1081 2502 1088 2520 .
1105 2503 1124 2533 .,

57 2564 258 2630 secundus
280 2565 412 2628 autem
435 2563 562 2629 multo
585 2565 733 2641 leuior,
762 2562 865 2645 quod
893 2565 932 2627 et
956 2582 1124 2628 consue·

60 2669 158 2735 tudo
181 2671 221 2734 et
243 2669 350 2735 ratio
373 2714 507 2732 .....
530 2674 568 2733 te
589 2669 882 2751 patientiorem
904 2668 1125 2734 leniorem·

58 2794 132 2860 qua
174 2777 380 2850 iecerunt,
422 2777 575 2840 tertius
617 2793 744 2840 annus
786 2775 847 2838 ita
883 2774 1004 2839 debet
1039 2793 1126 2840 esse

59 2882 298 2948 emendatus
321 2883 379 2946 oet.
430 2882 524 2947 Recte
551 2878 792 2962 Wesenbergius
821 2881 921 2944 sensit
949 2897 1008 2945 uon
1035 2898 1126 2962 posse

59 3008 97 3054 ex
117 2988 263 3053 habuit
284 2987 316 3051 in
339 2988 435 3052 altero
457 2987 594 3052 membro
616 2983 717 3050 audiri
739 2984 820 3049 tuit
842 2989 873 3050 et
887 2985 957 3050 ideo
974 2987 1031 3051 hoc
1046 2985 1126 3069 apud

60 3093 195 3159 leuior
229 3091 301 3158 addi
334 3093 465 3160 volebat.
519 3091 579 3157 Sed
610 3093 711 3174 ipsum
744 3091 800 3156 hoc
834 3090 1021 3157 adiectivum
1054 3093 1127 3157 aute

59 3200 273 3276 leniorem,
306 3200 338 3264 iu
371 3200 429 3265 bac
458 3198 628 3282 prasertim
652 3197 782 3281 epistola
804 3196 1042 3281 diligentissime
1064 3199 1128 3262 ela-

62 3308 179 3384 borata,
209 3307 344 3391 graviter
373 3304 510 3370 offendit.
565 3303 638 3370 Sine
660 3303 754 3369 dubio
776 3303 882 3368 (licere
905 3303 1043 3386 scripsit:
1064 3321 1128 3368 se·

62 3412 216 3479 cundus
239 3415 371 3478 autam
394 3410 519 3475 multo
542 3409 696 3476 leviorem
718 3416 901 3486 (sermonem
923 3409 1054 3487 babuit).

163 3519 242 3585 Ibid.
265 3519 295 3598 3,
313 3519 349 3583 1:
372 3517 446 3583 Sed
470 3521 581 3582 certe
601 3535 621 3581 a
642 3519 681 3581 te
703 3515 801 3581 mibi
822 3515 952 3580 omnia
973 3533 1129 3599 semper

60 3626 233 3691 honesta
267 3627 305 3690 et
337 3623 511 3689 iucunda
542 3622 796 3700 oeciderunt;
829 3643 846 3686 a
880 3640 937 3687 me
965 3622 1042 3687 tibi
1071 3625 1129 3688 cet.

61 3733 158 3797 Recte
193 3729 352 3814 aliquid
385 3728 559 3795 iucunda
592 3728 720 3793 alicui
752 3728 895 3795 cadere
928 3729 1048 3806 dicitur,
1070 3748 1130 3794 nou

62 3841 139 3905 item
173 3838 305 3903 omnia
337 3837 512 3902 iucunda
544 3835 672 3901 alicui
706 3834 865 3913 cadere,
894 3833 1064 3916 praesertim
1085 3835 1130 3897 ab

63 3946 211 4028 aliquo.
261 3943 333 4009 Sine
356 3942 448 4009 dubio
463 3941 668 4016 scribendum,
684 3940 850 4025 geminatis
866 3939 984 4005 duabus
999 3938 1130 4004 litteris:

62 4051 240 4117 iucunda
260 4048 461 4128 acciderunt
483 4045 741 4132 quemadmodum
765 4046 805 4111 ad
826 4048 892 4111 Att.
917 4047 940 4124 Ι,
963 4047 994 4124 b,
1017 4046 1034 4106 1
1054 4063 1132 4110 scri·

117 4320 148 4384 *J
170 4293 231 4387 ξ’ἵ,
250 4318 298 4373 ubi
317 4276 421 4373 editur:
446 4332 484 4374 eu
506 4322 613 4372 autem
633 4315 789 4371 adhibita
808 4314 962 4370 doctrina
980 4318 1044 4383 eat,
1064 4330 1132 4383 quae

167 4411 221 4466 vel
232 4411 490 4468 vitiosissimam
502 4416 656 4464 naturam
671 4408 828 4464 excolere
842 4408 963 4478 possit,
976 4409 1133 4466 necessario

168 4503 342 4559 scribendum
361 4510 404 4559 est
421 4504 519 4574 posset.

865 4603 937 4659 ,le
