2626 5070
293 288 356 351 354
650 287 915 358 nnnvmcspnn.

236 489 316 553 iam
350 487 506 553 florentes:
549 485 596 550 Et
630 506 700 570 qao
731 487 790 551 tot
821 485 939 551 animi
972 486 1084 562 oona,
1120 490 1177 556 tot
1202 505 1273 554 orne

254 593 381 658 menta
487 594 670 674 congesta
692 592 824 656 erant?
845 593 936 674 (quot
956 590 989 656 in
1011 593 1094 677 hos).

351 697 417 761 ibd.
457 695 506 774 16,
551 697 589 758 5:
632 696 710 760 Iam
758 712 841 760 eum
882 695 1039 763 fortuna
1067 699 1106 765 in
1135 700 1273 784 gratian

252 802 416 876 Marcia,
461 801 685 879 reverteris,
723 800 755 866 si
790 801 885 876 tela,
930 821 1007 884 qnae
1045 805 1086 868 in
1120 803 1272 889 Scipione

252 907 556 991 Scipionumque
587 908 734 972 matres
770 924 812 972 nc
843 906 952 973 filios
984 910 1128 993 exegit,
1227 927 1259 973 ne

251 1015 289 1079 te
312 1014 466 1096 quidem
489 1013 714 1079 continuit?
767 1011 942 1096 Scipionum
965 1013 1022 1078 filii
1043 1015 1104 1098 ipsi
1125 1019 1197 1082 sunt
1215 1012 1273 1097 Scip‘

253 1138 343 1193 ones;
371 1120 404 1183 ct
424 1118 544 1186 Marcia
564 1138 635 1184 cnm
657 1118 833 1202 parentibus
856 1120 1058 1202 comparatur.
1114 1120 1273 1188 Scribendu

258 1227 324 1291 sine
347 1224 455 1291 dubio:
490 1223 793 1306 Scipionumque
827 1227 972 1290 metron
1007 1245 1049 1291 ac
1073 1228 1192 1312 filiae
1216 1226 1273 1310 (ipse

252 1331 283 1396 in
315 1330 385 1395 aliis
419 1328 545 1394 familiis
572 1330 705 1404 matres,
735 1331 772 1393 ut
792 1328 965 1395 Corneliam
988 1331 1218 1416 Gracchorum).
1259 1331 1273 1396 i

251 1435 315 1499 iam
331 1433 454 1516 Lipsius
475 1433 652 1517 adscripsit:
677 1435 822 1513 „filias,
846 1453 882 1500 ex
896 1436 954 1500 hac
969 1436 1094 1519 quidem
1108 1440 1271 1506 recitatione

250 1539 331 1624 quod
352 1539 512 1604 Fickertus
534 1539 681 1617 omisit.¹)
732 1539 877 1624 Sequitur
903 1541 967 1625 (6):
1006 1538 1137 1608 Habes
1167 1564 1208 1609 en
1235 1542 1273 1607 ili

253 1645 329 1728 (filio
362 1645 488 1729 amisso)
532 1644 623 1710 duas
665 1645 784 1721 filias,
828 1645 862 1710 si
904 1647 1005 1712 male
1041 1649 1135 1723 fers,
1178 1668 1273 1734 magn

251 1769 388 1828 onera,
421 1752 454 1815 si
491 1749 599 1826 bene,
631 1768 767 1834 magna
788 1751 944 1817 solatia.
989 1753 1031 1816 In
1064 1753 1133 1820 hoc
1163 1758 1201 1821 te
1232 1774 1269 1839 pe

252 1854 376 1932 duxit,
412 1857 461 1930 ut,
499 1854 592 1920 illas
625 1874 705 1920 cnm
737 1856 901 1931 videris,
938 1857 1184 1926 admonearis
1208 1861 1273 1927 iili

252 1979 328 2025 non
359 1960 515 2042 doloris.
572 1960 729 2041 Quomodo
755 1961 837 2027 uuus
864 1964 1055 2029 mortunsin
1081 1965 1139 2031 hoc
1165 1966 1273 2032 Marcie

252 2066 417 2150 perducere
438 2067 562 2150 potuit?
593 2067 733 2132 Debebat
755 2068 849 2132 etiam
873 2070 1037 2144 sesceni,
1062 2089 1121 2136 non
1143 2070 1233 2137 filii.
1272 2073 1273 2079 ’

254 2171 403 2256 quomodo
428 2172 566 2238 futurum
589 2174 729 2238 exactum
750 2173 822 2238 ferri
856 2174 980 2256 potest?
1034 2172 1140 2257 Ipsam
1163 2174 1273 2241 Marcie

253 2277 380 2354 Seneca,
401 2278 438 2342 ut
458 2277 514 2342 hoe
536 2277 640 2357 faeiat,
660 2277 817 2353 hortatur;
840 2279 965 2362 scripsit
985 2279 1085 2344 enim:
1126 2281 1169 2344 In
1191 2282 1258 2345 hoc

246 2383 405 2468 perduc,
439 2384 483 2448 ut
512 2430 521 2448 .
549 2431 557 2447 .
587 2429 595 2448 .
622 2382 875 2449 admonearis.
923 2383 968 2448 iis
1004 2385 1187 2467 imperativo
1216 2389 1273 2452 min

253 2488 419 2571 frequentis
463 2488 579 2562 forma,
615 2489 763 2571 sequente
801 2492 857 2565 ut,
899 2493 1006 2555 natum
1043 2492 1091 2556 est
1129 2490 1271 2573 perdux

254 2592 449 2676 (Emendatio
471 2593 545 2667 haec,
568 2593 688 2658 cumin
711 2594 980 2661 exercitationibus
1003 2595 1177 2679 philologiae
1200 2596 1273 2661 stud

255 2718 357 2765 sorum
395 2699 504 2763 vitium
537 2698 597 2762 loci
633 2700 829 2780 aperuissem,
860 2701 893 2765 in
925 2701 1060 2766 menum
1095 2701 1182 2767 venit
1214 2702 1273 2767 ado

240 2805 352 2888 acenti
384 2805 471 2870 bonae
499 2804 581 2887 spei,
614 2803 702 2870 cuius
733 2805 836 2870 studia
868 2808 976 2890 postea
1004 2807 1104 2873 tristis
1133 2807 1233 2872 morbi
1271 2827 1273 2836 ¹

256 2911 422 2989 evertit.)²)

356 3015 425 3082 Ibd.
450 3016 500 3090 17,
532 3016 552 3078 6
583 3016 644 3082 nol.
668 3018 683 3078 1
707 3036 737 3099 p.
760 3016 800 3078 24
831 3017 1073 3084 mutirentitni
1107 3037 1163 3103 pro
1195 3018 1273 3084 mul

256 3121 317 3188 Sed
339 3121 422 3186 aliud
443 3122 544 3187 maius
565 3120 740 3186 addendum
773 3124 830 3188 est.
889 3123 965 3202 Quis
987 3124 1069 3189 enim
1091 3124 1189 3190 semol
1213 3123 1273 3189 adn

254 3227 347 3302 nitus,
370 3226 396 3291 si
418 3225 468 3291 ecl
492 3225 687 3292 mediocriter
707 3227 889 3303 attenderit,
924 3247 984 3294 non
1006 3230 1127 3303 sentiet
1161 3230 1194 3294 in
1216 3248 1273 3294 meo

259 3331 490 3414 comparatione
513 3333 588 3409 eins,
610 3332 839 3417 quiSyrecusas
861 3332 1023 3399 intraverit
1045 3337 1116 3399 ante
1137 3335 1176 3400 ds
1200 3336 1273 3401 nisce

259 3436 431 3503 condicione
454 3436 592 3514 edoctus,
625 3457 695 3504 cum
726 3437 851 3503 homine
885 3439 918 3502 in
940 3440 1038 3504 vitam
1059 3443 1144 3506 certa
1163 3460 1274 3526 propos

254 3672 454 3684 ——n—-

281 3811 302 3878 ¹)
321 3810 350 3867 C.
371 3813 412 3876 16,
431 3814 448 3868 3
467 3810 547 3866 scrib.
565 3825 625 3865 cnm
643 3809 792 3868 cod.th
831 3811 928 3878 Quod
946 3812 975 3866 si
993 3811 1064 3867 tibi
1082 3813 1135 3867 vis
1154 3813 1214 3883 (pro
1232 3829 1273 3883 qu

323 3902 392 3957 tibi
414 3905 443 3957 si
462 3904 533 3970 ris).

282 3994 305 4063 ¹)
325 3999 341 4059 s
360 3997 375 4049 7
393 3997 465 4049 recte
492 3995 551 4049 sine
572 3993 654 4050 dnbio
671 3994 846 4051 Marklaudns
873 3997 919 4062 (ed
936 3997 1054 4053 Statium
1072 4012 1099 4066 p.
1119 3997 1181 4066 100)
1210 3996 1273 4067 dep

324 4086 393 4150 nit,
414 4087 446 4139 ut
464 4089 504 4141 est
523 4088 552 4141 in
570 4089 645 4143 Vrat
664 4093 692 4143 et
711 4088 812 4154 Solon„
835 4105 884 4160 pro
902 4089 1069 4159 disponit.
