2656 5056
264 286 324 347 m
623 277 894 349 mmmm

221 500 314 547 manu
342 479 374 544 in
402 476 618 543 Mscribitur:
637 476 750 561 quod
778 475 1001 543 videbatur
1032 476 1111 543 isti
1138 476 1280 542 uisurus

221 605 325 663 csse,
364 585 397 650 in
441 604 500 669 quo
536 583 630 648 latete
673 581 775 665 quod
814 582 1038 649 uidebatur
1072 583 1153 650 istic
1183 586 1281 666 <a>
1325 624 1326 655 r

220 695 385 759 visurus
418 707 515 757 esso.
569 688 648 755 Isti
680 706 735 771 pro
766 690 865 756 istic
899 690 1054 771 scriptum
1094 692 1191 756 etiam
1221 690 1281 755 aliti
1325 704 1326 795 p

220 817 356 863 momrni.
1325 809 1326 820 ¹

321 937 399 1003 Ibid.
424 937 462 1000 17
485 939 564 1016 (18),
591 937 611 1000 3
641 937 816 1018 (postquam
843 934 1039 1002 dictumest
1060 936 1173 1004 iudicii
1193 937 1280 1003 forma

221 1045 388 1123 inusitatae,
416 1061 485 1127 quae
513 1044 668 1108 intentata
688 1040 864 1109 candidatis
886 1045 979 1121 esset,
1003 1043 1218 1109 intercessisse
1237 1046 1279 1108 tn'·

221 1151 316 1214 buuos
330 1149 457 1231 phtisi:
477 1150 695 1225 Roscedit;
718 1148 882 1214 comitia
904 1146 1042 1214 dilata
1064 1167 1110 1214 ox
1132 1151 1279 1215 senatus

221 1254 423 1334 consulto,
458 1254 546 1320 dum
578 1256 640 1320 lox
672 1254 718 1320 de
749 1253 879 1320 tacito
912 1252 1074 1319 iudicio
1111 1257 1278 1321 ferretur.

221 1359 370 1439 Verbum,
385 1360 467 1444 quod
483 1364 531 1426 est
545 1361 670 1439 cedit,
688 1360 806 1426 nnllam
828 1359 920 1425 hahet
938 1360 1202 1443 significationem
1221 1362 1278 1425 huic

220 1468 288 1532 loco
310 1468 424 1550 aptam.
466 1465 503 1531 ll
524 1467 617 1533 hahet
637 1466 756 1545 cidit,
783 1485 819 1531 ar
840 1483 900 1549 quo
922 1465 1061 1532 efficitur
1083 1466 1210 1534 cecidit

320 1618 399 1683 lbid.
426 1620 474 1697 18,
496 1622 533 1684 4:
568 1619 756 1685 absoluto
779 1616 950 1684 Gabinio
979 1619 1275 1684 stomachantes

219 1723 294 1789 alii
336 1723 495 1790 iudices
531 1724 626 1789 hora
663 1726 754 1806 post
789 1722 1035 1788 Antiochum
1075 1725 1276 1791 Gabinium

219 1831 357 1896 nescio
379 1849 508 1914 quam,
530 1830 681 1897 solidis
704 1829 955 1915 pectoribus,
985 1829 1202 1910 libertum,
1225 1850 1277 1896 ae·

219 1936 577 2015 cousumGabinii‚
599 1935 689 2021 lega
705 1936 830 2019 Papia
850 1936 1184 2003 condemnarunt
1206 1938 1276 2002 Ita·

220 2062 292 2128 que
324 2044 430 2108 dixit
462 2043 603 2107 statim
632 2061 732 2125 resp.
764 2041 852 2126 loge
882 2043 1133 2110 maiestatis.
1188 2042 1275 2108 Mandi

218 2151 308 2216 sedes
330 2154 362 2215 et
386 2149 543 2234 origo‘cst
564 2150 595 2213 in
626 2147 738 2214 dixit.
793 2148 964 2231 Scripserat
984 2148 1113 2216 Cicero:
1151 2152 1275 2234 ltaque

218 2256 323 2323 eluxit
344 2257 486 2321 statim
507 2274 571 2321 ros
594 2255 761 2339 publica
781 2255 886 2339 legem
908 2255 1162 2323 maiestatis.
1211 2256 1273 2321 dun

218 2361 306 2446 graui
320 2361 532 2446 indignatione
547 2362 656 2428 acerbe
671 2362 774 2427 iocans
786 2361 891 2427 Cicero
906 2361 1143 2444 rempublicam
1160 2364 1271 2435 luctum,
1325 2372 1326 2379 ’

217 2486 310 2552 quom
321 2468 453 2534 Gabinio
474 2467 616 2535 absoluto
638 2471 795 2552 tamquam
818 2468 887 2553 lege
910 2468 1087 2534 maiestatis
1111 2470 1231 2563 sublata
1249 2470 1273 2531 et

217 2579 340 2642 mortua
362 2575 558 2661 suscepisset,
581 2575 758 2661 deposuisse
780 2574 855 2640 dicit
876 2575 1047 2655 recreatam
1063 2575 1272 2642 scilicotdam·

216 2683 342 2748 natione
363 2681 467 2765 pusilli
490 2681 625 2746 hominis
647 2682 709 2747 alia
730 2682 796 2765 lege
818 2681 960 2746 accusati.
999 2682 1114 2758 (Paulo
1137 2685 1205 2764 post
1224 2698 1272 2744 nou

215 2788 282 2854 sine
305 2807 397 2853 causa
419 2788 584 2871 Siesbyeus
605 2788 734 2853 miratur
755 2787 810 2852 hoc
833 2805 892 2851 uno
913 2787 981 2853 loco
1004 2787 1089 2870 apud
1110 2788 1271 2853 Ciceronem

215 2893 263 2958 edi
285 2893 331 2958 ad
353 2893 478 2973 nihil,
501 2913 571 2959 cum
593 2894 626 2958 et
645 2894 711 2976 ipso
732 2892 808 2958 alibi
829 2893 861 2956 et
882 2892 978 2957 ceteri
999 2895 1192 2978 antiquiores
1207 2911 1270 2978 pra

214 3000 419 3081 positionibus
441 3000 607 3066 subiiciant
628 2999 817 3078 nihilum,
840 2997 989 3075 nihilo,
1015 3017 1033 3063 a
1056 3019 1118 3083 quo
1141 3022 1197 3066 usu
1216 2999 1269 3064 Pli-

213 3107 283 3170 nius
305 3106 420 3189 aliiquo
442 3106 631 3184 deflectunt.)

313 3245 390 3309 lhid.
415 3247 454 3309 19
477 3248 554 3326 (17),
578 3248 612 3310 1:
642 3246 787 3311 Putaui
815 3245 860 3310 do
887 3245 1060 3310 nummis
1091 3249 1187 3311 anto
1216 3261 1269 3308 eo·

209 3351 330 3420 mitia
362 3351 552 3417 tributim
585 3371 659 3418 uno
692 3353 780 3419 loco
818 3351 970 3417 diuisis
1001 3352 1155 3434 palam,
1191 3349 1270 3416 inde

210 3457 687 3523 absolutomGabinium.
711 3458 970 3523 Dictaturam
993 3458 1137 3524 fruare
1159 3457 1269 3524 iusti·

210 3565 267 3630 tio
291 3569 330 3629 ct
351 3564 526 3630 omnium
556 3583 688 3629 rerum
718 3564 902 3630 licentia.
958 3565 1035 3631 Haec
1057 3566 1212 3631 conclusio
1232 3563 1271 3626 est

208 3670 355 3751 epistolae,
386 3671 472 3736 ouius
502 3671 622 3755 reliqna
649 3690 721 3754 pars
751 3670 825 3737 folio
847 3670 960 3737 codicis
983 3671 1147 3756 archetypi
1170 3671 1269 3737 amisso

207 3776 376 3842 intercidit.
428 3777 464 3841 ln
495 3797 531 3842 ea
560 3777 692 3859 epistola
722 3777 828 3844 Cicero
855 3776 1020 3860 scripserat
1044 3778 1082 3843 do
1105 3782 1269 3846 orationes

206 3899 239 3946 se
267 3881 298 3948 in
329 3884 438 3948 senatu
468 3883 587 3950 hahita:
618 3883 871 3970 <Die>putaui
970 3930 977 3946 .
1000 3884 1154 3966 palam,
1188 3881 1269 3949 inde

205 3986 434 4054 ahsolutum
472 3988 702 4066 Gabinium
741 3991 850 4072 <reni
883 3989 1047 4076 publicam
1079 3990 1158 4074 in>
1194 3990 1268 4055 dic·

205 4089 1268 4164 taturamruerciustitioatomniumrerumlicentia.
