2654 5010
487 643 608 698 Tacitus.
979 641 1039 706 ‘235

114 836 194 905 lbid.
217 840 258 902 56
281 840 325 916 (in
353 839 485 906 Neronis
513 839 552 905 ad
582 838 729 905 Senecam
759 839 928 916 oratione):
963 815 1080 918 Quin,
1186 874 1188 878 »

76 963 150 1028 qna
180 944 218 1009 in
247 948 360 1029 parte
390 945 590 1012 lubricum
618 945 911 1011 adolescentiae
934 947 1080 1010 nostrae

66 1050 213 1130 minet,
245 1069 408 1117 revocas
443 1056 708 1134 ornatumque
740 1051 861 1116 robur
894 1049 1080 1116 subsidio

58 1157 239 1240 rpeusius
262 1159 395 1238 regis?
438 1157 549 1242 Neque
578 1157 617 1222 ab
644 1158 733 1222 initio
755 1156 846 1222 robur
868 1159 1001 1231 ornatur,
1025 1156 1080 1221 sed

58 1264 141 1347 gitur
174 1267 206 1327 et
237 1264 452 1332 conformetur,
486 1282 584 1347 neque
617 1263 744 1329 ornandi
765 1261 883 1330 roboris
905 1282 985 1329 curae
1007 1282 1079 1328 ceu·

61 1371 150 1434 uatnr
171 1368 236 1434 eins
258 1369 385 1453 regendi
407 1369 551 1446 olseium,
582 1370 638 1435 sed
667 1370 799 1454 graviori
821 1368 941 1435 muneri
963 1369 1079 1434 roboris

59 1475 109 1539 ius
131 1473 284 1539 efficiendi
307 1481 339 1538 et
360 1475 578 1541 constituendi.
614 1474 730 1558 Opinor
744 1477 888 1541 Tacitum
903 1473 1079 1557 scripsisse:

58 1581 260 1662 ’mutumque
284 1580 402 1645 robur
424 1581 609 1647 subsidio
631 1581 855 1664 impensius
879 1581 996 1666 regis.

113 1684 318 1763 intexas:
341 1686 429 1765 Qnae
452 1687 750 1753 nbissorbuloni
773 1690 899 1754 certis
921 1686 1080 1754 nuntiis

58 1790 157 1857 ,dita
179 1796 288 1868 sunt,
305 1793 489 1876 legiones
511 1795 707 1860 duasonm
723 1795 923 1859 Verulano
939 1793 1079 1858 Severo

89 1898 228 1963 Vettio
266 1899 415 1963 Bolano
452 1900 677 1965 subsidium
715 1899 882 1984 Tigrani
926 1899 1077 1973 mittit,

64 2004 174 2069 culto
218 2005 433 2087 praeoepto.
478 2006 747 2088 compositius
784 2010 929 2096 cuncte
966 2023 1080 2087 qnam

58 2108 288 2175 stiuentius
324 2114 509 2193 agerent;
552 2110 699 2195 qnippe
742 2112 892 2178 bellum
929 2112 1079 2177 hebere

58 2235 124 2280 *am
146 2234 286 2299 gerere
308 2215 494 2282 malebat.
548 2216 656 2300 Neque
680 2220 779 2303 turpe.
803 2220 882 2301 quod
904 2217 954 2282 his
976 2215 1078 2282 verbis

66 2322 269 2388 Corbulonem
291 2323 453 2399 confertur,
484 2325 599 2388 crimen
629 2324 712 2412 belli*
733 2343 795 2390 suae
818 2323 965 2391 utilitatis
987 2340 1079 2387 causa

58 2428 153 2493 ¹bendi
186 2429 250 2492 ulla
283 2447 319 2493 er
352 2432 440 2511 perte
472 2449 541 2495 eum
574 2428 693 2515 reliqua
725 2432 824 2496 Taciti
848 2430 886 2496 de
908 2428 1078 2495 Corbulone

58 2535 184 2600 natione
215 2536 248 2600 et
276 2534 391 2600 indicio
419 2538 580 2613 consentit,
610 2557 707 2620 neque
737 2556 773 2602 ea
795 2538 927 2620 suspicio
950 2554 985 2600 er
1006 2553 1076 2618 pru·
1173 2530 1176 2535 ’

58 2641 99 2706 uti
120 2639 209 2706 ducis
230 2641 429 2722 compositius
452 2660 542 2726 quam
572 2642 770 2708 festinantius
792 2643 904 2724 egendi
926 2642 1077 2724 praecepto

58 2747 84 2811 ri
117 2749 246 2829 poterat
280 2765 378 2830 neque
410 2746 473 2813 ullo
506 2747 597 2813 modo
631 2749 675 2813 sic
708 2748 768 2812 dici
801 2747 940 2813 absolute
976 2748 1079 2829 potest

66 2854 156 2919 bere
179 2852 327 2919 bellnnr
349 2873 462 2937 proso,
485 2855 568 2937 qnod
586 2856 635 2918 est
656 2852 801 2919 ducere
823 2859 877 2918 eut
899 2850 1074 2929 trahere,

58 2961 66 3024 t
99 2958 284 3024 contrarium
319 2959 390 3042 poni
424 2960 592 3043 gerendi
626 2959 735 3036 verbo;
770 2978 841 3023 nam
874 2957 927 3041 qni
960 2955 1075 3023 bellum

58 3065 101 3142 rit,
123 3065 258 3147 proiecto
280 3083 402 3148 semper
424 3065 526 3131 babet.
570 3065 743 3147 Scripserat
764 3065 907 3131 Tacitus:
931 3061 1077 3128 bellum

58 3189 127 3238 rare
149 3190 263 3256 quem
285 3189 425 3255 gerere
447 3172 676 3250 malebat.*)

112 3442 204 3495 nescio
224 3459 279 3510 quo
298 3443 351 3497 alio
370 3442 522 3513 proposito,
542 3441 589 3495 sed
608 3442 660 3496 hoc
679 3441 741 3505 dici,
761 3440 862 3494 nullam
880 3440 904 3494 ei
920 3439 1078 3495 ulteriorem

111 3549 201 3588 rerum
221 3534 401 3603 gerendarum
419 3534 577 3590 lecrrltatem
596 3535 757 3604 permissam
780 3533 910 3601 brevique
934 3542 997 3605 post
1015 3551 1077 3603 pro·

113 3627 230 3681 vinciam
250 3629 329 3682 alteri
347 3629 456 3685 tradere
476 3630 577 3682 iussum
595 3643 627 3682 eo
639 3633 782 3697 premente,
802 3627 874 3694 quod
894 3627 995 3682 bellum
1014 3644 1030 3682 e
1049 3645 1079 3684 se

112 3720 266 3775 conlectum
293 3722 393 3777 iniuria
422 3723 556 3791 gloriatus
584 3727 664 3775 esset.
712 3718 765 3773 Sed
790 3718 863 3786 quod
883 3719 1005 3775 Faernus
1024 3720 1078 3775 de·
1151 3786 1153 3795 Ι

114 3819 221 3868 motus
247 3831 297 3882 pro
326 3815 483 3870 detentus
510 3814 593 3868 scribi
620 3812 714 3877 voluit,
742 3810 851 3866 facilius
874 3812 991 3868 addetur
1009 3829 1078 3882 prae·

113 3906 228 3975 positio:
248 3906 474 3974 detentusque
494 3911 579 3972 <s>
600 3907 699 3960 rebus
717 3921 742 3974 g.

65 3997 91 4062 *l
111 4000 138 4053 C.
158 4001 184 4065 5,
212 4000 259 4054 ubi
286 4013 431 4070 perversus
459 4000 507 4055 ille
537 3997 662 4067 gerundii
689 3998 832 4067 genetivus
860 4013 910 4068 pro
943 3997 1077 4052 infinitivo

113 4109 208 4148 rursus
227 4093 330 4148 trustra
349 4092 513 4159 eiciendum,
539 4109 593 4147 non
612 4091 759 4146 studium
779 4088 932 4146 addendum
952 4097 1002 4155 est,
1021 4089 1079 4157 sed,

114 4186 187 4253 quod
213 4185 294 4240 facile
322 4194 386 4255 post
413 4192 510 4240 vetus
538 4184 664 4240 excidere
691 4191 811 4253 poterat,
840 4182 940 4236 votum.
987 4182 1015 4236 C.
1045 4182 1079 4237 13

114 4278 222 4333 omissae
250 4278 325 4333 vocis
353 4279 515 4333 necessariae
544 4293 628 4333 causa
646 4276 802 4345 apparebit,
836 4276 861 4330 ei
879 4276 1079 4346 scripserimus:

112 4370 386 4440 Numantinaeque
407 4370 538 4441 <pscis;
557 4375 698 4438 neque>
727 4369 862 4424 eandem
888 4376 939 4425 cet.
977 4367 1079 4424 Oculus

118 4463 223 4517 librarii
242 4464 377 4519 aberravit
404 4479 421 4517 a
446 4479 561 4532 necque
589 4463 623 4517 ad
650 4478 764 4530 neque.
800 4462 904 4517 Animis
922 4463 1080 4533 ignavorum
