2648 5084
232 300 294 363 eeu
592 297 712 354 neuun.
730 296 855 370 ,cren

189 517 334 584 genere
368 506 436 582 (pro
470 503 631 582 genere)
659 498 904 582 leguminum
941 502 1158 565 coctorum
1207 496 1248 562 ll

186 606 408 670 convivium
515 621 605 668 reru
626 605 796 670 vocavit.
846 602 972 669 (tenere
995 603 1054 668 ille
1077 605 1248 690 leguminum

193 713 229 776 nt
249 711 323 776 luce
345 709 506 794 perfruens
527 708 630 774 vultus
652 711 728 775 erut.
776 709 851 790 Qnoe
872 729 892 800 e
914 709 1076 776 Sulmesio
1097 711 1249 796 excogitet:

189 817 331 892 eduntur,
370 819 402 882 et
423 816 576 881 sententie
597 819 630 880 et
653 816 895 899 erutioneprnvn
916 818 993 880 eunt
1016 825 1146 892 (vaenue
1164 839 1252 901 peuce

194 921 381 1006 tequminnrn
402 923 446 984 od
466 922 656 1000 conuiuium).

294 1028 423 1112 Septim.
458 1027 526 1093 Ser.
563 1029 594 1088 1:
637 1028 820 1103 Severus,
955 1029 1021 1094 cni
1156 1034 1255 1115 puter

191 1136 310 1208 (lete,
333 1136 501 1199 maiores
524 1136 682 1217 equites
704 1136 865 1201 Romani
886 1183 953 1212 ...,
976 1138 1256 1204 mateanlrin

194 1242 278 1315 Pin,
313 1242 446 1324 putrui
479 1259 616 1324 megnu
644 1259 709 1323 per
742 1245 782 1308 et
814 1243 979 1308 Severus
1015 1245 1255 1311 consuleres.

193 1367 286 1415 erue
324 1351 525 1412 maternus
547 1346 689 1423 Macer,
728 1351 924 1432 paternus
957 1349 1134 1416 Fulvius
1177 1351 1255 1414 Pius

193 1454 309 1520 inere.
371 1454 583 1519 Berolineueee
627 1454 760 1521 editurus
802 1455 907 1520 mendi
950 1460 1062 1520 uotum
1097 1456 1253 1540 apponunt

196 1561 288 1628 Peter
308 1561 446 1643 putrui
468 1561 624 1625 Merene
644 1560 757 1643 Aper,
780 1561 860 1627 mele
881 1562 983 1644 penite
1004 1561 1040 1626 in
1063 1581 1124 1626 nno
1147 1562 1254 1626 homine

192 1668 388 1750 prenomine.
457 1664 527 1730 Unn
569 1666 666 1731 venali
708 1668 824 1734 emieen
865 1685 955 1733 vome
994 1668 1143 1733 contlntae
1181 1668 1255 1732 eunt:

194 1774 330 1857 putrui
361 1773 628 1856 mcputAper
659 1776 699 1839 et
731 1774 910 1841 Severus.
966 1772 1027 1853 Qui
1062 1775 1129 1839 nint
1167 1771 1255 1856 putrui

195 1881 309 1965 magni,
332 1879 495 1943 dicendum
519 1898 579 1944 non
602 1881 685 1962 pute.

297 1986 362 2051 lbd.
395 1985 432 2050 6:
476 1985 614 2050 Eodem
659 1991 837 2070 tempore
879 1988 997 2053 etiam
1042 1986 1091 2051 <le
1133 1987 1256 2052 Clodio

197 2093 338 2158 Albino
372 2093 448 2157 eibi
470 2094 751 2163 substituendo
773 2092 984 2178 cogitarit,
1013 2094 1080 2156 cni
1104 2093 1259 2159 Caeeuri·

195 2218 305 2264 unum
339 2199 543 2265 decretum
585 2203 652 2265 aut
688 2199 1006 2266 Commodinnnm
1048 2198 1259 2265 ridebatur

195 2306 410 2389 imperium.
465 2305 540 2384 Qne
573 2324 621 2370 ren
653 2306 857 2390 significetur,
900 2323 936 2370 er
972 2305 1131 2372 mendonis
1165 2306 1259 2372 vertit

195 2415 302 2478 tumen
324 2413 387 2477 fere
409 2412 545 2497 pellucet
571 2415 605 2476 et
624 2412 808 2497 intelligitur
828 2431 845 2476 e
868 2410 953 2476 elon.
987 2411 1061 2476 Alb.
1099 2431 1127 2478 c.
1150 2413 1172 2476 3
1194 2413 1258 2479 ett

197 2523 229 2584 et
252 2518 299 2585 13.
355 2518 557 2584 scribendum
591 2518 712 2583 uidetur
743 2519 868 2602 propius
898 2517 937 2582 ed
958 2516 1094 2602 uestigia
1115 2519 1259 2594 codicum,

195 2644 289 2709 quern
312 2625 532 2690 Mommseniue
563 2625 704 2707 erripuit:
743 2626 802 2689 cui
835 2623 1100 2690 (tusculanum
1134 2626 1260 2692 ‹lecre-

198 2737 276 2798 tum
299 2743 391 2815 aput
417 2730 656 2794 Commodum
677 2732 798 2808 (iuml)
819 2729 1026 2794 videbatur
1046 2732 1258 2816 imperium.

197 2839 404 2904 Caesennnnm
435 2838 598 2918 imperinm
621 2855 674 2920 pru
695 2836 760 2901 lecu
781 2852 817 2902 nc
839 2835 988 2919 (lignitate
1010 2835 1146 2904 Oeenris
1170 2840 1258 2925 etiem

198 2948 229 3011 in
252 2946 315 3011 vitu
337 2945 409 3031 Curi
432 2962 458 3008 c.
483 2944 501 3004 7
522 2944 641 3009 dicitur.

298 3052 364 3117 lbd.
390 3053 446 3114 li:
483 3070 564 3115 cnm
593 3050 745 3132 quidum
783 3068 826 3115 er
859 3048 1038 3114 heetibne
1069 3050 1197 3115 eidem
1226 3068 1259 3115 se

77 3219 79 3225 Α
198 3159 438 3242 suppliciter
486 3157 787 3239 obtulissetque
829 3155 1002 3222 dixisset
1050 3155 1124 3222 ille
1169 3156 1261 3241 quud

199 3267 377 3331 lecturus
422 3271 496 3337 eet,
532 3282 603 3328 non
640 3263 702 3327 est
734 3262 910 3327 mollitur
948 3265 1029 3326 tem
1074 3263 1262 3346 prudente

198 3372 305 3438 dicto
328 3371 512 3437 interfici
535 3389 620 3436 eum
643 3370 770 3435 i‘neeit.
810 3370 838 3433 A
859 3367 1028 3452 corrigendi
1051 3370 1262 3451 pmbebilihte

196 3481 352 3547 oberrent.
385 3480 437 3561 qni
468 3496 540 3561 que
561 3479 771 3559 transponunt.
830 3474 1034 3540 Scribonium
1056 3473 1197 3541 ridetur:
1227 3492 1262 3539 ee

199 3585 436 3670 suppliciter
485 3584 718 3661 obtulieeet,
762 3601 842 3666 quae
885 3581 1055 3646 (linisset
1099 3581 1262 3660 (severunt

200 3691 556 3781 itlieofeotnrne,
609 3708 681 3755 non
729 3691 789 3755 est
834 3688 1016 3753 mellitus
1060 3689 1137 3752 tuni
1184 3706 1263 3771 pru·

199 3799 315 3864 dente
358 3799 460 3864 dioto
505 3802 542 3863 et
580 3798 650 3875 (boc
686 3796 805 3862 addidit
826 3796 929 3869 Peter)
964 3794 1153 3860 interfici
1187 3812 1261 3858 eum

148 3953 150 3959 .
200 3906 323 3970 iussit
365 3909 448 3976 lent:
498 3922 567 3969 nen
617 3902 796 3968 mellitus
839 3906 861 3964 t.
910 3919 938 3982 p.
982 3899 1099 3987 dicte
1144 3902 1262 3966 inter·

202 4010 274 4076 fici
298 4031 324 4076 e.
348 4012 395 4084 it.
518 4040 520 4047 s
1198 4007 1200 4011 ’
