2662 5046
462 715 542 771 Bhet.
558 716 594 771 ad
606 717 723 772 Hereum.

514 912 601 995 Cap.
622 913 670 977 11.

540 1060 643 1117 Cicero.

154 1202 186 1266 A
213 1200 355 1266 Varrone
389 1198 431 1264 ad
450 1198 627 1264 Ciceronem
653 1199 884 1265 transeuntibus
915 1200 1126 1270 intercununt

56 1304 234 1384 rhetorica,
269 1324 337 1389 qua
368 1303 460 1388 paulo
483 1303 629 1370 Cicerone
656 1306 749 1370 atate
771 1305 908 1389 superior
929 1308 1059 1391 scriptor
1080 1307 1124 1376 ed

57 1408 253 1478 Herennium
281 1409 380 1476 misit
432 1409 469 1474 In
494 1427 531 1475 eo
558 1428 648 1493 opere
675 1429 746 1475 cum
778 1410 849 1476 ante
881 1411 997 1478 multos
1030 1430 1126 1479 annos

55 1533 114 1581 non
148 1516 197 1581 ita
227 1532 329 1598 pauca
361 1533 378 1581 e
410 1514 513 1580 codice
535 1515 676 1582 Parisino
708 1514 802 1594 7231,
839 1535 932 1600 quem
952 1515 1125 1601 Kruropiue

53 1620 240 1697 contulerat,
272 1618 499 1697 mandassem,
532 1639 623 1699 nunc,
657 1622 824 1705 postquam
853 1623 886 1687 et
905 1620 1065 1705 Kayserus
1094 1625 1125 1686 ot

52 1725 109 1790 alii
129 1725 250 1790 maiore
271 1724 374 1790 studio
397 1726 430 1790 et
450 1710 599 1809 apparatu
620 1725 653 1790 in
666 1725 783 1791 ‘eodem
816 1725 1022 1800 elaborarunt,
1053 1727 1125 1791 tan·

52 1831 122 1897 tum
142 1831 178 1896 in
200 1830 294 1896 tertio
315 1828 394 1894 libro
425 1847 524 1913 pauca
543 1830 663 1916 reperio
688 1830 822 1896 editione
851 1849 910 1896 non
931 1848 1054 1913 prorsus
1075 1829 1126 1894 in-

55 1934 160 2020 digna,
181 1936 216 1999 in
238 1936 347 2019 quarto
368 1952 473 1999 unum.
518 1934 601 2001 Nam

155 2041 226 2106 Lib.
258 2039 318 2118 ΠΙ,
350 2040 420 2119 4¹),
456 2040 509 2106 ubi
540 2057 621 2105 nunc
657 2038 838 2124 aKeysero
871 2037 983 2121 (1860)
1011 2038 1123 2118 editur,

54 2145 181 2228 expulso
204 2136 433 2210 additamento:
469 2146 534 2211 aut
554 2144 588 2210 si
610 2163 680 2227 qua
700 2143 738 2208 in
759 2163 800 2210 re
822 2144 1123 2210 cohortabimur

56 2249 227 2334 aliquid,
250 2250 359 2316 cuius
380 2250 438 2316 rei
462 2250 633 2334 aliquam
655 2248 701 2315 ad
723 2247 973 2334 disciplinam
995 2251 1125 2317 scien-

50 2355 155 2420 tiam
176 2355 396 2437 poterimus
417 2356 576 2431 habere,
597 2374 669 2440 quo
700 2355 808 2420 modo
829 2356 898 2420 aut
918 2375 991 2439 qua
1010 2356 1125 2441 quid·

53 2479 127 2545 qne
158 2459 313 2526 ratione
352 2461 446 2526 fieri
479 2461 676 2544 oporteat,
710 2459 825 2525 residet
845 2460 991 2526 mendum
1015 2461 1049 2526 in
1070 2461 1124 2526 illo

51 2564 100 2630 ad
131 2564 408 2648 disciplinam
444 2565 522 2630 nihil
554 2568 603 2631 est
629 2565 710 2629 enim
734 2564 898 2631 scientiam
921 2567 961 2632 ad
982 2564 1123 2648 discipli-

57 2688 128 2735 nam
150 2670 285 2746 habere;
310 2669 451 2737 detrecto
470 2670 560 2736 nnius
580 2670 694 2735 litteras
715 2670 924 2755 geminatione
946 2670 1122 2737 faciendum

56 2777 118 2840 est:
153 2775 332 2860 aliquam
364 2798 385 2838 c
416 2774 630 2860 disciplina
660 2774 883 2841 scientiam.
925 2775 1007 2841 Nam
1031 2773 1122 2840 disci·

57 2879 140 2963 plina
159 2880 411 2947 et-institutiono
432 2880 562 2947 scientia
583 2881 789 2965 comparatur.

154 2985 224 3051 Ibd.
261 2986 314 3048 ll:
357 2986 444 3052 urio
481 2986 604 3071 igitur
643 2985 733 3050 hinc
776 2982 1039 3050 confirmatio
1086 2985 1125 3050 et

55 3090 290 3157 confutatio
324 3091 442 3158 nobis.
499 3093 545 3158 In
589 3089 810 3156 huiusmodi
856 3106 972 3154 cauea
1010 3088 1124 3173 prin-

58 3195 202 3280 cipium
235 3198 416 3262 sumetur
447 3197 506 3261 oet.
549 3196 676 3262 manem
699 3194 888 3278 superiorum
908 3193 1125 3277 repetitionem

58 3298 119 3366 trec
139 3301 298 3367 sententia
319 3300 422 3379 hebet,
444 3300 516 3367 hinc
530 3300 612 3367 sumi
622 3300 695 3377 illa;
718 3302 749 3367 et
769 3299 800 3363 in
813 3296 967 3364 codicibus
979 3300 1123 3366 ertheo.

58 3403 535 3472 iintandisententiarumfines:
557 3405 645 3471 urie
664 3405 787 3491 igitur
808 3402 884 3467 too
906 3406 1013 3487 (quam
1034 3423 1126 3487 expo-

58 3519 139 3590 mm)
163 3509 416 3578 confirmatio
449 3514 492 3578 et
523 3510 752 3577 confutatio
787 3509 897 3576 nobis
929 3508 968 3574 in
989 3509 1124 3574 huius·

58 3617 151 3683 modi
175 3633 307 3683 causa.
343 3614 583 3700 Principium
605 3615 776 3681 sumetur
798 3616 856 3681 oet.
879 3613 946 3699 [Sic
957 3613 1125 3698 Klotziue.]

152 3721 225 3787 Ibd.
259 3720 316 3786 26:
360 3719 550 3788 Convenit
581 3720 704 3806 igitur
739 3719 779 3783 in
807 3719 916 3785 vultu
943 3719 1125 3802 pudorem

60 3831 92 3893 et
120 3825 373 3893 acrimoniam
407 3844 508 3904 esse,
540 3826 578 3890 in
616 3825 731 3910 gestu
767 3841 839 3889 nec
871 3824 1126 3890 venustatem

61 3930 374 4016 conspiciendam
419 3948 490 3995 nec
537 3926 829 4015 turpitudinem
873 3946 971 3994 osse.
1038 3926 1125 3992 Nihil

57 4037 188 4112 emmo,
210 4036 350 4121 suspicor
370 4037 477 4102 tamon
498 4037 649 4122 scriptum
669 4034 782 4101 fuisse:
818 4033 1019 4119 pudorem,
1052 4053 1125 4095 eon

63 4255 258 4273 5——

97 4405 118 4471 ι)
134 4406 207 4462 Solos
230 4408 460 4480 pangraphorum
486 4411 543 4466 eive
569 4410 718 4466 modorum
742 4425 867 4465 numeros
892 4426 998 4481 ponam,
1020 4409 1128 4465 omissis

139 4499 259 4567 capitum
