2626 5070
259 290 322 354 326
612 287 759 345 nouum.
782 290 847 360 cop.
860 290 882 345 1.

319 491 385 556 ΙΙΙ,
420 487 460 549 10
494 488 529 551 Ε.
564 488 598 553 2:
621 486 892 570 oXenopbontis
930 504 1066 570 corpus
1103 492 1270 578 religioni

217 595 414 661 immobile
435 593 551 659 stetit
581 596 620 658 et
642 592 790 658 animus
823 593 859 657 in
882 591 1046 657 consilio
1068 599 1268 679 prudentis
1309 604 1312 644 ³

218 701 376 767 stabilis
421 700 570 766 mansit.
622 698 744 781 Religio
789 698 924 780 (intuli
960 703 1093 784 corporis
1129 707 1160 769 et
1189 703 1266 768 animi

219 809 378 883 divisione)
414 807 453 872 ad
486 805 622 871 animum
654 804 796 887 pertinet,
838 822 899 870 non
933 804 973 869 ed
1005 825 1124 891 corpus.
1176 808 1265 893 Itaque
1307 851 1309 855 >

219 914 423 991 retinendum,
445 911 523 995 quod
544 911 679 993 primum
710 909 743 974 iu
765 910 792 974 B
814 897 965 994 scriptum
986 911 1098 987 fuerat
1121 915 1262 998 regioni,

220 1022 357 1084 correcta
378 1021 514 1084 extrema
535 1015 645 1095 vocali,
667 1017 702 1081 ut
723 1015 766 1082 sit
785 1020 952 1100 ropiono,
985 1017 1023 1083 de
1044 1018 1114 1084 loco
1138 1022 1169 1085 et
1188 1021 1262 1085 statu

321 1125 387 1190 Lib.
405 1122 465 1200 VI,
480 1124 509 1200 2,
532 1122 567 1186 3:
589 1121 668 1186 Nec
694 1122 824 1187 timori
846 1122 974 1188 datum
997 1125 1059 1188 est
1081 1125 1263 1190 silentium

220 1231 331 1313 (plebis
375 1230 414 1295 ad
470 1229 577 1294 duram
627 1227 780 1311 Scipionis
826 1228 1025 1308 orationem),
1074 1230 1156 1308 sed,
1195 1229 1264 1313 quie

219 1336 410 1401 beneficio
459 1335 622 1400 AEmiliae
675 1333 938 1418 Corneliaeque
989 1336 1122 1419 gentis
1172 1333 1263 1401 multi

221 1445 342 1506 metus
390 1441 493 1506 urbis
536 1442 650 1523 atque
686 1440 815 1504 Italiae
852 1438 964 1511 finiti
1006 1443 1133 1518 orant,
1174 1440 1262 1525 plebe

220 1546 390 1611 Romana
436 1546 619 1612 libertati
661 1544 854 1629 Scipionis
902 1545 1029 1612 libera
1083 1566 1155 1613 non
1195 1545 1261 1612 init
1301 1572 1304 1573 ⁷

221 1652 404 1717 Perversum
459 1671 580 1735 prorsus
624 1652 761 1716 ,liceum
804 1674 864 1716 eece
905 1650 1000 1714 alieni
1045 1657 1100 1718 aut
1152 1653 1263 1718 libertati

220 1758 366 1836 abactae,
399 1763 441 1833 et,
474 1760 501 1824 si
534 1759 632 1823 libera
652 1759 740 1841 plebs
762 1778 823 1825 non
845 1759 914 1835 fuit,
940 1757 1056 1835 timuit,
1088 1762 1167 1845 quod
1181 1762 1261 1844 ipsun
1294 1845 1295 1848 Ἴ

221 1865 360 1946 negetur.
421 1865 593 1948 Scripserat
640 1865 797 1931 Valerius:
847 1864 1038 1931 libertati
1089 1863 1298 1950 Scipionis,¹

222 1966 348 2031 noers
361 1970 475 2052 faveo.
510 1971 659 2052 corrupto
680 1970 781 2035 favit
801 1972 833 2037 n
854 1972 931 2037 fnit
951 1971 1016 2048 (on.
1041 1973 1101 2039 vor.
1123 1973 1138 2036 1
1161 1992 1189 2053 p.
1209 1970 1259 2041 nu

221 2072 360 2139 additum
384 2078 528 2142 estnon.
571 2076 763 2153 (Occultatos
784 2079 846 2143 iam
868 2076 900 2141 in
922 2076 949 2139 B
971 2077 1098 2160 antiqua
1118 2073 1261 2158 interpola·
1297 2107 1300 2153 5

221 2179 302 2244 tione
326 2200 441 2247 errores
464 2184 569 2248 notavi
590 2186 616 2263 Ι,
639 2185 666 2261 l,
689 2184 719 2260 8,
740 2184 797 2257 ΙΙΙ,
820 2184 850 2260 8,
872 2183 902 2261 6,
924 2182 978 2259 IV,
1000 2182 1029 2257 6,
1055 2183 1083 2259 1,
1106 2183 1143 2257 V,
1168 2184 1182 2244 l
1204 2178 1261 2247 init..

222 2284 259 2363 V,
282 2286 311 2360 2,
337 2286 385 2365 10,
414 2287 451 2363 V,
479 2288 556 2355 ab.
578 2292 608 2364 4,
640 2289 703 2365 IX,
728 2288 766 2350 12
790 2289 824 2354 Ε.
848 2287 883 2365 8;
912 2289 987 2354 alios
1014 2289 1144 2366 notabo,
1169 2291 1203 2353 ut
1224 2280 1263 2349 u.

222 2393 365 2473 9Ε.7.)

322 2500 389 2565 lbd.
427 2502 462 2565 Ε.
502 2503 534 2564 1:
579 2502 836 2568 Provocarem
869 2501 914 2566 ed
947 2501 1189 2586 Philippum,
1218 2491 1266 2565 sed

222 2607 403 2672 sobrium.
449 2607 602 2672 Pervcrtit
623 2608 808 2672 sententiam
829 2606 1049 2673 condicionalis
1070 2609 1179 2675 oratio.
1220 2600 1267 2670 Alii

221 2711 504 2777 inhacnarratione
526 2732 690 2795 prouoco
713 2714 843 2795 ponunt3
865 2712 917 2780 bic
935 2735 1188 2797 provocarem
1210 2707 1270 2779 scri-

222 2816 355 2881 bendum
379 2819 493 2902 opinor.
527 2818 640 2884 Mulier
654 2819 809 2903 significat
823 2838 856 2884 se
871 2819 911 2884 ab
923 2819 983 2884 alio
997 2819 1098 2885 iudice
1119 2820 1160 2885 ed
1182 2832 1271 2904 regem

222 2939 414 3002 provocasse,
437 2924 491 2989 sed
513 2943 572 2989 non
594 2923 634 2989 ad
656 2925 786 3002 ebrium,
806 2924 838 2989 in
861 2945 952 3009 quem
975 2925 1060 2991 videt
1082 2945 1116 2991 se
1132 2924 1275 2990 incidisse.

322 3029 389 3093 lbd.
413 3031 431 3092 5
456 3032 490 3096 E.
514 3031 548 3095 2:
583 3032 619 3095 Is
641 3032 849 3113 postquam
867 3031 1104 3114 recognovit
1126 3030 1278 3098 classem

222 3133 332 3198 illum
353 3123 891 3201 Lacedaemoniorum...uelle
923 3136 1140 3201 incendere.
1194 3133 1282 3201 Nulla

222 3238 286 3304 baec
307 3240 475 3325 recognitio
498 3242 554 3314 est,
577 3241 630 3305 sed
652 3243 764 3327 ignotae
792 3241 863 3306 ante
885 3242 930 3306 rei
952 3241 1101 3326 cognitio.
1144 3241 1283 3307 Scriben-

224 3344 312 3409 dum:
350 3352 550 3431 postquam
583 3368 659 3409 rom
689 3347 878 3429 coenovio,
911 3347 1076 3413 classem
1108 3347 1221 3412 illum
1253 3347 1285 3410 L.

223 3449 327 3515 velle
349 3452 571 3519 incendere.

324 3556 389 3621 lbd.
423 3560 452 3636 8,
493 3562 526 3621 l:
570 3559 665 3623 Erat
696 3553 730 3624 is
764 3564 883 3634 (seruus
913 3556 1052 3632 Antonii)
1086 3557 1288 3623 etiamtum

222 3659 411 3728 imberbis
448 3668 485 3730 et
523 3665 655 3731 stabat
693 3682 821 3729 coram
860 3661 1097 3744 ridebatque
1130 3683 1210 3728 rem
1244 3661 1292 3728 ad

223 3790 311 3838 suos
334 3769 530 3836 cruciatus
553 3771 758 3853 pertinere.
806 3766 953 3852 Ineptum
975 3786 1115 3842 coram,
1145 3768 1234 3852 quod
1255 3767 1293 3833 ad

224 3879 324 3943 certas
357 3894 507 3959 personas,
540 3878 612 3942 ante
643 3894 771 3961 quarum
806 3894 841 3940 os
869 3876 978 3949 statur,
1011 3874 1159 3956 pertinet.
1217 3873 1293 3940 Ood.

224 3984 265 4047 B:
310 3983 464 4047 stabant
513 4000 690 4048 coronam
735 3981 1012 4064 videbuntque.
1076 3979 1295 4064 significatur:
