2654 5010
247 286 310 351 m
606 276 878 348 mmmm

207 499 425 566 uotumque
447 480 534 544 sine
556 496 675 543 sensu
696 476 922 542 iacentium
945 482 1092 560 torpor
1112 482 1178 541 aut
1196 477 1269 559 pal·

206 585 351 671 pitatio
366 603 574 669 corporum
590 584 673 650 sine
692 583 1010 649 intermissione
1026 583 1270 648 vibrantium.

207 693 336 777 Torpori
380 710 541 758 nervorum
576 690 742 756 iacentium
778 687 967 756 contrariam
1006 689 1086 773 poni
1121 688 1272 754 eorundem
1316 779 1318 784 Α

208 817 381 877 nervorum,
403 816 462 863 non
486 795 587 863 nescio
617 813 746 879 quorum
771 812 944 878 corporum,
969 795 1165 863 vibrantium
1185 795 1272 878 pcipi·
1317 799 1318 805 ’

209 905 359 970 tationem
381 905 525 986 apparet3
554 902 660 986 itaque
690 919 900 986 corporum
922 908 1009 969 recte
1034 902 1125 968 uncis
1147 904 1273 966 comtum

208 1014 272 1087 est;
294 1028 399 1075 uerum
423 1028 483 1074 non
505 1008 688 1091 simpliciter
709 1008 875 1075 delendum
897 1007 930 1073 id
954 1008 1144 1074 uocabulum
1160 1011 1216 1085 est,
1229 1007 1273 1073 cad

207 1114 454 1181 transferendum
478 1115 633 1182 inlocum
657 1115 749 1198 paulo
778 1114 979 1199 superiorem,
1008 1114 1067 1180 ubi
1095 1132 1156 1180 non
1185 1113 1277 1178 minus

207 1222 371 1288 manifesto
401 1222 603 1300 desideratur,
631 1240 723 1304 quam
750 1220 800 1286 bic
826 1219 975 1299 abundat
1005 1220 1275 1303 scribendumque:

207 1326 643 1413 tabesqueoorpornmin
665 1347 704 1394 se
725 1328 1070 1411 putrescentium.
1094 1328 1274 1393 Vocabulum

207 1434 238 1498 in
262 1430 367 1499 codiee
388 1436 563 1501 nostromm
587 1432 752 1518 archetypo
773 1450 847 1499 casu
868 1434 1019 1498 omissum
1044 1437 1079 1499 et
1094 1434 1126 1498 in
1148 1435 1277 1518 margine

208 1543 348 1605 notatum
371 1541 437 1606 loco
460 1559 518 1606 uon
542 1542 624 1606 recto
645 1540 773 1606 orationi
795 1541 944 1605 insertum
972 1540 1033 1605 est

309 1679 458 1746 ibidus:
481 1700 691 1765 numquam
713 1680 816 1747 satis
837 1679 1072 1763 profectum
1091 1681 1272 1761 erit‚nisi

208 1785 366 1867 qualem
399 1786 520 1852 debet
552 1788 664 1853 deum
698 1788 830 1853 mente
860 1788 1119 1870 conceperit,
1154 1789 1276 1854 omnia

207 1889 847 1970 habentem,omniatribuentem
871 1892 1123 1959 beneficium
1148 1895 1272 1979 gratis

207 1982 365 2073 Mundum,
383 1998 465 2083 qnod
485 1999 516 2063 in
540 2000 784 2065 beneficium
808 1999 1008 2065 manifestum
1024 2005 1084 2079 est,
1101 2020 1165 2065 una
1178 2000 1271 2065 littera

206 2104 329 2169 sublata
349 2104 498 2171 facillime
526 2109 671 2172 sanatur:
706 2105 880 2173 beneficum
909 2108 1055 2191 gratis.
1106 2107 1269 2173 Mercedem

206 2209 422 2276 beneficiorum
457 2212 532 2277 deus
562 2232 621 2278 non
650 2213 769 2296 quatit.
822 2211 960 2278 Eandem
994 2216 1188 2280 sententiam
1217 2211 1271 2277 alio

206 2315 298 2380 modo
321 2317 487 2395 continent,
509 2337 577 2402 qum
598 2323 777 2401 sequuntur,
807 2321 915 2384 uerba:
949 2319 1042 2399 Quae
1078 2328 1271 2387 causaest

208 2421 270 2487 dis
291 2422 600 2489 benefaciendi?
622 2425 784 2491 Natura.

306 2576 384 2641 lbid.
406 2577 464 2641 50:
497 2577 654 2644 Primus
687 2581 749 2644 est
781 2577 943 2644 deorum
973 2578 1117 2645 cultus
1147 2626 1268 2645 .....
1315 2583 1318 2671 t

206 2683 311 2748 scire
331 2681 430 2748 illos
452 2700 556 2763 esse,
578 2686 643 2768 qui
665 2684 887 2769 praesident
908 2684 1069 2765 mundo,
1099 2691 1167 2771 qui
1189 2686 1265 2754 uni·
1316 2674 1318 2760 ἶ

207 2789 378 2853 versavi
399 2808 469 2854 sna
491 2793 817 2876 temperant‚qui
838 2790 1002 2856 humani
1024 2797 1192 2876 generis
1212 2800 1266 2860 tu·
1317 2816 1318 2851 u

204 2895 326 2959 telam
350 2900 496 2979 gerunt
517 2895 720 2963 interdum
738 2896 1177 2982 curiosisingulorum.
1199 2900 1266 2965 um
1317 2956 1318 2975 ,

205 3001 235 3065 di
265 3001 418 3067 interdum
448 3003 592 3069 dicuntur
614 3005 735 3089 singula
756 3022 870 3083 curare,
900 3007 988 3088 quasi
1011 3006 1197 3090 plerumque
1216 3024 1265 3071 nou
1316 2991 1318 3042 i

204 3109 320 3171 curent.
365 3107 480 3174 Seneca
501 3111 682 3193 scripserat:
715 3111 919 3176 interdum
948 3111 1108 3179 incuriosi
1138 3114 1262 3198 singu·
1316 3123 1318 3189 t

203 3210 350 3291 lorum,
371 3215 408 3278 ut
429 3233 503 3281 cura
524 3216 713 3301 singulorum
736 3216 1052 3283 administrandomm
1074 3220 1263 3304 intelligatur.
1317 3203 1318 3261 t

304 3351 384 3419 lbid.
407 3355 446 3416 ct
477 3374 540 3438 sq.:
573 3358 703 3423 ceteri
732 3403 833 3421 ....
862 3359 972 3423 inter
1001 3361 1128 3426 missa
1157 3379 1262 3444 appe·
1316 3393 1318 3425 t

202 3457 363 3543 titaqne
386 3459 445 3537 (sic
465 3468 548 3528 recte
570 3463 702 3530 Hermes
724 3482 760 3529 ex
781 3466 809 3530 Α
831 3471 864 3529 et
884 3466 911 3530 B
933 3485 988 3548 pro
1016 3466 1131 3532 inter
1152 3468 1262 3533 inter·

201 3563 340 3641 missa)
368 3566 545 3634 alternis
574 3570 843 3637 fluctuantur.
887 3570 1015 3637 Causa
1044 3573 1166 3639 buius
1193 3575 1263 3637 iao·

201 3670 378 3736 tationis
414 3675 491 3753 est,
531 3677 632 3763 quod
673 3676 780 3742 nibil
822 3676 957 3761 liquet
993 3678 1266 3745 incertissimo

199 3777 401 3859 regimine
422 3782 653 3862 utentibus,
676 3784 787 3850 fama
832 3786 867 3849 Iu
884 3784 1040 3850 codicibus
1057 3786 1116 3850 AB
1131 3786 1265 3852 scribitur

200 3885 466 3969 causarisque
489 3889 748 3964 (iactationis
770 3892 854 3968 est),
870 3889 953 3973 quod
969 3910 1005 3955 ex
1021 3911 1144 3958 causa
1160 3893 1266 3958 buius

80 4005 84 4013 ·
199 3994 300 4053 ortum
324 4010 472 4058 essenon
501 3996 614 4076 potest.
669 3995 786 4078 Opinon
815 3997 1012 4062 scribendum
1042 4017 1126 4065 esse:
1150 4001 1266 4066 Causa
1317 4063 1318 4089 ἶ

197 4112 300 4182 usqne
322 4097 566 4165 iactationis
588 4104 666 4181 est,
690 4104 781 4184 panio
804 4103 911 4168 durius
927 4105 1074 4170 adverbio
1090 4107 1201 4187 posito.
1220 4102 1266 4169 ubi
1316 4095 1318 4117 ¹
