2678 5016
262 277 322 340 m
619 280 881 354 mmmm

641 499 702 563 qao
723 478 848 558 ferrum,
871 482 977 560 Brute,
999 482 1150 551 tenebas?

218 586 275 650 boc
297 586 355 662 est,
378 585 409 649 in
432 600 522 666 quem
545 582 725 667 dirigebas?
786 583 946 669 Significat
966 587 1050 658 enim
1071 592 1180 675 poeta,
1216 592 1287 659 σω.

219 710 319 757 sarem
340 709 411 757 eum
433 688 558 772 petisse.
602 688 651 768 (V.
674 689 754 755 592:
777 688 823 751 nit
841 690 1058 774 propiciatorio
1084 693 1214 760 Caeraru
1235 699 1285 760 in.

218 806 313 859 tentus
334 793 462 879 iuqulo.)
597 833 598 837 =

316 901 382 965 Lib.
403 898 491 979 VIII,
519 899 592 976 450,
625 901 698 963 451.
742 899 871 965 Sublata
892 919 987 982 prava
1007 902 1119 969 Iitterae
1140 906 1285 989 gemina-

150 1037 153 1055 ι
216 1008 309 1083 tione,
346 1024 414 1090 quae
447 1005 541 1071 aliam
573 1024 692 1088 quoque
715 1023 820 1070 vocem
842 1005 875 1069 iu
896 1006 1043 1075 mendum
1064 1010 1169 1085 traxit,
1207 1012 1284 1077 scri·

217 1111 349 1178 bendum
373 1111 437 1176 est:
1244 1125 1247 1130 ·

639 1205 641 1210 ’
780 1235 818 1280 ne
839 1216 907 1280 iura
926 1216 1080 1301 fidemque

367 1322 601 1404 respectumque
622 1320 715 1385 deum
736 1322 827 1383 cereri
847 1321 1018 1405 speraveris
1039 1324 1122 1390 aula.

316 1427 443 1493 Editur:
466 1425 571 1490 vemet
592 1425 760 1509 epccvmb
781 1425 870 1506 aulo,
906 1446 1000 1509 provo
1021 1432 1177 1513 genetivo.
1222 1433 1283 1500 Set

217 1534 394 1601 coniectura
426 1551 487 1599 non
512 1550 599 1615 opus,
634 1529 778 1614 quoniam
800 1532 831 1596 In
853 1532 918 1598 cod.
941 1533 1029 1600 Voss.
1054 1536 1189 1602 soeundo
1212 1556 1282 1621 per-

217 1639 342 1722 antiquo
364 1641 448 1705 recte
470 1637 625 1704 scribitur.
1054 1651 1056 1655 ⁴

315 1743 382 1809 Ibd.
405 1745 518 1824 (vul),
541 1742 602 1805 663
625 1761 710 1824 squ:

342 1851 387 1914 At
407 1848 515 1932 Magni
537 1866 607 1912 curn
629 1849 718 1931 terga
740 1850 850 1913 sonent
872 1851 904 1914 et
923 1852 1052 1933 pectora
1071 1851 1163 1924 ferro,

340 1953 547 2036 permanasse
569 1952 662 2018 decus
684 1970 779 2018 saerae
801 1953 976 2020 venerabile
995 1955 1101 2021 Iormae

339 2058 512 2140 iratamque
533 2056 598 2122 deis
620 2057 740 2136 faciem,
763 2057 840 2122 nibil
861 2058 972 2126 ultima
993 2061 1103 2128 mortis

339 2182 375 2228 er
399 2161 507 2227 babitu
530 2162 678 2246 vultuque
699 2162 757 2228 viri
779 2166 918 2232 mutasse
939 2166 1082 2242 fatentur,
1107 2169 1169 2232 cet.
1272 2205 1276 2214 ·

314 2267 552 2334 PerversIssime
573 2269 702 2333 immota
725 2268 756 2333 in
782 2271 880 2335 morte
901 2271 1084 2338 venerabilis
1106 2272 1227 2339 deseris
1251 2275 1278 2338 et

106 2468 109 2472 .
216 2375 390 2441 maiestatis
413 2373 506 2439 Iacies
529 2374 592 2435 deis
615 2374 697 2435 irato
718 2374 841 2443 dicitur.
885 2377 1088 2443 Scribendum
1111 2378 1249 2444 videtur:

483 2477 721 2563 AEqcatcmqac
739 2479 804 2545 deis
826 2482 944 2548 faciem.

319 2585 387 2649 Lib.
422 2580 479 2661 ΙΧ,
517 2584 577 2647 566
610 2603 688 2666 sqq„
723 2585 776 2649 ubi
809 2585 885 2653 Cato
906 2588 1041 2653 Labieno
1071 2587 1177 2653 Iovem
1205 2588 1281 2652 Arn-

216 2709 339 2758 monem
375 2689 532 2756 consulere
563 2689 681 2754 iubenti
712 2691 887 2774 respondet,
926 2693 1030 2759 omnia
1061 2712 1095 2758 se
1132 2711 1179 2771 ea,
1216 2712 1282 2777 quae

214 2797 347 2864 hominib
375 2797 542 2879 plurimum
563 2794 687 2860 intersit
721 2795 809 2876 scire,
842 2797 904 2863 iarn
927 2799 973 2864 ita
1000 2802 1104 2863 tenere
1141 2797 1283 2876 (decretis

216 2903 384 2969 Stoicorum
417 2898 577 2978 stabilita),
611 2900 646 2964 ut
672 2899 748 2965 nibil
769 2902 883 2970 addere
905 2906 1041 2971 Ammon
1077 2905 1185 2987 possit
1218 2904 1283 2969 huc

214 3010 373 3095 leguntur:
449 3050 451 3053 -
759 2993 760 2997 ¹

298 3112 378 3194 Quid
401 3111 506 3195 quaeri,
529 3111 674 3189 Labiene,
696 3111 810 3177 iubes?
831 3133 871 3179 an
892 3113 972 3180 liber
991 3115 1023 3179 in
1046 3115 1142 3181 armis

299 3219 479 3286 occubuisse
500 3216 595 3282 veiim
617 3217 718 3299 potius
741 3236 834 3300 qnam
855 3239 951 3305 regna
972 3219 1097 3286 utere?

299 3326 350 3390 An
372 3327 414 3390 sit
435 3325 501 3389 vita
522 3322 610 3400 nihil,
632 3322 688 3388 sed
709 3323 833 3408 longam
854 3324 977 3390 differat
998 3326 1096 3390 aetas?

321 3429 479 3496 Posterius
501 3429 559 3493 hoc
583 3427 716 3513 intelligi
744 3428 865 3512 nequit3
899 3449 972 3495 narn
994 3448 1094 3514 neque
1117 3430 1196 3495 nibil
1218 3448 1286 3496 esse

216 3535 313 3600 vitam
348 3534 440 3601 Stoici
464 3535 618 3612 dibebant,
655 3551 764 3617 neque,
799 3534 871 3617 quid
906 3535 963 3609 sit,
998 3537 1124 3600 aetatem
1161 3534 1286 3601 differre

214 3640 338 3725 longam
371 3641 480 3715 vitam,
510 3639 655 3723 explicari
694 3640 799 3723 potest
828 3658 894 3721 nec,
930 3639 1083 3724 quomodo
1120 3642 1178 3706 boc
1211 3661 1288 3708 con·

216 3747 346 3812 trarinm
368 3747 411 3812 sit
432 3747 536 3830 priori.
585 3746 652 3811 Hoc
681 3744 756 3810 Cato
781 3745 882 3811 dicere
904 3744 1005 3824 debet,
1026 3745 1104 3810 nibil
1125 3746 1287 3823 interesse,

214 3851 308 3937 longa
331 3871 370 3917 an
392 3851 494 3917 brevis
528 3851 570 3917 sit
591 3852 670 3928 rita;
703 3850 788 3929 (vid.
821 3850 847 3916 si
870 3851 950 3917 tanti
972 3852 1029 3926 est,
1068 3850 1226 3919 Ciceronis
1249 3853 1288 3917 de

216 3959 268 4021 tin.
290 3957 343 4022 Iib.
366 3957 414 4021 III
437 3960 456 4036 ς
480 3955 521 4018 46
546 3958 578 4022 et
599 3976 666 4041 quae
687 3957 731 4021 ibi
755 3956 927 4040 adscripsi).
971 3958 1031 4022 Per
1053 3957 1155 4022 toturn
1180 3960 1290 4028 autem
