2580 5054
234 283 273 343 76
502 280 561 334 bib.
579 279 601 334 L
621 280 687 349 Cap.
706 279 755 332 lv.
791 281 969 337 Athenaeua.

191 476 274 561 quod
309 476 502 543 desideratur
533 477 574 541 ad
606 471 651 550 oio
683 469 703 542 ὁ
877 473 1103 563 Δημόφιλος.
1148 479 1228 543 Videtu

192 583 341 666 scriptum
375 583 486 648 fuisse:
519 576 604 656 ιόςό
778 579 995 669 Δημόφιλος
1031 581 1231 673 ελσοχὴορι,

194 692 494 773 παρασκευασθεὶς
537 713 567 753 κ.
610 713 639 753 ο.
683 689 722 764 λ.,
767 691 1050 770 quemadmodum
1094 692 1234 758 insinuun

194 796 305 874 (tinnit)
340 793 554 876 Demophilus,
587 793 773 858 nubomatua
804 797 864 860 oet.
925 797 1056 864 Deense
1085 797 1236 865 verbm'n
1273 864 1274 867 ,

194 901 367 978 tellanerat
400 898 453 982 qui
485 901 517 964 in
553 898 659 964 codiee
691 898 830 965 Parisino
865 902 1034 983 epitomes
1065 904 1181 987 scripsit
1195 902 1238 967 ιίοι

196 1005 396 1092 doponatur.

299 1165 375 1231 ibid.
399 1185 424 1232 u.
456 1166 490 1230 In
512 1166 607 1232 nobili
629 1165 724 1232 aeolio
745 1168 926 1234 Aristotelia
952 1176 1007 1245 εἰς
1030 1165 1245 1258 Ἐρμιιίιιιλ

196 1289 263 1355 sqq.
286 1271 352 1337 baee
373 1271 519 1355 leguntur
539 1272 578 1338 de
600 1273 731 1337 virtute:

279 1413 374 1467 ποῖον
397 1402 452 1467 ἐπὶ
476 1404 581 1485 φρένα
603 1395 743 1486 βάλλεις

281 1503 413 1592 καρπόν
435 1502 464 1574 e’
486 1500 668 1574 α’θιὶνατον
689 1509 814 1594 χρυσοῦ
836 1535 873 1572 ιε
898 1513 1052 1594 κρείσσω

281 1617 335 1680 καὶ
358 1620 485 1701 γονέων
506 1608 783 1701 μαλακαυγηιοῑό
806 1608 844 1679 θ’
866 1613 999 1684 ὕπνου.

300 1744 435 1810 Permire
471 1745 502 1810 in
539 1745 598 1812 hee
634 1764 704 1810 oum
741 1745 865 1810 virtutis
901 1747 1010 1814 fructu
1049 1749 1253 1833 comparatione

198 1850 317 1917 divitiis
349 1861 381 1919 et
412 1853 590 1938 parentinus
624 1852 667 1927 (b.
691 1870 717 1917 e.
744 1854 866 1936 generis
899 1854 1086 1927 nobilitati)
1121 1859 1254 1937 tanquan

197 1958 325 2023 tertium
362 1960 541 2044 adiungitur
577 1976 712 2041 somnus,
750 1977 805 2022 neo
844 1958 1001 2024 minorem
1042 1961 1256 2026 admirationem

197 2062 292 2130 habat
313 2065 499 2132 adieetivum
523 2065 594 2131 huin
615 2065 809 2130 substantivo
830 2064 1027 2144 adiunctum,
1053 2069 1125 2133 sivo
1147 2069 1257 2153 μυλω-

199 2185 360 2257 αυγῆνοῑο
383 2171 499 2239 νοτίοιο
522 2173 586 2237 sive
606 2163 898 2256 μσλοκαυχῆοοιω
933 2174 1050 2238 neutra
1075 2176 1162 2240 enim
1184 2173 1258 2237 torm

197 2276 388 2361 probabilem
424 2277 679 2362 significationem
717 2277 1003 2360 derivationemque
1040 2279 1154 2345 habet
1203 2277 1256 2341 Veri

197 2383 346 2449 indicium
370 2386 463 2449 tenue
478 2384 572 2449 codex
588 2384 680 2450 Lanu.
704 2383 829 2466 praebet,
851 2383 882 2447 in
904 2401 964 2466 quo
990 2381 1136 2461 ὕπνους
1157 2386 1255 2470 iegitur·

198 2489 371 2573 Sumpserat
392 2491 475 2555 enim
492 2490 675 2555 Aristoteles
693 2484 1052 2576 μιγακαυχῆτοιό
1069 2487 1113 2559 θ’
1128 2492 1255 2574 ὕψους·

197 2596 277 2663 Cum
298 2595 417 2662 divitiis
446 2598 479 2662 ot
501 2597 598 2679 stirpe
629 2595 825 2680 coniungitur
852 2595 1018 2681 fastigium
1049 2598 1256 2684 diguitatiaet

176 2712 178 2717 ’
198 2703 371 2769 maiestatis
394 2702 592 2787 magnifieum
614 2707 645 2768 et
666 2703 831 2785 superbum
855 2702 1004 2786 (gloriosa
1028 2723 1063 2770 sa
1087 2708 1224 2776 iactans).

299 2878 331 2942 P.
355 2877 416 2941 698
439 2877 459 2942 d
482 2879 514 2942 et
534 2895 551 2942 e
573 2878 619 2953 (in
643 2878 815 2963 fragmento
838 2879 1061 2962 Hegemonisi:

281 2999 402 3090 Mvrjpe'
423 3002 581 3072 riee'uraroe
601 3013 743 3094 γε’ρονυα
767 3010 821 3072 καλ
844 2999 907 3072 οὐκ
923 3001 1081 3073 ἐθέλοντ’
1097 3004 1252 3095 drusium

279 3114 333 3178 uui
357 3106 494 3188 σπάνις,
518 3108 541 3198 ἢ
562 3108 712 3186 πολλοὺς
736 3113 874 3180 Θασίων
896 3117 945 3186 εἰς
967 3109 1099 3182 ὁλκάδα
1122 3114 1231 3201 βάλλοι

279 3210 451 3304 εὐκούρων
471 3218 659 3304 βδελυρῶν,
683 3212 855 3286 ὀλλύντων
876 3212 905 3285 τ’
927 3213 1133 3303 ὀλλυμένων
1154 3251 1189 3289 κε

278 3318 424 3411 ὀνιλρών,
447 3333 482 3392 ολ
503 3327 568 3392 νῦν
591 3333 682 3392 κεῖθι
706 3326 814 3400 κακῶς
837 3326 922 3391 auxii
945 3330 1180 3413 ῥαψῳδοῦσιν.

296 3455 353 3522 Pro
375 3450 485 3541 μνῆμ’
508 3456 666 3521 iacobsius
688 3449 805 3539 λῆμμ’,
828 3456 1001 3523 Meineirins
1017 3453 1102 3544 λῆμ’
1117 3459 1249 3529 contenit:

192 3563 336 3627 neutrum
353 3582 422 3629 oum
438 3582 484 3642 eo,
501 3562 583 3645 quod
606 3568 653 3628 est
676 3556 808 3640 σπάνις,
824 3565 894 3644 apte
910 3562 1121 3650 coniungitur.
1156 3568 1251 3631 vernn

191 3666 314 3733 videon
337 3662 453 3734 nezv’.
488 3668 606 3734 Deinde
629 3667 682 3734 nbi
704 3668 825 3734 oodiees
846 3668 962 3735 habant
984 3664 1172 3759 εὐκούρων,
1192 3673 1252 3739 aori·

192 3771 324 3838 bendum
358 3775 479 3840 videtur
512 3770 779 3861 ναυκλήρων,
813 3776 894 3859 quod
918 3796 1018 3861 genua
1049 3781 1210 3848 bominum
1227 3781 1253 3844 et

191 3893 245 3958 pen
267 3895 299 3942 aa
321 3883 392 3962 opta
419 3880 470 3946 hio
498 3881 675 3947 nominatur
696 3882 729 3946 et
750 3881 925 3948 Graecorum
950 3888 1151 3971 maximeque
1172 3885 1254 3955 ooni-

191 3999 294 4047 oorum
315 3985 426 4051 iudioio
448 3987 496 4066 iis,
517 4006 584 4070 quae
599 3987 763 4060 adduntur.
779 3987 860 4055 notia
875 3988 1045 4076 insignitur
1062 3997 1253 4083 (βδελυρὸν,

188 4079 362 4156 ὀλλύντων
384 4085 413 4157 e'
435 4087 631 4179 ὀλλυμένων
653 4102 710 4173 τε).
