2580 5054
227 303 266 366 68
596 300 655 354 nin.
674 301 696 355 1.
716 300 780 370 cap.
799 300 848 355 nv.

282 499 317 564 P.
328 498 390 561 466
406 514 434 564 a.
471 497 508 561 In
524 497 698 579 fragmento
712 516 747 560 ex
762 496 922 563 Thebaide
939 498 1063 581 cyclica
1083 499 1229 581 deprompto

184 605 319 688 Oedipus
341 604 453 669 dicitur
475 602 557 667 diras
579 602 651 666 filiis
673 603 862 684 imprecatus
893 621 963 667 esse
998 605 1228 687 uaticinstnsqu:

269 731 313 808 uic
335 731 375 799 οὔ
398 737 430 798 οἱ
453 726 616 818 πατρῴαν
638 734 691 815 εἴη
714 724 867 816 φιλότητι

269 835 453 916 όοόσσοικτ’,
476 833 696 924 οἷμφστέρσισι
720 833 750 904 δ’
773 845 820 905 ἔοι
850 830 1004 921 πόλεμοί
1027 864 1066 904 τε
1087 835 1184 924 μόχοι
1201 863 1231 902 τι,
1281 844 1282 847 ’

285 969 425 1036 Primum
448 970 572 1035 subesse
595 961 740 1053 πατρόϊ’
767 966 829 1051 (ret
861 967 965 1050 potins
1002 986 1076 1032 cum
1112 966 1233 1032 Meinetio

185 1072 227 1141 τό
250 1066 411 1159 πατρόὶ·’)
440 1080 522 1140 recte
556 1073 746 1140 intellectum
780 1073 843 1152 est;
877 1071 933 1138 sed
967 1077 1053 1155 quod
1088 1074 1235 1138 Hermanno

187 1183 312 1246 auctore
343 1198 425 1245 nunc
456 1179 557 1244 editur
589 1180 703 1268 teper'p
736 1174 927 1264 φιλότητος,
963 1198 1069 1263 neque
1101 1183 1170 1262 apte
1187 1197 1236 1244 oon·

185 1286 324 1369 iungitur
354 1285 468 1374 ἐαητόῃ
500 1279 681 1372 φιλότητος
709 1289 771 1362 (est
798 1286 881 1351 enim
909 1303 1041 1369 prorsus
1064 1286 1148 1350 idem
1168 1287 1237 1366 etque

187 1387 355 1477 φιλότητι)
388 1394 421 1457 et
451 1393 596 1458 audacter
630 1388 842 1478 expeterem
866 1393 903 1458 fit
925 1387 1129 1477 patriamve.
1180 1389 1238 1454 Sori-

186 1499 320 1565 bendum
342 1498 424 1564 erat:

271 1601 314 1678 ιός
336 1602 377 1672 οὔ
399 1609 432 1670 οἱ
453 1600 495 1671 τό
518 1596 662 1688 πατρώι’
684 1610 727 1670 ἐν
748 1597 845 1693 ἠοόῃ
864 1597 1037 1690 φιλότητι,

186 1715 275 1796 gratu
306 1713 445 1787 caritate,
469 1730 538 1777 oum
562 1711 639 1776 bona
660 1712 771 1796 gratia.
827 1711 983 1776 Tenemus
1021 1713 1108 1776 enim
1138 1710 1187 1775 hic
1203 1706 1240 1772 ut

187 1819 298 1895 iectivi,
321 1817 402 1902 quod
425 1820 472 1882 est
493 1811 566 1902 ἠΰς,
589 1817 718 1882 sormam
741 1818 932 1895 femininam,
956 1819 1049 1883 cuius
1071 1817 1169 1882 etium
1187 1812 1241 1881 aliti

186 1925 318 2008 vestigia
340 1924 467 1990 obscura
488 1924 611 2002 sunt.*)

286 2077 322 2143 P.
334 2076 396 2138 478
408 2093 442 2138 a:
466 2070 671 2161 Νικόμαχος
685 2068 715 2141 d'
727 2081 763 2141 ἐκ
775 2070 895 2160 πρώτῳ
907 2077 988 2159 περὶ
1010 2079 1142 2162 &operer
1155 2080 1243 2162 Ape·

187 2181 297 2249 πτόοικ
329 2182 420 2268 φησί·
461 2179 508 2247 Τό
538 2182 572 2248 δὲ
603 2175 707 2248 neoto
734 2184 801 2247 ἐστὶ
831 2184 897 2265 μὲν
927 2177 1123 2267 Περσικόν,
1145 2177 1243 2266 τήκόὲ

189 2281 298 2375 σῖρχήκ
325 2286 370 2374 ἢν
392 2285 598 2375 Ἕρμιππος
627 2281 869 2375 α’στρσλσγικός
897 2283 943 2361 oie
971 2283 993 2355 o‘
1021 2285 1154 2376 κόσμος
1172 2274 1248 2366 diei

187 2396 256 2459 τῶν
288 2397 383 2462 θεῶν
414 2389 457 2461 τό
494 2390 663 2480 θαύματα
698 2398 754 2463 καὶ
789 2391 831 2461 uni
862 2390 1072 2480 καρπώσιμα
1107 2399 1245 2483 γίνεσθαι
1289 2383 1290 2389 ¹

189 2502 244 2570 ἐπὶ
266 2504 339 2590 γῆς·
362 2498 417 2570 διό
437 2509 472 2569 ἐκ
495 2494 621 2569 τσότσσ
644 2504 864 2571 σπένδεσθαι.
911 2503 980 2567 Etsi
1008 2504 1109 2569 verba
1131 2505 1170 2569 ad
1193 2502 1247 2568 reli·

188 2609 293 2692 gisnes
328 2610 359 2704 et
398 2610 557 2693 opiniones
590 2610 790 2694 AEgyptiacas
822 2610 1009 2692 pertinentia
1045 2609 1247 2677 foedissimer

190 2715 322 2781 librariis
355 2717 481 2781 confusa
513 2715 603 2799 plane
637 2717 797 2782 restituere
831 2733 956 2797 nequeo,
994 2717 1125 2782 tantum
1161 2720 1246 2782 ternu

188 2821 286 2898 video,
306 2839 367 2886 non
389 2821 492 2886 nescio
514 2840 605 2904 quem
630 2821 834 2903 Hermippum
862 2839 881 2884 a
907 2819 1102 2888 Nicomacho
1130 2824 1246 2889 nominu-

187 2928 254 2992 tnm
278 2946 352 2998 esse.
376 2927 429 2991 sed
453 2929 632 3009 expositum,
665 2927 698 2992 id
724 2944 843 3002 nomen,
871 2925 954 3008 quod
984 2944 1072 2993 nunc
1095 2929 1135 2995 de
1157 2928 1246 3013 poculo

188 3036 359 3117 usurpetur.
382 3033 472 3099 initio
495 3033 534 3098 ad
564 3052 627 3098 rem
658 3033 795 3115 aliquam
819 3031 974 3096 calestem
1004 3050 1079 3099 cum
1112 3035 1247 3101 Mercurio

188 3141 330 3224 (Herma)
363 3140 556 3205 coniunctam
589 3140 781 3223 pertinuisse.
840 3139 948 3221 Itaque
986 3157 1024 3203 ex
1056 3137 1247 3227 Ἕρμιππος

187 3245 361 3311 iaciendum
398 3251 445 3311 est
479 3241 643 3330 Ἑρμοῦ
679 3246 712 3309 et
747 3244 931 3311 substantivi
967 3245 1191 3323 nominativos.
1220 3249 1245 3308 nt

187 3351 303 3434 opinor,
326 3355 380 3417 aut
404 3350 520 3427 οἶτος
542 3358 596 3417 aut
617 3343 882 3433 potiusr'rreo‘c,
916 3352 1000 3415 totus
1035 3361 1145 3420 autern
1177 3354 1245 3418 locos

186 3455 225 3520 ud
240 3455 320 3523 hano
335 3457 398 3523 fere
412 3459 542 3524 formam
557 3457 752 3524 scribendus:
775 3454 840 3542 τήν
855 3457 889 3523 δὲ
906 3447 1015 3543 όρχήι
1031 3449 1084 3544 ἦν
1104 3454 1246 3546 ‘Eppius'-

187 3557 314 3638 ἰπαός
345 3557 584 3652 ἀστρολογικὸς
616 3566 904 3649 σωσόκοσμος,
938 3567 971 3639 ἐξ
1000 3553 1047 3631 οὗ
1079 3560 1165 3634 όπό
1195 3565 1247 3631 τότ

186 3670 282 3736 θεῶν
303 3663 345 3737 τό
369 3665 535 3754 θαύματα
559 3672 613 3736 καὶ
636 3667 678 3737 τό
702 3665 905 3756 καρπιόσιμα
925 3670 1093 3758 γίνεσθαι
1117 3676 1173 3741 ἐπὶ
1187 3672 1243 3760 γῆς·

239 3938 266 4004 *)
285 3937 316 3991 Ρ.
327 3939 379 3994 783
394 3939 412 3994 d
430 3940 522 4007 (Dind.
540 3958 567 4011 p.
587 3939 667 4009 1040)
686 3957 752 3996 son:
771 3945 894 3996 καλεῖται
912 3938 963 4008 μὲν
982 3939 1058 3999 οὕτω
1078 3947 1161 4010 πόσις
1176 3964 1220 4008 τις,
1236 3961 1248 4008 p

286 4031 379 4100 (vulgo
398 4028 442 4100 ἦν)
461 4031 534 4088 ἐστιν
552 4031 684 4089 ἀπνευστὶ
703 4037 794 4089 atsere
812 4033 850 4103 μὴ
867 4034 1004 4101 μύσαντα,
1023 4054 1089 4106 quse
1108 4035 1249 4121 consmilt

286 4138 328 4189 eo,
347 4132 378 4179 ut
396 4133 447 4181 oet.
