2662 5062
439 695 462 749 L
490 694 599 750 &nacae
616 695 752 764 Epistola.
1029 697 1092 761 463

168 893 322 976 Incipiam
344 892 563 976 a-snspioione
592 892 748 959 audacula.
783 894 865 960 Nam
887 896 919 960 in
947 897 1036 979 epist
1059 897 1090 975 3,
1114 899 1133 961 5

66 1019 128 1065 non
153 998 269 1064 transit
291 999 405 1063 Seneca
426 1016 523 1081 neque
546 997 715 1081 digreditur
726 1002 848 1082 arrepta
872 1002 1002 1068 alicuius
1022 1003 1133 1068 simili·

66 1105 187 1171 tudinis
209 1104 366 1170 occasione
388 1101 428 1169 ad
449 1103 544 1167 aliam
565 1122 640 1177 rem,
666 1103 721 1170 ned
742 1106 853 1180 subito,
874 1125 997 1189 prorsus
1018 1109 1134 1176 omissa

66 1210 226 1294 superiore
260 1209 465 1293 disputatione
497 1208 535 1273 de
569 1209 707 1275 amicitie
740 1211 837 1277 etde
865 1216 949 1278 recto
978 1216 1134 1296 tempera·

65 1319 174 1382 monto
209 1334 308 1398 neque
342 1314 447 1378 omnia
467 1313 609 1380 omnibus
632 1314 795 1399 evulgandi
816 1336 915 1401 neque
938 1319 1043 1384 omnia
1064 1337 1134 1402 pre·

65 1421 173 1487 mendi
205 1422 236 1484 et
270 1419 455 1496 occultandi,
487 1438 524 1484 ea
551 1420 650 1486 lorma
672 1412 847 1498 'orationis
884 1443 944 1506 qna
971 1425 1134 1490 videantur

65 1527 227 1610 superiora
268 1526 439 1593 continuari
481 1525 559 1607 (Sic
613 1528 800 1611 utrosque
847 1529 1133 1612 reprehendas),

65 1638 172 1700 tamen
194 1634 233 1698 de
255 1634 346 1716 longe
368 1632 492 1705 aliare,
516 1631 615 1696 otiosa
637 1633 740 1714 quiete
762 1636 794 1699 ct
814 1634 952 1717 inquieta
973 1654 1132 1700 concursa-

65 1741 160 1814 tione‚
184 1738 229 1804 sie
240 1739 325 1812 dicit
346 1741 494 1822 tanquam
508 1736 544 1801 de
557 1755 593 1802 ea
604 1736 741 1820 pluribus
763 1740 943 1824 iamegerit.
968 1743 998 1805 et
1009 1759 1132 1805 summa

65 1845 158 1910 huius
190 1843 407 1927 disputationis
441 1842 568 1907 collecta
601 1843 764 1925 epistolam
801 1846 964 1910 concludit.
1021 1846 1131 1929 ltaque

64 1968 190 2033 prorsus
229 1951 304 2033 puto
346 1947 422 2012 duas
466 1948 611 2031 epistolas
645 1950 812 2025 coaluisse,
856 1951 914 2015 line
949 1930 1058 2032 prioris
1100 1955 1132 2018 et

66 2057 155 2121 initio
189 2055 316 2121 alterium
352 2054 524 2137 intercepto
551 2054 633 2119 inter
660 2053 716 2120 illa
746 2055 914 2120 alterum
944 2056 1068 2121 tutius
1083 2130 1085 2133 ,
1100 2057 1132 2120 et

66 2162 128 2227 Sic
150 2164 344 2243 utrosque
366 2160 636 2242 reprehendas.
1037 2145 1041 2153 ’

168 2266 223 2349 llp.
246 2265 276 2343 6,
300 2266 336 2326 7:
380 2263 545 2342 Quaeris,
578 2266 722 2348 inquit,
759 2266 848 2349 qnid
875 2267 1132 2349 profecerim?

64 2373 229 2437 Amicus
260 2390 349 2437 osee
382 2370 488 2435 mihi.
543 2370 688 2436 Latinum
721 2391 781 2437 non
815 2376 864 2437 est
896 2372 1024 2458 proficio
1060 2392 1130 2436 eene.

66 2477 268 2544 Scribendnm
317 2479 379 2543 ost:
428 2474 481 2558 ¹Ue
523 2477 668 2542 amicus
712 2497 828 2540 essem
870 2475 977 2540 milii.
1029 2475 1132 2541 Semel

65 2585 180 2667 scripto
201 2603 232 2643 m
254 2589 356 2660 (esse
378 2581 498 2656 mihi),
526 2583 618 2651 etiarn
643 2584 683 2646 ut
704 2584 852 2648 omissum
875 2585 931 2647 est.

166 2689 222 2770 Ep.
253 2689 291 2765 9,
329 2688 366 2749 17
397 2685 558 2753 sententiae
585 2678 632 2751 sic
656 2687 832 2769 separandae
859 2690 946 2752 snut:
992 2687 1132 2765 Quam-

64 2795 127 2859 diu
162 2794 317 2877 qnidem
360 2791 426 2856 illi
469 2792 568 2857 licet
610 2812 679 2858 suo
725 2792 891 2857 arbitrio
934 2811 1000 2857 res
1039 2811 1132 2857 suas

65 2900 269 2975 ordinare,
306 2917 346 2963 se
368 2898 580 2962 contentus
602 2899 662 2962 est
683 2901 720 2963 et
743 2897 854 2963 ducit
875 2917 1032 2963 uxorem
1065 2897 1134 2976 (hoo

65 3009 130 3071 est:
157 3008 337 3080 ettamen),
367 3021 408 3068 se
441 3005 657 3067 contentus
684 3006 748 3068 est
769 3004 828 3081 (sic
848 3007 929 3069 recte
950 3003 1019 3068 edd.
1042 3021 1135 3087 snpe-

66 3112 179 3187 riores3
204 3111 287 3174 lici.
311 3111 343 3172 et
363 3109 394 3173 H
415 3126 475 3172 om.
499 3109 574 3184 est)
600 3112 636 3172 et
658 3109 811 3174 liberos
832 3109 961 3186 tollit;
984 3128 1023 3175 se
1047 3127 1134 3173 con·

66 3203 303 3289 tentusost
335 3216 374 3279 et
402 3216 535 3278 tamen
569 3232 640 3279 non
673 3216 799 3291 rivet,
832 3217 863 3281 si
902 3216 1023 3281 fucrit
1049 3216 1133 3280 sine

66 3322 225 3387 homine
248 3321 433 3384 victurus.
483 3317 656 3391 (Viveret
768 3322 872 3386 foret
893 3322 1028 3388 Haasius
1059 3340 1076 3385 e
1105 3338 1134 3403 p,

67 3431 162 3499 recte,
187 3429 223 3489 nt
245 3424 381 3501 videtum
408 3436 516 3506 ‘nsque
549 3425 631 3489 enim
654 3425 711 3490 hoo
732 3429 878 3509 tanquam
900 3427 1031 3494 fortasse
1052 3428 1134 3492 futu·

67 3552 134 3597 rum
158 3531 233 3613 poni
254 3532 379 3612 potest).
391 3532 414 3608 1)
456 3529 553 3595 Paulo
574 3535 646 3595 ante
667 3530 688 3617 ξ
712 3532 760 3611 12,
783 3533 836 3597 nbi
857 3532 1135 3612 Haasinssecutns

68 3641 116 3703 est
147 3636 397 3719 supplementum
430 3635 469 3699 ab
496 3634 644 3719 Opsopoeo
674 3656 690 3701 e
721 3637 776 3702 cod
804 3638 966 3705 Nicetiano
990 3640 1135 3721 positum,

70 3746 157 3810 cuius
180 3741 301 3807 nullum
325 3740 426 3806 estin
449 3741 557 3806 ceteris
580 3742 756 3824 vestigium,
789 3748 974 3826 comparatis
996 3745 1134 3828 vestigiis

66 3849 181 3916 codicis
204 3868 225 3930 p
249 3867 318 3914 cum
341 3847 395 3920 iis,
433 3865 500 3928 quae
517 3847 564 3911 in
587 3848 614 3911 P
635 3845 804 3931 ceterisque
825 3851 907 3923 sunt,
928 3851 993 3916 haec
1015 3850 1136 3915 videtur

65 3959 162 4024 fuisso
190 3955 250 4020 loci
274 3954 387 4018 forma:
428 3952 680 4035 Non-agitur,
703 3953 848 4036 inquis,
872 3975 969 4021 nnnc
991 3956 1034 4021 de
1056 3956 1136 4029 hoc,

66 4081 115 4127 an
139 4059 318 4126 amicitia
339 4060 498 4141 propter
522 4059 707 4139 seipsam
737 4060 1037 4141 expetendam,
1070 4061 1137 4126 sed

66 4169 217 4253 [poenitere
260 4165 303 4226 ud
340 4184 407 4226 eam
441 4164 561 4247 capiens
594 4163 742 4227 accedere.
794 4165 863 4229 Imo
902 4171 1021 4251 cpidum
1064 4188 1137 4227 oum

66 4373 269 4383 ---.-..—-

98 4499 118 4566 ¹)
137 4501 150 4565 ᾗ
174 4499 207 4552 16
226 4495 303 4550 Ficlr.
322 4499 350 4551 et
370 4495 402 4549 Η.
422 4494 544 4561 Qualis
562 4498 598 4549 et
616 4496 715 4550 Iovis
732 4513 819 4552 erroro
836 4514 884 4568 pro
903 4502 962 4553 est.
