2662 5046
246 291 306 354 m
602 287 870 358 mmmm

177 474 179 479 ’
204 489 305 572 prima
324 505 434 554 mauu:
456 487 651 570 fecitque,
684 486 781 570 quod
810 502 923 551 nemo
944 502 1112 567 unquam
1135 487 1277 570 tpran·

205 613 291 671 nus,
326 594 384 671 ut,
416 594 621 678 quominus
651 592 801 658 occulta
831 591 1003 656 vestrum
1030 590 1177 657 malum
1208 611 1277 676 gs·

168 758 172 768 .
206 698 386 777 moratis,
419 697 520 763 nihil
541 698 702 763 diceret.
759 695 1014 779 supplementum
1034 714 1129 778 supra
1149 714 1276 762 versum

209 804 378 869 recentiore
399 821 495 867 manu
516 800 704 885 adscriptum
728 801 848 867 omitto.
892 798 1059 865 Sententiae
1093 801 1194 867 forma
1216 802 1277 867 hu·

206 907 340 974 iusmodi
350 908 444 974 fuisse
465 907 585 974 videtur
606 925 662 973 uec
682 906 921 973 verbamultum
935 904 1071 970 dvorsa:
1095 905 1277 989 lecitque

294 1014 349 1091 ut,
372 1013 575 1096 quominus
609 1012 762 1078 occulte
783 1012 953 1077 vestrum
974 1010 1114 1075 malum
1145 1028 1278 1094 gama·

208 1117 324 1197 rotis,
357 1118 458 1184 nihil
484 1139 522 1181 sc
548 1118 786 1181 intercedere
815 1115 1000 1181 ediceret.
1053 1114 1090 1179 Iu
1120 1115 1180 1181 hoo
1208 1116 1279 1200 ipso

209 1222 309 1289 irrisio
329 1225 410 1303 erat,
432 1224 513 1308 quod
534 1221 684 1289 Gabinius
710 1221 744 1287 id
764 1221 899 1306 negabat
918 1239 953 1287 se
974 1222 1094 1295 votam,
1116 1221 1201 1304 quod
1224 1241 1278 1304 ve·

211 1329 272 1394 tari
293 1348 353 1396 non
373 1331 504 1414 poterat.

312 1469 381 1537 Ibd.
405 1469 463 1533 13:
499 1487 583 1534 eum
617 1484 698 1532 aum
721 1467 860 1548 praeter
884 1465 1113 1532 simulatam
1133 1484 1280 1531 vorsu·

210 1576 370 1658 tamque
389 1572 608 1640 tristitiam
638 1569 748 1635 nulla
776 1589 838 1636 res
868 1570 1173 1650 commendaret,
1206 1590 1279 1637 uon

209 1680 434 1746 inconsulta
466 1676 638 1744 studium
662 1693 732 1741 uon
762 1674 919 1741 dicandi
946 1676 1046 1742 uitia
1080 1676 1139 1758 rei
1167 1676 1280 1741 mili-

210 1784 316 1850 taris
353 1802 422 1850 non
459 1781 811 1867 cognoscendorum
849 1767 1044 1848 bominum
1071 1781 1279 1868 studium,

210 1906 286 1952 non
309 1888 545 1956 liberalitas.
589 1886 641 1953 Sic
661 1889 698 1953 P.
732 1889 774 1954 lit
794 1887 963 1954 studium
988 1888 1057 1954 loco
1078 1906 1134 1953 suc
1156 1891 1279 1954 motum

212 1992 319 2075 bisque
341 1994 477 2077 positum
499 1994 548 2058 est
568 1995 600 2059 at
620 1993 653 2058 iu
674 2012 748 2060 non
771 1993 944 2072 turbatum3
980 1993 1012 2059 in
1045 1993 1146 2059 uitia
1171 1993 1280 2060 subest

211 2098 372 2182 peritia,
404 2099 523 2182 fuitque
556 2099 624 2164 baee
649 2097 712 2163 fere
733 2097 888 2165 Ciceronis
915 2074 1042 2165 manus:
1074 2116 1143 2163 non
1177 2098 1280 2161 iuria

211 2204 391 2281 scientia,
425 2222 497 2270 non
530 2201 691 2269 dicendi
719 2201 789 2282 vis,
819 2224 893 2267 non
917 2204 1063 2295 paritio
1090 2203 1279 2283 119111ιίῙὶ-

210 2309 325 2386 taris,
359 2329 431 2377 nnn
464 2307 821 2395 cognoscendorum
857 2289 1055 2374 bominum
1089 2308 1282 2385 studium,

210 2434 283 2480 non
311 2415 557 2483 liberalitas.
611 2413 691 2493 (Vis
713 2413 842 2479 debatur
863 2412 1027 2493 Geertuio.)

312 2555 381 2620 Ibd.
404 2554 464 2619 23:
486 2557 527 2621 ut
554 2602 562 2620 .
585 2603 594 2619 .
617 2602 626 2620 .
654 2573 739 2618 eum
760 2552 902 2638 apertis
923 2553 1114 2620 hostibus
1133 2554 1283 2620 bellum

213 2678 359 2744 geram,
382 2660 538 2725 timidis
561 2651 694 2725 amicis
715 2658 933 2743 ignoscam,
965 2660 1192 2743 proditores
1212 2679 1283 2726 nou

213 2765 396 2841 indicem,
420 2766 590 2831 dolorem
611 2762 873 2846 profectionis
900 2783 989 2830 meae
1014 2766 1171 2831 reditus
1200 2767 1283 2850 dig·

214 2870 342 2935 nitate
363 2871 551 2937 consoler.
595 2869 702 2953 Neque
729 2869 769 2934 de
795 2867 957 2937 indicando
983 2871 1013 2935 h.
1038 2871 1059 2936 L
1087 2870 1200 2955 agitur,
1229 2889 1284 2936 ne-

215 2991 274 3057 quo
305 2975 510 3056 proditoribus
542 2974 643 3060 magis
684 2993 777 3059 quam
813 2975 930 3057 apertis
964 2976 1103 3042 bostibus
1135 2995 1283 3059 parsurus

215 3079 321 3146 Cicero
361 3081 436 3147 erat.
480 3079 680 3146 Scribendum
712 3079 895 3167 manifesto:
938 3082 1158 3165 proditores
1201 3083 1283 3144 ain·

215 3186 348 3251 dicem.

316 3325 384 3392 lbd.
412 3324 471 3390 25:
494 3326 544 3406 (Q.
567 3324 729 3391 Metellum
750 3323 787 3391 P.
809 3323 968 3403 Servilius)
1001 3324 1046 3390 ad
1075 3324 1138 3390 sui
1163 3344 1286 3410 geno·

218 3432 273 3497 ris
300 3475 310 3498 .
337 3479 376 3498 ..
405 3432 511 3497 facta
535 3431 786 3513 virtutesque
806 3429 1028 3506 revocavit,
1056 3430 1100 3495 ut
1118 3429 1287 3497 haberat

217 3539 255 3602 iu
276 3537 441 3603 oonsilio
470 3538 509 3601 et
534 3535 698 3601 fratrem
725 3534 771 3599 ab
791 3533 952 3611 inferis,
987 3533 1136 3601 socium
1158 3554 1287 3600 rerum

219 3661 410 3719 mearum,
445 3643 482 3707 et
508 3658 646 3707 omnes
678 3638 885 3714 Metellos,
918 3640 1287 3723 prestantissimae

219 3749 340 3825 cives,
371 3765 476 3829 paeno
506 3765 548 3811 ex
588 3745 814 3812 Acheronte
850 3746 1057 3816 excitatos.
1110 3745 1288 3812 Delendum

218 3854 264 3918 ab
284 3851 440 3927 inferis,
462 3851 653 3934 adscriptum
675 3849 714 3916 ad
735 3848 814 3915 illud
835 3838 1110 3916 exAcheronto
1133 3853 1165 3916 et
1187 3851 1289 3917 alieno

219 3959 287 4023 loco
308 3957 468 4024 insertum.
512 3957 595 4022 Nam
616 3973 714 4040 neque
734 3958 819 4021 recte
840 3955 888 4020 bis
901 3954 984 4021 idem
1005 3956 1129 4039 ponitur
1140 3957 1175 4022 et
1185 3956 1289 4040 inepte
