2626 5070
466 104 589 168 volonno
607 105 679 172 rrax.
1002 108 1064 172 317

72 297 204 470 11161111
239 260 413 387 permittit,
448 304 521 388 quid
547 305 595 371 eui
622 306 664 371 sn
690 305 801 385 orror,
831 306 916 375 creir.
970 309 1053 390 (ver.
1091 312 1106 376 1

83 409 169 474 Λ·
224 457 232 472 .

20 563 21 566 ,
69 422 82 487 p
142 429 223 581 Idoldl.a
234 415 263 579 di
298 515 337 579 18
371 516 485 587 excidit
517 516 644 589 verbum
676 517 816 600 aliquod,
854 536 925 585 curn
958 521 998 587 ad
1025 521 1106 588 hene

9 640 10 647 ¹
63 614 172 691 formem
215 623 368 704 scripturn
405 621 506 696 esest:
558 620 800 704 Quapropter
839 625 914 695 haec
944 615 1106 708 potissi·
1235 680 1248 688 .,

10 715 11 718 '
60 741 138 790 unrn
158 728 227 792 aut
249 725 288 789 in
310 725 447 792 liberis
469 728 733 810 potentissimi
765 732 868 815 regie
981 734 1105 799 autin

1 896 2 900 ,
59 828 192 897 bomine
248 832 369 898 sortis
430 832 568 916 ignotae
624 834 865 919 [evenerioc]‚
925 855 970 902 ne
1023 837 1108 921 ipsa

1 975 2 1032 3
58 936 190 1017 quidem
328 938 521 1004 rationem
551 958 674 1005 rerum
706 944 843 1009 natura
871 941 1108 1017 reddiderit,

1 1080 3 1135 2
57 1060 110 1109 non
134 1043 258 1128 magis
287 1063 409 1128 quam,
446 1044 538 1131 qnid
568 1045 623 1111 ita
647 1045 704 1126 (sic
725 1049 808 1113 recte
832 1047 916 1113 codd.
939 1047 1105 1113 deteriores

1 1136 3 1219 Ῐ
57 1165 97 1227 pro
131 1150 196 1232 qni
237 1151 304 1229 ita)
333 1151 545 1218 silvestres
582 1170 747 1238 capreas
902 1154 1107 1236 tantopere

0 1276 1 1279 ¹
58 1253 245 1330 dilexerit,
269 1256 328 1323 cet.

138 1361 206 1436 Lib.
228 1362 272 1440 ΙΙ,
300 1362 328 1436 1,
350 1362 384 1427 7:
416 1363 507 1448 quia
535 1363 636 1429 inter
657 1364 738 1430 ieta
759 1365 836 1429 tam
858 1367 993 1433 sancta
1014 1363 1105 1430 vin-

3 1474 4 1514 ?
60 1466 127 1532 cula
157 1487 234 1532 non
269 1469 395 1552 magis
437 1487 550 1552 quam
588 1469 625 1534 in
662 1469 794 1553 aliquo
828 1473 985 1536 sacrato
1021 1471 1105 1537 loco

60 1573 188 1640 nodare
221 1593 262 1639 se
293 1573 403 1639 nefas
433 1593 517 1641 esee
541 1575 786 1643 credebatur.
838 1576 1002 1663 Manitesto
1033 1596 1108 1645 sen-

61 1677 136 1744 tentia
158 1681 296 1764 postulat
311 1681 379 1766 soe
401 1699 490 1747 esec
521 1680 767 1760 credebatur,
800 1681 861 1747 nisi
888 1682 1002 1748 scribae
1033 1702 1107 1750 non

61 1787 172 1853 uinco.
214 1787 351 1864 Eritne,
371 1787 422 1872 qui
454 1806 505 1851 me
528 1787 646 1865 doceat,
676 1805 751 1853 non
783 1787 917 1871 magis
947 1789 1104 1855 interdum

60 1888 89 1954 rio
109 1894 196 1976 poni,
226 1895 263 1958 ut
294 1895 457 1978 utrumque
491 1893 688 1959 affirmetur?
743 1892 810 1972 (Gr.
843 1893 882 1959 L.
912 1893 973 1957 305
1001 1914 1031 1960 n.
1063 1896 1107 1974 2.)

61 1991 161 2064 Scilicet
183 1999 278 2064 scribi
299 1983 447 2083 poteratr
470 2019 554 2070 non
580 2000 621 2064 in
656 2000 815 2064 sacrato
849 1999 984 2083 aliquo
1016 2001 1105 2067 loce

60 2107 157 2190 uagis
179 2106 289 2172 nefas
311 2125 394 2172 esse
416 2104 645 2183 credebatur
666 2105 898 2188 quaminter
930 2107 1007 2172 ista
1028 2108 1103 2171 turn

59 2215 174 2277 saneta
206 2211 369 2279 vincula.
407 2211 493 2292 Quod
533 2230 613 2276 nunc
646 2212 809 2290 scribitur,
844 2213 945 2295 ipsum
982 2213 1106 2276 contru-

57 2314 116 2383 dnm
137 2321 196 2385 est.
233 2317 299 2402 [Sic
320 2318 383 2384 iam
408 2317 455 2384 ed.
479 2318 552 2383 Ald.
575 2319 607 2383 et
628 2317 794 2401 vorstius]
853 2358 854 2361 =

136 2425 203 2491 Ibd.
236 2425 272 2503 2,
298 2417 417 2507 biubi
444 2423 586 2490 Valerius
614 2423 812 2489 Terentinam
845 2423 1003 2489 civitatem
1025 2423 1103 2488 allo-

16 2603 17 2606 ,
56 2531 166 2610 priten:
203 2518 368 2596 horridae
404 2528 564 2595 virtutis
597 2530 633 2594 in
667 2550 704 2597 se
740 2531 862 2615 ipsum
898 2548 1100 2596 convexum

55 2639 347 2706 stabilimentum
380 2637 503 2702 nitore
535 2635 697 2701 fortunae
733 2634 933 2721 praesentis
962 2633 1104 2698 inflata

54 2738 246 2811 fastidiose
277 2744 454 2811 aestimas.
496 2741 604 2828 Neque
632 2760 834 2807 convexum
857 2740 1100 2809 stabilimentum
1123 2788 1125 2790 -

53 2856 84 2916 ut
102 2850 318 2936 appellaturve
339 2868 439 2932 neque
473 2848 568 2933 (quod
597 2849 650 2914 elii
677 2847 851 2929 ediderunt)
884 2846 920 2910 in
949 2865 987 2912 se
1014 2865 1104 2912 con·
1220 2894 1223 2901 .

52 2970 177 3023 nerum.
222 2955 364 3038 Valerius
386 2955 552 3039 scripserat
583 2955 621 3019 in
642 2974 681 3021 se
705 2957 890 3028 conicum,
921 2976 1103 3019 nosceren-

52 3056 93 3138 κός
114 3069 166 3138 εἰς
189 3056 306 3142 ἑαυτό,
338 3061 489 3146 quomodo
522 3060 627 3127 Cicero
658 3079 688 3125 n.
711 3059 793 3126 deor.
817 3059 866 3138 li,
902 3059 960 3121 115
996 3078 1103 3125 ornnes

51 3170 142 3234 nundi
173 3171 279 3253 partes
311 3168 387 3232 dirit
418 3167 584 3251 undique
619 3166 783 3232 medinm
815 3165 936 3229 locum
971 3184 1106 3249 capes·

52 3279 166 3342 rentes
186 3274 388 3358 aequeliter
408 3273 492 3339 niti.
538 3272 607 3359 [Sic
630 3270 796 3357 [inpetus]

18 3377 19 3380 ’
116 3382 203 3460 ibd.
225 3381 260 3458 8,
292 3380 325 3443 3:
355 3380 541 3462 triumphi
574 3379 771 3457 honorem;
806 3377 1001 3443 decretum
1025 3375 1103 3440 sibi

50 3492 213 3554 asenacu
241 3536 307 3566 ...,
333 3486 481 3570 sprevit
502 3505 542 3552 ec
565 3484 802 3568 repudiavit,
824 3481 1001 3548 nimirum
1024 3499 1095 3545 non

46 3591 142 3672 plura
182 3612 422 3678 praecerpens
461 3612 570 3675 quem
603 3590 839 3657 ecciderunt.
890 3585 1100 3652 Multitudinis

45 3699 219 3785 eunifimio
252 3703 284 3766 et
317 3699 505 3782 comparatio
541 3703 626 3779 (non
655 3698 776 3780 plura)
814 3693 938 3759 omnino
966 3691 1099 3758 absurda

40 3810 87 3874 cst.
138 3791 268 3872 Videtur
289 3807 383 3871 fuisse
405 3824 477 3871 non
493 3805 643 3890 peiora,
665 3804 700 3868 ut
722 3801 832 3886 dignus
855 3802 982 3867 eventus
1003 3816 1095 3880 supe·

37 3913 161 3981 rioribus
185 3912 383 3998 significetur.
