2678 5016
535 677 653 733 remus.
918 739 919 743 Ν
1025 679 1085 743 129
1192 655 1195 662 “

61 875 304 961 proferrcbarqne
326 875 456 942 fortasse
478 895 495 940 e
516 872 666 957 pluribus,
686 876 746 942 nisi
767 876 959 944 conferentes
971 878 1127 948 simillimi
1224 876 1235 903 ⁴

62 981 197 1062 vocabuli
219 981 425 1066 praecedontis
445 981 579 1065 speeiem
603 979 641 1045 ad
663 981 721 1047 hoc
742 982 982 1049 transtulissent

156 1087 304 1153 Eiusdem
337 1088 441 1157 satira
474 1106 503 1154 v.
527 1085 568 1151 88
591 1088 624 1151 et
644 1086 685 1150 89
707 1087 752 1152 sic
773 1087 1013 1173 interpungendi
1034 1093 1124 1159 sunt:

98 1191 184 1259 Men'
217 1195 363 1259 moveat?
407 1192 596 1277 Quippast,
629 1193 733 1258 cuntot
753 1191 781 1256 si
809 1192 989 1317 trampus,
1023 1214 1125 1261 assem
1219 1188 1221 1191 ’

101 1300 297 1383 protulerim.
1159 1359 1176 1389 ἢ

158 1402 338 1489 Interrogat
371 1404 473 1487 poeta
505 1402 663 1467 moverine
699 1417 732 1465 se
763 1400 810 1466 fas
839 1403 872 1467 et
898 1406 1055 1488 probabile
1082 1408 1126 1476 sit

63 1509 184 1587 talibus,
215 1509 320 1592 qualia
349 1508 527 1592 descripsit,
563 1509 716 1573 oratorum
756 1507 898 1588 plausum
935 1513 1124 1595 captantium
1248 1503 1255 1566 ΪΪ

61 1614 212 1689 artificiis3
235 1613 346 1679 deinde
359 1632 437 1679 cum
447 1612 696 1678 ironiaatlirmat
709 1612 865 1697 additque,
884 1620 1125 1684 consentaneum

63 1720 125 1785 tum
142 1738 222 1798 esse,
247 1722 284 1785 ut
307 1719 569 1803 etiamnaulrago
590 1736 650 1783 non
671 1717 757 1784 ilenti
779 1722 812 1784 et
832 1737 904 1785 vers
938 1721 1050 1788 misero
1072 1724 1127 1789 sed
1240 1718 1244 1727 ³

63 1824 135 1892 lexa
170 1825 340 1892 artificiose
389 1843 463 1891 voce
501 1822 643 1890 cantanti
677 1841 780 1889 assem
823 1825 993 1910 porriget
1022 1829 1127 1912 (Apud

62 1931 275 1998 hasnonium
317 1931 413 1997 verba
460 1931 542 1997 recte
586 1929 859 2015 interpuugnntur,
910 1932 992 1999 mals
1037 1951 1125 2000 enar·
1243 1932 1249 1937 ’

62 2040 189 2118 numu.)
393 2059 396 2064 ·
430 2082 433 2086 -

161 2176 285 2244 Lucani
306 2175 499 2241 Pharsaliam
521 2175 584 2260 legi
605 2174 755 2255 celeriter,
784 2176 817 2240 iu
842 2177 992 2261 corruptis
1014 2181 1046 2244 et
1066 2179 1127 2245 du-

64 2285 120 2351 biis
142 2303 203 2350 non
224 2284 315 2349 valde
336 2281 494 2348 insistens.
537 2280 599 2346 Sed
619 2282 725 2346 umen
747 2282 862 2348 sensim
883 2284 997 2354 lentius
1016 2285 1126 2372 legens

63 2390 256 2457 etoodicum
278 2388 445 2471 scripturas
478 2385 607 2453 subinde
638 2387 815 2453 examinans
843 2389 873 2454 in
906 2392 1126 2472 posterioribus

62 2497 148 2562 libris
169 2512 266 2560 unum
299 2494 488 2560 stallorum
523 2492 664 2557 annotmi
697 2494 810 2570 locum,
846 2494 895 2560 cui
921 2514 1010 2578 opem
1045 2499 1123 2565 lsrre

63 2601 325 2685 posseriderer.¹)

161 2741 230 2807 Lib.
252 2742 278 2819 1,
303 2739 365 2803 100
385 2758 462 2824 sqq,
483 2739 535 2805 abi
557 2737 686 2806 Crassus
708 2739 789 2804 inter
810 2739 963 2806 Cusanum
986 2742 1020 2805 st
1034 2741 1126 2807 Pom-

4 2936 5 2939 *
64 2848 165 2930 poium
196 2848 307 2930 tertius
345 2844 543 2928 interpositus
581 2863 651 2910 oum
688 2845 803 2911 isthmo
835 2847 933 2912 maria
964 2848 1126 2929 separante

67 2954 267 3037 comparatur,
289 2953 335 3018 sic
355 2951 514 3018 scribitur:

709 3055 848 3136 Qualiter
868 3057 967 3122 undas

20 3155 28 3173 ⁸
105 3163 157 3247 qui
181 3164 269 3229 secat
289 3163 322 3227 et
341 3162 497 3247 geminum
522 3161 644 3248 gracilis
667 3181 752 3254 mere
774 3162 897 3246 separat
920 3161 1052 3230 isthmos

105 3287 161 3334 uec
182 3269 301 3352 patitur
321 3266 457 3331 conferre
478 3266 606 3346 lrotum;
628 3269 655 3335 si
677 3272 760 3334 terra
780 3266 915 3343 recedat,

105 3372 225 3440 Ionium
246 3373 353 3457 AEgaeo
373 3371 497 3457 hengst
516 3392 616 3449 mare;
638 3373 755 3440 sicubi
777 3392 866 3448 save,
891 3375 949 3440 cet.

163 3480 241 3545 Haec
262 3479 290 3544 si
312 3497 383 3544 vera
406 3481 488 3557 sunt,
524 3479 607 3545 terra
630 3480 685 3544 aut
718 3478 849 3558 isthmos
886 3476 1009 3544 Ionium
1044 3500 1130 3549 mers

20 3574 21 3580 ’
69 3584 168 3670 AEpaeo
196 3585 351 3650 fracturas
386 3603 453 3649 csse
486 3583 608 3659 dicitur,
641 3585 720 3668 quod
753 3584 806 3669 qui
843 3586 927 3651 terra
959 3586 1129 3664 (reocdsns)

70 3691 184 3787 efficere
220 3689 281 3755 dici
313 3689 428 3772 possit,
465 3708 525 3755 nou
558 3687 709 3775 intelligo
763 3691 904 3757 Alterum
926 3711 1011 3758 mare
1032 3694 1128 3760 altero

70 3797 198 3862 irruente
242 3799 274 3861 et
314 3796 486 3880 potentiore
520 3795 621 3882 burgi
656 3798 785 3879 poterat
840 3795 951 3880 ltaque
992 3800 1130 3883 suspicor

72 3902 272 3969 scribendum:

76 4129 263 4141 —————--

93 4278 112 4345 ¹)
136 4279 324 4337 Weberianum
344 4280 444 4355 Lucani
462 4280 611 4350 exemplam
639 4282 698 4336 tcto
717 4281 829 4336 consilio
856 4297 936 4352 prava
960 4281 1128 4345 institutum,

138 4372 289 4430 indeiecta
308 4353 447 4479 sctiffiua
467 4374 496 4428 et
512 4369 729 4443 interpunctione
747 4373 951 4429 vitiosissimum
974 4376 1024 4427 est.

121 4485 344 4527 issvlaflflnmuc
356 4490 424 4527 „l.l
914 4497 929 4540 9
