2662 5046
162 394 179 427 Ω

253 310 320 371 ’934
508 391 509 394 ¹
619 308 750 365 Linvll.
766 309 879 378 Capll.

210 510 397 574 auctore.
448 498 544 572 Serib.
583 516 790 569 auctorare
830 529 866 569 se
899 508 1063 574 nolebat.
1124 508 1198 595 lpse
1241 513 1282 587 id,

210 613 296 697 quod
319 615 359 680 ab
381 634 417 680 eo
439 613 660 696 postulabatur.
683 613 782 677 lacere
803 612 953 678 nolebat?

316 720 383 784 Lib.
405 719 477 795 ΧΗ,
513 718 561 797 15,
595 718 615 780 4
635 719 665 783 in
689 717 820 799 'epistola
841 717 883 781 P.
898 716 1022 783 Lentuli
1044 719 1110 785 haee
1131 721 1280 805 leguntur

200 823 412 889 vdeRhodiis:
436 824 622 889 Haeosire
638 825 785 900 timore,
807 823 1072 899 utdiotitant‚
1094 825 1139 890 de
1163 829 1280 910 agris,

200 949 308 1012 euos
330 931 367 994 in
390 930 614 995 continenti
635 929 786 1003 habent,
819 929 904 993 sive
936 929 1187 997 furore‘siue
1209 934 1286 997 im·v

214 1035 392 1117 potentia
413 1054 628 1118 paucorum,
661 1035 727 1119 qui
762 1035 798 1098 et
827 1035 940 1099 antea
960 1036 1048 1117 pari
1069 1039 1281 1102 contume-

213 1141 269 1207 lia
301 1142 404 1207 viros
440 1141 679 1206 clarissimos
708 1139 929 1204 affecerant
961 1141 1000 1204 et
1031 1160 1134 1206 nuno
1155 1146 1281 1208 maxi-

212 1266 292 1312 mos
316 1249 582 1332 magistratus
604 1247 790 1331 gerentes
822 1243 927 1308 nullo
961 1247 1133 1330 exemplo
1159 1267 1280 1333 neque

212 1353 354 1418 nostra
375 1373 416 1418 er
438 1354 551 1435 part-e
572 1370 694 1435 neque
725 1346 858 1414 nostro
881 1353 1130 1432 praesentium
1153 1373 1280 1439 neque

206 1459 432 1524 imminenti
467 1458 593 1523 ltaliae
612 1455 791 1538 urbique
822 1457 964 1521 nostrae
1001 1458 1176 1540 periculo

199 1564 375 1639 mederi,
399 1583 482 1630 eum
504 1563 625 1629 facile
647 1565 816 1645 possent,
848 1562 1072 1641 noluerunt,
1101 1565 1157 1629 ubi
1179 1585 1280 1650 neque

207 1670 379 1736 orationem
403 1691 500 1754 neque
522 1671 705 1735 seutentiam
728 1669 867 1733 constare
890 1668 1010 1733 inillis:
1033 1669 1101 1752 qui
1124 1671 1281 1737 affece-

198 1779 298 1841 rant
318 1779 359 1841 et
380 1796 479 1842 nuno
508 1776 753 1859 ...gerentes
774 1774 880 1839 autin
902 1773 971 1838 his:-
992 1793 1117 1857 neque
1140 1782 1280 1843 nostra

207 1898 256 1943 ex
277 1885 388 1961 parte
411 1902 541 1965 neque
568 1885 712 1947 nostro
745 1878 993 1963 praesentium
1015 1880 1192 1962 periculo

210 1985 357 2049 mederi
393 1987 613 2063 voluerunt,
646 1986 721 2051 satis
748 1987 843 2069 putet.
886 1985 999 2050 Fuerat
1037 1989 1141 2052 antem
1178 1988 1279 2055 forma

200 2091 355 2156 orationis
387 2092 562 2158 huiusmodi
595 2097 679 2168 lnam
710 2093 779 2174 ipsa
810 2091 904 2156 verba
934 2091 1059 2175 reperiri
1096 2097 1278 2176 praestarire

199 2199 391 2280 nequeunti:
429 2200 484 2260 Ae
516 2200 596 2264 siue
628 2200 765 2263 timore
794 2247 801 2262 .
912 2197 993 2262 sive
1031 2197 1277 2282 impotentia

210 2322 427 2386 paucorum,
443 2305 504 2388 qui
520 2308 556 2370 et
574 2307 720 2370 antea..
735 2303 969 2368 affecerant
987 2307 1136 2369 etnuno
1155 2310 1277 2373 mari·

81 2420 84 2428 ’
209 2409 1278 2494 mos(oummanimesshuetz.)magistratusperuotnullo

204 2517 380 2598 erem-plo
406 2534 530 2599 neque
555 2537 621 2577 uos
650 2514 824 2598 accipere
849 2525 970 2599 porto
995 2533 1117 2598 neque
1142 2521 1277 2584 nostro

198 2622 455 2715 praesentium
478 2619 1278 2703 neque-..periculo.mederi..voluerunt.

198 2754 201 2758 ·
308 2726 375 2790 Lib.
400 2725 488 2802 Xlll‚
520 2725 571 2803 29,
608 2726 643 2788 7:
690 2720 768 2790 Ho'o
788 2725 885 2789 mihi
912 2726 1026 2790 velim
1050 2727 1208 2804 eredas,
1245 2732 1279 2796 si

198 2830 300 2914 quid
335 2832 496 2908 fecerim
532 2831 600 2919 hoo
634 2832 720 2914 ipso
756 2831 793 2895 in
826 2831 928 2896 bello
959 2831 1087 2896 minus
1120 2851 1162 2898 ex
1194 2835 1279 2899 Cae·

199 2936 309 3002 ‘saris
342 2937 555 3011 voluntate,
593 2936 689 3019 quod
717 2935 980 3002 intellexerim
1014 2937 1113 3001 seire
1149 2940 1277 3021 ipsum

205 3042 399 3108 ¹Caesarem
446 3061 502 3107 me
534 3041 814 3108 invitissimum
851 3042 1010 3116 fecisse,
1053 3043 1089 3107 id
1132 3045 1277 3110 secisse

204 3149 371 3215 aliorum
418 3147 593 3212 oonsilio.
648 3148 752 3214 Cicero
788 3149 954 3230 seripserut
985 3152 1017 3214 et
1056 3150 1100 3214 sie
1137 3153 1277 3233 separari

205 3255 377 3320 sententias
410 3254 563 3319 voluerat:
598 3253 707 3337 (quod
740 3253 923 3323 inretisses
957 3255 1059 3320 seire
1091 3254 1218 3338 iptum
1243 3257 1276 3323 C.

208 3380 266 3426 me
288 3359 567 3426 invitissimum
592 3359 755 3438 lesisse),
800 3398 801 3401 =

198 3489 201 3495 -
309 3465 405 3531 Paulo
427 3465 525 3546 plura,
547 3465 670 3530 omniuo
691 3467 794 3530 tamen
817 3483 923 3549 pause,
939 3466 1067 3553 restant
1088 3467 1277 3553 proferenda

204 3572 249 3638 ad
271 3570 423 3659 epistolas
445 3569 488 3635 ad
510 3569 673 3649 Attioum.
767 3577 771 3585 '

309 3678 376 3742 Lib.
399 3677 425 3751 Ι,
450 3676 498 3751 14,
527 3676 648 3759 lquod
671 3675 786 3740 editur:
822 3694 902 3739 oum
923 3676 1085 3741 Luooeio
1118 3677 1155 3740 in
1184 3698 1277 3762 gra-

174 3769 178 3779 ’
207 3784 303 3848 tiam
338 3782 436 3859 redi,
475 3782 534 3846 uisi
566 3783 596 3846 in
628 3800 686 3844 uno
718 3782 783 3845 loco
815 3801 833 3846 a
865 3781 1017 3846 scribendi
1054 3785 1276 3850 consuetudine

204 3888 364 3955 discedere
387 3889 499 3970 placet·
521 3889 622 3949 redii
642 3888 734 3952 soriti
753 3888 853 3953 debet.
900 3928 902 3931 -

197 4031 218 4040 ι-
309 3993 375 4059 Ibd.
402 3994 450 4070 18,
484 3994 554 4057 lin
583 3994 721 4059 oodioum
743 3995 904 4077 scriptura,
937 4013 1003 4076 quae
1025 3993 1090 4057 haee
1113 3997 1177 4058 est:
1216 3998 1278 4060 ta·

205 4118 288 4162 men
311 4100 487 4165 voluntas
514 4102 628 4165 etiam
662 4101 774 4182 atquo
807 4100 926 4164 etiam
958 4100 1042 4183 ipsa
1078 4101 1277 4167 medicina
