2656 5056
446 109 478 164 L.
496 109 601 164 Senece
623 78 761 180 Epistola.
1031 110 1092 173 503

46 312 87 392 (e
115 307 192 391 cod.
216 308 281 372 Pal.
317 304 559 377 lsimilibusve)
591 303 773 369 edebantur:
818 306 914 371 Hinc
941 358 949 372 .
978 358 984 370 .
1012 358 1019 373 .
1048 308 1134 374 sub·

45 414 173 491 vola,
208 413 350 495 corrupta
391 412 424 475 et
452 428 470 474 a
494 409 640 474 bonorum
665 410 805 475 codicum
836 413 975 498 vestigiis
1008 414 1135 489 detorta,
1179 460 1185 473 .

49 540 70 586 e
110 519 234 603 quibus
270 535 376 583 rerum
419 515 508 580 facile
540 513 664 580 eruitur.
721 515 920 583 sonbencurn
955 521 1020 584 est:
1055 519 1135 582 Hoc

46 627 105 707 (in
132 624 220 688 huno
243 624 395 688 excelsum
417 623 518 687 locum
553 623 585 685 et
606 621 685 686 bauo
706 621 893 719 libertatern)
915 642 1015 688 nuno
1036 644 1136 707 qno-

49 731 220 813 quetu,
257 730 444 810 quantum
475 726 601 809 potes,
638 725 739 802 aubi,
777 728 1126 812 voluptatique

49 835 226 900 alienus
261 831 451 896 iambico
481 834 537 895 oet.
597 831 686 907 llius,
718 830 768 914 qni
798 832 974 899 etiamnunc
1002 837 1133 918 corporis

51 959 158 1006 onere
182 937 334 1022 premitur
366 940 398 1001 et
419 935 575 1000 difficilem
599 935 711 1000 clivum
733 936 880 1010 ascendit,
917 941 966 1003 est
987 940 1133 1014 subire,

52 1066 124 1111 non
152 1042 374 1110 subvolare.
431 1042 499 1108 Una
533 1042 637 1106 litters
662 1041 754 1123 periit
776 1060 812 1106 en
833 1042 932 1109 subi.
991 1045 1135 1110 Extrema

56 1150 203 1235 epistola
232 1148 295 1231 (30)
317 1148 382 1213 beec
409 1148 566 1231 leguntur:
610 1146 751 1225 Quidni
783 1134 850 1245 non
883 1147 1038 1219 timeat,
1073 1150 1135 1232 qui

57 1255 171 1322 mori
196 1255 343 1338 sperat,
377 1253 410 1318 si
438 1253 472 1317 is
494 1270 662 1336 quoque,
698 1252 763 1335 qui
797 1252 961 1317 animum
986 1254 1134 1319 tamdiu

56 1360 232 1426 iudicat
274 1376 443 1431 manere,
490 1356 674 1440 quamdiu
716 1357 912 1421 retinetur
958 1361 1133 1441 corporis

58 1463 239 1536 vinculo,
260 1464 430 1529 solutnrn
455 1463 588 1528 statim
613 1461 753 1545 spargi,
786 1461 822 1525 id
845 1462 936 1545 agit,
959 1467 997 1528 ut
1017 1465 1134 1530 etiarn

58 1572 154 1654 post
189 1570 347 1633 mortem
382 1568 492 1647 utilis
519 1586 604 1634 esse
636 1567 785 1652 possit?
841 1567 893 1641 lli,
926 1568 977 1651 qni
1011 1587 1133 1653 corpore

60 1675 217 1741 dissoluto
239 1675 374 1739 animum
398 1675 505 1739 statim
531 1673 633 1757 spargi
655 1674 754 1755 putat,
786 1691 845 1738 non
880 1676 981 1757 potest
1015 1676 1134 1740 contra·

59 1782 130 1846 rius
153 1780 237 1863 poni,
271 1781 418 1864 unquam
451 1779 553 1843 minus
583 1779 693 1844 mortis
721 1777 817 1842 metui
839 1778 997 1858 obnoxius,
1022 1781 1059 1857 is,
1082 1782 1133 1864 qui

61 1886 166 1952 mori
200 1887 343 1968 sperat.
398 1884 527 1968 Utrique
559 1901 641 1948 mors
671 1883 826 1965 proposita
862 1888 924 1959 est3
962 1886 1065 1968 egitur
1096 1886 1134 1951 de

61 1992 153 2058 statu
176 1991 408 2074 postmortem.
462 1989 528 2054 Nec
559 1988 639 2051 mori
658 2009 744 2071 spero
767 1989 881 2054 Seneca
915 1989 1026 2055 dixisse
1049 1979 1135 2055 ride·

59 2100 126 2163 tur.
174 2094 370 2173 CodenB(et
392 2094 460 2159 edd.
483 2096 593 2171 vetti:
618 2094 681 2177 qui
704 2094 800 2158 mori
822 2092 958 2176 eperat
980 2114 1023 2160 se
1045 2114 1134 2178 quo·

62 2220 138 2287 qne
163 2201 237 2284 qni,
259 2199 328 2264 alii:
351 2218 457 2282 m.sp.
481 2200 547 2265 sed
569 2218 716 2284 qnoque
738 2199 836 2282 quia,
859 2200 1019 2264 ntlaouna
1040 2218 1134 2282 eppa·

61 2309 144 2372 reat.
203 2305 248 2369 lla
276 2307 388 2370 saltem
422 2324 481 2370 uno
503 2306 646 2370 vocabulo
668 2305 736 2388 plus
759 2305 876 2380 hausit:
899 2324 970 2370 narn
994 2306 1032 2370 ad
1055 2305 1134 2370 bano

63 2413 200 2477 formam
223 2409 340 2475 Seneca
376 2411 557 2494 scripserat:
601 2409 745 2491 Quidni
777 2429 848 2476 non
887 2412 1041 2487 timeat,
1073 2413 1135 2494 qui

64 2518 189 2582 morti
223 2517 358 2601 sperat
391 2535 432 2582 se
468 2515 790 2602 [supersuturam
827 2517 859 2578 ri
890 2515 937 2599 ie]
973 2535 1134 2599 quoque,

66 2625 131 2709 qni
155 2625 215 2687 cet.

171 2727 227 2810 Ep.
252 2727 322 2808 103,
347 2730 361 2789 1
386 2727 507 2793 codices
529 2725 640 2808 optimi
661 2725 702 2807 (B
724 2725 764 2800 A)
787 2725 851 2789 haeo
873 2724 988 2808 scripta
1006 2726 1134 2790 habent:

67 2835 205 2900 Parios
229 2835 321 2898 snut
356 2851 481 2908 cesus,
515 2830 676 2895 etiarnsi
697 2833 1134 2915 graves‚·naulregium

68 2941 216 3016 facere,
237 2938 414 3003 vehiculo
437 2938 579 3013 everti3
613 2938 656 3002 ab
694 2937 847 3002 homine
869 2937 1018 3001 homini
1040 2940 1136 3003 coti-

69 3046 229 3110 dianum
265 3043 489 3125 periculum.
549 3043 712 3107 Pincianus
753 3043 785 3107 et
816 3042 952 3126 plerique
986 3043 1135 3108 editores:

69 3150 166 3216 Rari
188 3151 280 3215 sunt
302 3148 401 3230 (peius
423 3148 557 3214 Haasius
579 3148 773 3220 existunt)
808 3165 920 3213 ossus
948 3149 1004 3236 oet.
1059 3149 1137 3214 Puto

69 3254 183 3319 fuisse:
231 3253 324 3319 Rari
361 3264 415 3316 eat
444 3271 576 3328 casus,
609 3252 765 3316 etiamsi
793 3254 944 3334 pravis,
978 3254 1137 3318 naufra-

70 3359 174 3442 gium
196 3356 212 3420 f
216 3376 341 3433 acere,
364 3360 422 3424 hoc
442 3362 498 3433 est,
518 3357 596 3440 quod
609 3375 678 3423 reno
694 3356 824 3421 accidat.
847 3356 908 3421 Sed
926 3357 1002 3422 illud
1024 3359 1137 3422 certius

71 3468 104 3530 et
124 3463 252 3529 maioris
274 3462 312 3528 ad
325 3463 510 3529 sententiam
524 3461 682 3542 momenti,
704 3459 725 3546 ξ
746 3461 777 3537 4,
799 3461 851 3525 nbi
872 3461 916 3525 sic
939 3463 970 3526 in
983 3462 1138 3527 codicibus

70 3570 160 3635 bonis
184 3570 226 3647 (B
256 3569 297 3645 A)
330 3569 489 3634 scribitur:
534 3568 616 3633 Non
650 3567 825 3632 arietant
857 3566 964 3631 inter
995 3585 1034 3632 se
1063 3567 1139 3631 nisi

70 3676 108 3739 in
130 3674 172 3756 (Β
188 3674 308 3756 nisui)
329 3673 461 3740 eodem
485 3673 730 3738 ambulantes
752 3672 840 3755 quia
862 3673 989 3736 autern
1012 3673 1139 3754 ipsam

69 3778 364 3863 philosophiam
397 3798 468 3845 non
502 3778 666 3843 debebis
697 3778 860 3842 iactare:
899 3778 1035 3843 multis
1064 3777 1142 3842 fuit

70 3884 242 3969 periculi
265 3902 378 3949 causa
409 3884 636 3949 insolenter
669 3885 845 3948 tractatu
869 3887 914 3975 :⁰⁸
936 3884 1143 3948 conturna-
