2648 5084
507 699 636 755 lustinus.
693 672 700 703 ἶ
736 654 761 674 ⁴⁸
947 660 952 667 W
1003 691 1063 765 623
1162 771 1166 780 ὖ

22 854 129 966 halo
152 901 367 984 superatis,
403 899 547 964 nullius
584 900 709 982 magis
738 885 843 964 arma
864 903 1109 975 metuebant,

18 1017 266 1091 reputantes
307 1014 347 1083 (v.
392 1008 689 1088 reputantibus),
733 1012 916 1089 quantum
961 1012 1106 1074 motum

20 1113 210 1196 Pyrrhus
243 1132 361 1196 parva
395 1113 642 1178 Macedonum
680 1132 790 1177 manu
825 1114 860 1177 in
894 1115 1016 1180 Italia
1048 1118 1109 1180 fe·

22 1220 209 1295 uisset¹t

142 1325 210 1389 uio.
233 1325 322 1402 uun,
348 1327 375 1402 1,
410 1327 483 1389 eet
507 1325 559 1387 1o:
601 1324 720 1388 erant
751 1326 850 1389 enim
882 1327 918 1389 ru
946 1326 1108 1392 enesau-
1270 1336 1287 1405 ,·

20 1433 90 1497 r'is
117 1432 144 1495 L
167 1432 279 1497 milia
311 1433 503 1497 talentum
537 1438 574 1496 et
605 1431 643 1495 iu
672 1450 796 1496 annuo
818 1432 1106 1516 vectigalitri·
1191 1454 1196 1467 ’

23 1538 441 1604 butotrioenamilia.
496 1538 565 1603 Sed
587 1539 701 1603 amici
724 1538 934 1603 Alexandri
957 1539 1107 1604 frustra
1169 1624 1172 1631 ⁴
1250 1568 1254 1576 ·
1314 1589 1318 1616 .

23 1665 201 1730 regnum
226 1646 467 1726 spectabant.
519 1646 612 1710 Nam
636 1646 717 1725 eius
740 1645 968 1710 virtutisne
992 1665 1107 1710 vene·

24 1751 207 1818 rationis
242 1755 369 1827 erant,
403 1757 444 1816 ut
475 1752 650 1835 singulos
688 1770 794 1835 reges
828 1757 1009 1834 putares,
1045 1757 1104 1818 cet.

25 1859 180 1924 Primum
204 1858 398 1922 scribendum
431 1860 467 1924 in
505 1876 628 1922 annuo
664 1859 850 1941 uectigali
880 1868 912 1919 et
940 1859 1121 1934 tributos

27 1984 109 2030 uam
135 1962 264 2048 veceipcl
285 1964 429 2026 tutatum
450 1965 525 2029 nihil
548 1967 609 2040 est;
642 1967 805 2047 utrumque
828 1965 979 2029 nominari
1001 1966 1101 2029 debet.

29 2069 170 2143 Deinde,
204 2074 239 2135 nt
272 2071 398 2135 effectus
431 2090 529 2136 causa
562 2078 658 2147 (nam
693 2071 775 2135 eius
808 2076 880 2147 eet.)
917 2073 1125 2159 conveniret,

28 2176 210 2258 superiores
244 2176 391 2242 edebant:
435 2178 501 2242 sed
534 2198 599 2244 uec
636 2179 747 2243 amici
784 2178 997 2243 Alexandri
1034 2181 1102 2251 cet,

29 2282 149 2366 quibus
171 2282 286 2347 frustra
300 2284 401 2349 neseio
423 2285 496 2368 qnid
518 2286 619 2352 obtusi
640 2286 788 2350 acuminis
810 2284 930 2366 Ieepius
953 2287 1102 2369 opposuit.

30 2388 98 2453 Sed
136 2388 330 2453 scribendum
356 2393 436 2454 erat:
470 2392 587 2456 milia.
634 2390 709 2453 Nee
743 2391 856 2455 amici
885 2397 943 2458 cet.
999 2393 1100 2457 Etiam

22 2492 215 2563 XXXVIII.
247 2494 277 2571 4,
310 2495 348 2557 14
370 2498 451 2560 recte
474 2497 587 2563 librarii
610 2497 746 2562 codicum
771 2497 796 2561 ld
820 2497 855 2570 F,
879 2500 945 2563 tum
969 2499 1103 2564 editores

28 2601 188 2666 fecerant:
225 2620 293 2666 uec
317 2603 383 2685 (pro
406 2606 456 2680 et)
480 2604 637 2687 gravius
662 2603 800 2668 ¹vicino
833 2605 962 2669 ltaliae
995 2606 1100 2670 bello

29 2725 148 2790 quam
183 2707 408 2774 domesticis
444 2710 664 2794 principum
701 2709 937 2774 factionibus
966 2710 1100 2774 urbem

27 2815 170 2897 premi,
208 2816 288 2898 quod
325 2816 425 2898 ipsum
463 2817 591 2898 leepius,
626 2815 697 2880 dum
734 2817 866 2895 alterum
898 2836 930 2881 se
960 2835 1102 2882 enarrare

26 2922 142 3004 putat,
190 2926 313 2986 enarrat
352 2924 417 2999 („et
459 2922 589 2986 Marsico
625 2922 714 2987 civile
747 2924 862 2989 bellum
898 2922 1099 3005 periculosius

26 3027 175 3109 fuisse).

137 3133 202 3199 Ibd.
247 3134 286 3209 2,
335 3133 369 3198 3:
423 3135 575 3199 nemine
629 3136 776 3200 tantum
831 3141 986 3202 ceteros
1034 3155 1101 3199 ex·

26 3239 224 3316 cedente,
269 3243 313 3305 ut
345 3243 377 3306 ei
411 3243 554 3325 aliquis
587 3261 627 3306 se
663 3244 941 3308 summitteret.
983 3242 1096 3306 Parum

26 3347 116 3419 erat,
154 3365 248 3411 uuum
281 3348 414 3431 aliquem
448 3369 481 3414 se
515 3350 716 3415 summittere.
770 3352 797 3413 Α
830 3354 864 3414 et
896 3349 949 3414 alii
979 3348 1099 3413 codices

26 3451 172 3534 aliqui,
189 3453 233 3518 'C
255 3454 437 3532 (Guelferb.)
465 3457 776 3521 summitterent.
831 3456 966 3521 lustinus
1001 3455 1096 3538 scrip·

24 3562 131 3625 serat:
154 3563 195 3623 ut
217 3560 250 3624 ei
272 3561 417 3646 reliqui
437 3582 475 3626 se
497 3563 802 3627 summitterent.

135 3664 200 3732 lbd.
223 3667 252 3739 4,
275 3667 311 3730 d:
356 3667 425 3732 His
460 3669 514 3741 ita
547 3669 768 3751 compositis
806 3666 1038 3732 Macedoniae
1061 3670 1100 3731 et

22 3772 200 3838 Graeciae·
230 3776 438 3857 Antipater
477 3776 733 3858 preponitur;
770 3774 885 3857 regite
921 3774 1097 3856 pecuniae

20 4000 230 4010 ....-.---....-..

48 4155 75 4223 ¹)
96 4154 152 4210 Sed
183 4155 288 4227 leepius
305 4155 340 4210 ad
358 4153 431 4218 XVI,
457 4157 482 4217 5,
513 4157 547 4209 15
575 4153 632 4220 (ubi
657 4157 748 4222 potest
772 4153 801 4208 in
831 4151 962 4208 divisione
980 4150 1094 4206 subiecti

99 4248 169 4317 fingi
187 4248 377 4318 anacoluthon)
404 4247 525 4303 defendit
551 4243 618 4313 XII,
651 4251 681 4307 6,
709 4248 755 4303 li:
777 4245 1092 4302 Callisthenis...

95 4340 237 4396 accitus
256 4345 284 4396 et
301 4341 349 4407 XI,
370 4342 394 4405 7,
414 4344 442 4395 6:
465 4341 689 4408 percontatus
706 4357 777 4395 eam
797 4380 805 4395 .
823 4379 829 4392 .
848 4380 855 4394 .
871 4340 942 4393 illa
960 4382 967 4396 .
988 4381 994 4394 .
1015 4381 1020 4394 .
1045 4354 1094 4393 re·

96 4434 241 4504 spondit
259 4440 318 4500 (scr.
338 4435 571 4504 percontatur
596 4474 629 4491 ..
650 4474 656 4487 .
675 4432 889 4501 consuleret;
910 4432 996 4500 illa).
1017 4432 1092 4495 (XII,

96 4532 123 4593 6,
143 4528 161 4583 5
178 4528 239 4596 quis
257 4545 309 4583 uon
328 4527 403 4584 ridet
420 4526 640 4584 considerans
658 4529 792 4598 pertinere
809 4528 843 4584 ad
863 4525 1093 4593 estimatio?)
