2678 5016
557 660 665 717 Soneoo.
1041 655 1100 720 123

72 867 176 950 aliquo
203 867 290 949 porte
327 863 546 928 Terentianum
578 856 670 924 illud:
714 858 837 942 Aprum
879 856 926 918 tte
969 854 1143 939 replenitur

74 971 229 1035 meliorem
261 990 361 1055 neque
375 970 458 1054 preti
488 965 616 1031 materie
650 985 737 1027 neno
771 961 859 1026 later
887 961 1066 1041 (Heautont.
1090 958 1142 1038 64,

74 1078 151 1144 Eun.
187 1076 293 1152 loll„
331 1075 388 1140 sed
420 1075 463 1139 ibi
492 1073 631 1139 enbientn
662 1069 786 1154 negotio
818 1066 990 1134 eommunis
1029 1066 1141 1147 (nemo)

77 1184 183 1267 prioris
212 1181 387 1247 absentiam
409 1179 598 1260 compenset.
652 1175 727 1255 (Cir.
749 1174 864 1242 Herod.
887 1173 941 1248 lv,
965 1170 1015 1245 28:
1038 1170 1166 1263 p‘peo'o-‘

76 1314 127 1355 roe
150 1289 184 1355 δὲ
208 1280 286 1354 οὐδὲ
311 1283 386 1352 ὄνοι
409 1279 470 1351 οὐκ
493 1276 693 1370 ἐνέχονται.)

172 1392 255 1461 lied-
282 1393 360 1457 342:

276 1500 361 1563 Hine
382 1501 474 1581 utque
496 1496 581 1562 illine
603 1515 673 1561 oum
696 1495 756 1562 (luo
778 1501 910 1573 montes,

279 1603 415 1668 clanetrn
437 1601 586 1687 profundi,
609 1602 709 1667 subito
730 1603 866 1684 impulsu

276 1709 364 1774 uelut
385 1709 509 1774 aetherio
534 1712 693 1792 gemerent
713 1711 824 1781 sonitu,

277 1818 438 1899 spargeret
461 1817 546 1880 esua
567 1814 722 1896 nubesque
744 1814 826 1896 ipsae

279 1938 366 1985 mare
388 1919 583 2002 deprensum.

173 2025 356 2110 Aeyndeton
387 2025 418 2088 in
449 2035 610 2108 pemereot,
641 2035 797 2109 eparperet
831 2024 990 2090 ferendum
1012 2022 1143 2090 videtur.

82 2131 135 2197 Sed
177 2135 386 2216 praeterquum
419 2129 501 2214 quod
537 2140 621 2192 aetra
655 2150 778 2197 veroum
823 2130 1007 2213 corrumpit,
1052 2128 1144 2194 astris

81 2237 171 2301 nubes
193 2240 271 2320 ipeoe
291 2239 440 2319 tunquam
461 2236 561 2300 meins
581 2237 613 2301 et
634 2237 726 2301 altius
747 2237 910 2319 superponi
927 2255 987 2301 non
1000 2234 1145 2318 possunt;

83 2341 207 2420 aceedit,
241 2340 322 2423 qnod
343 2342 374 2405 in
396 2341 497 2406 oodioe
529 2343 644 2424 optimo
665 2360 727 2407 non
749 2353 844 2418 mora,
878 2342 932 2408 sed
954 2342 1045 2404 morin
1066 2338 1144 2406 eori-

82 2446 168 2512 bitnr.
213 2448 322 2530 ltnqne
343 2447 374 2510 in
397 2448 533 2511 mentem
556 2444 640 2512 uenit
660 2449 755 2514 scribi
773 2468 882 2532 posse:

332 2554 491 2636 spargeret
512 2553 593 2614 armo
614 2552 770 2637 nubesque
793 2555 875 2636 ipene
897 2574 938 2619 m.
964 2553 1005 2628 (l,

84 2661 117 2723 nt
135 2657 347 2742 significentur
366 2658 488 2741 rupium
514 2659 681 2725 cacumina.
728 2659 789 2725 Sed
812 2659 926 2725 dubito.

181 2763 249 2828 Ibd.
273 2761 351 2826 369:

323 2867 393 2934 Non
415 2868 556 2934 Palladia
577 2871 737 2952 compacte
759 2889 852 2934 menn

323 2993 433 3059 regum
454 2974 587 3039 referens
610 2973 716 3040 inolita
738 2993 840 3041 remos

327 3080 472 3163 quaeritur
486 3080 577 3164 Argo.

180 3187 217 3250 In
261 3185 413 3270 ecferendi
450 3186 541 3249 verbo
588 3186 657 3268 quo'
694 3186 869 3268 praepositio
911 3188 1045 3268 spectet,
1090 3202 1153 3249 non

83 3291 178 3370 uideo,
211 3291 467 3375 seribendumque
489 3293 579 3373 puto:
602 3312 767 3376 neptemque
782 3291 887 3375 fer’ene
908 3290 976 3354 incl⁴
999 3314 1026 3353 r.

181 3397 249 3462 Ibd.
272 3397 356 3462 401:
802 3413 804 3418 ’

216 3501 251 3566 Si
272 3503 393 3585 qnaeris,
415 3502 485 3566 odio
510 3503 624 3567 misere
645 3522 736 3586 quom
760 3504 880 3569 stntnne
902 3500 1040 3576 modum,

220 3607 345 3672 imitare
366 3626 515 3674 umorem.

183 3712 342 3792 anntnm
375 3714 417 3779 eit
437 3713 552 3789 odium,
587 3712 696 3780 Medea
731 3713 864 3798 intelligi
897 3730 985 3796 posse
1017 3709 1092 3775 dioit
1114 3729 1151 3774 er

84 3817 178 3901 ipsius
212 3819 337 3895 amoris,
370 3819 423 3904 qui
455 3820 527 3885 unte
558 3817 661 3893 inerit,
694 3818 918 3904 magnitudine.
980 3818 1016 3881 In
1037 3816 1096 3880 hue
1118 3834 1157 3880 re

84 3924 216 3990 imitatio
254 3924 331 3989 nihil
377 3925 501 3991 omnino
548 3925 610 3990 loci
659 3924 768 4001 habet;
815 3925 924 3989 eontra
954 3922 1157 4006 aptissimum

89 4032 159 4096 erit:

386 4138 490 4197 mettre
511 4154 657 4201 umorem.

187 4240 254 4305 luo.
276 4239 338 4304 409
360 4259 440 4325 sqq.:

237 4346 414 4429 Numquam
436 4365 523 4411 meus
546 4344 680 4410 oeseabit
699 4344 732 4409 in
754 4363 858 4428 poenns
879 4345 962 4409 furor

239 4454 415 4535 crescetque
437 4471 567 4535 semper.
613 4450 687 4531 Qnre
708 4450 844 4516 ferarum
865 4449 1053 4524 immunitus,
