2678 5016
564 629 685 688 Oridlue.
1074 635 1117 698 -93

188 825 273 900 XIV,
297 824 339 886 55
361 843 447 907 sqrp:
564 900 568 910 ι

290 930 383 994 Hunc
417 927 602 1013 (gurgitem)
637 929 694 996 dea
726 932 879 1014 praevitiat
898 937 1159 1022 portentificisque

563 1072 566 1077 ·
898 1059 1023 1107 venenis

289 1139 446 1221 inqquat3
470 1139 520 1205 hic
542 1158 662 1221 pressos
684 1142 792 1208 latices
816 1144 920 1209 radice
942 1149 1065 1213 nocenti

288 1245 419 1328 spargit,
441 1245 499 1309 oet.

90 1352 190 1419 Codex
210 1354 245 1418 M
266 1354 316 1416 tie
335 1354 416 1431 facet
443 1353 544 1416 latices
576 1350 718 1430 (Merkel.
739 1372 770 1435 p.
792 1353 903 1431 XIII),
937 1357 1023 1423 cuius
1060 1358 1156 1443 serip-

89 1463 165 1525 turae
187 1461 283 1525 etiam
305 1459 337 1525 in
359 1459 428 1526 alfia
452 1459 606 1525 codicibus
629 1458 761 1542 ratigia
782 1461 862 1525 suut.
887 1461 1061 1542 ⁸liilicitur:

601 1564 861 1649 portentificisque
882 1568 1008 1633 venenis
1044 1567 1046 1572 ’

239 1671 382 1754 Inquinat
403 1672 522 1756 φὴ·
546 1673 655 1737 latices
677 1671 781 1737 radice
804 1671 928 1737 nocenti

239 1776 368 1860 spargit,
390 1779 422 1842 et
443 1778 608 1843 obscurum
631 1779 690 1842 oet.

188 1880 274 1958 xlv,
298 1882 369 1959 739,
392 1883 454 1946 740
476 1884 529 1958 (de
544 1881 665 1967 Iphide,
689 1881 741 1965 qui
763 1900 796 1947 se
820 1882 929 1966 laqueo
952 1884 990 1949 ab
1011 1885 1157 1953 interiore

88 1987 175 2069 parte
197 1987 296 2052 lanua
318 1988 448 2073 religato
470 1985 661 2071 suspenditlz

171 2089 242 2158 Iota
264 2092 379 2176 pedum
400 2097 487 2159 motu
508 2091 717 2176 trepidantum
743 2094 775 2156 et
796 2091 896 2158 multa
915 2098 1093 2178 gementem

172 2197 239 2264 risa
259 2197 380 2264 dedisse
402 2219 512 2266 sonum
536 2201 585 2265 eet
606 2197 812 2280 adapertaque
834 2199 927 2265 ianua
951 2201 1066 2269 Iactum

171 2304 315 2388 prodidit.

189 2408 239 2475 Sic
274 2410 338 2474 fere
370 2410 490 2476 codices
524 2414 667 2494 (qnorum
700 2409 824 2493 quidem
854 2411 1005 2494 optimus,
1033 2412 1156 2479 omissis

91 2533 191 2579 errore
212 2514 331 2582 duobus
358 2516 573 2592 hemintichiis,
598 2515 691 2579 habet
713 2515 836 2580 tanturn
857 2516 918 2578 ieta
936 2518 1052 2601 pedum
1074 2527 1157 2581 mota

92 2631 132 2682 eat
152 2621 301 2706 adoperta
322 2622 417 2684 ianua
431 2621 582 2705 facturn),
605 2620 664 2685 nisi
686 2619 766 2703 quod
790 2622 929 2687 nonnulli
951 2624 1158 2708 trepidantem,

93 2725 144 2790 alii
166 2735 194 2788 et
213 2737 308 2790 morte
330 2728 488 2792 timentem.
546 2724 583 2791 Iu
617 2725 715 2787 multa
746 2728 867 2791 tenetur
899 2727 1041 2811 frequens
1065 2747 1158 2809 error,

91 2850 149 2914 qno
171 2832 294 2898 sublato
317 2832 450 2898 efficitur
471 2852 540 2898 eum
565 2835 674 2916 argnto
696 2833 767 2896 lusu
788 2832 821 2895 et
842 2831 1007 2898 Ovidiauo:

191 2938 258 3004 Icta
279 2938 392 3022 pedum
415 2939 503 3004 motu
526 2937 737 3021 trepidantum
755 2946 842 2999 mota
862 2941 1039 3021 gementem

187 3044 256 3109 risa
276 3045 399 3112 necnee
420 3064 530 3111 sonum
552 3047 601 3110 est
622 3043 828 3125 adapertaque
850 3043 942 3108 ianua
962 3045 1078 3111 Iactum

187 3149 330 3232 prodidit.
1118 3154 1121 3160 '

87 3255 186 3333 (Nihil
207 3257 256 3321 est
277 3255 482 3339 trepidantum
503 3264 618 3326 mocte3
641 3257 761 3337 poterat
782 3254 855 3319 ferri
876 3254 909 3315 e'n
931 3263 1049 3332 morte.)

186 3360 253 3440 XV,
279 3361 338 3424 153
361 3381 427 3444 sqq.
450 3363 493 3439 (iu
515 3360 700 3444 Pythagorae
723 3360 887 3437 oralionelz

222 3467 248 3532 0
271 3486 369 3551 genus
391 3467 557 3533 attonitum
580 3464 691 3550 gelidae
713 3464 874 3529 formidine
896 3465 1014 3539 mortis,

220 3573 294 3655 qnid
317 3572 423 3658 Styga,
446 3572 519 3656 qnid
541 3572 683 3636 tenebras
707 3574 738 3636 et
759 3569 885 3634 nomIna
906 3588 984 3634 rana
1004 3571 1133 3648 timetIs,

220 3680 383 3744 materiem
407 3680 514 3744 ratum
538 3677 669 3759 falsique
691 3675 827 3759 pericula
848 3675 964 3739 mundi.
1057 3727 1060 3736 .

83 3784 175 3864 Quae,
212 3803 336 3868 quaeso,
365 3786 431 3850 haec
456 3785 529 3851 sunt
550 3783 658 3849 mundi
678 3782 830 3865 pericula,
863 3801 930 3864 quae
955 3781 1154 3867 Pythagorae,

86 3889 140 3974 qni
164 3890 273 3956 omnia
302 3890 341 3954 de
363 3891 468 3955 Inferis
503 3889 681 3954 inanissime
713 3888 785 3952 ficta
818 3886 908 3952 docel
933 3906 1016 3962 esse,
1051 3890 1156 3953 tamen

85 4001 114 4062 et
150 4016 221 4063 case
257 3996 348 4061 docet
396 3996 428 4060 et
461 3995 566 4060 timeri
603 3995 711 4060 vetat?
767 3993 809 4057 Et
843 4012 902 4076 quo
931 3992 1014 4076 falsi
1047 3994 1153 4059 mnndi

86 4101 250 4186 appellatio
272 4101 429 4185 pertinet?
472 4101 615 4166 Terroree
638 4099 685 4163 illi
714 4100 786 4162 sunt
807 4098 966 4164 hominum
988 4098 1067 4165 falsa
1089 4102 1153 4183 opi·

86 4209 173 4276 uione
199 4208 295 4274 fidem
316 4206 357 4272 iis
380 4207 603 4272 adhibentium.
651 4202 779 4268 Ovidius
802 4205 980 4287 scripserat:

240 4313 404 4378 materiem
426 4313 542 4386 ratum,
557 4311 640 4394 falsi
661 4308 805 4372 meula
826 4310 942 4375 mundi.

90 4415 191 4484 Rarior
211 4435 285 4493 vor,
318 4436 386 4501 qnae
414 4436 431 4482 e
454 4417 553 4500 poetis
576 4417 689 4481 testem
711 4414 971 4490 habaidedum,
995 4433 1031 4479 er
1051 4413 1153 4479 Ovidii
