2654 5010
491 610 597 666 Plinius
614 611 709 666 minor.
1035 608 1094 670 221

169 809 246 874 ibid.
278 809 336 875 65:
366 827 479 891 quam
509 809 673 892 dignum
703 809 742 873 te
771 824 965 891 quemque
998 804 1138 871 direr-

61 935 151 981 snm
175 915 468 980 consuetudine
493 913 671 990 illorum,
695 913 763 996 qui
784 911 971 996 panonlis
993 911 1138 977 diebus

66 1022 225 1105 gestum
248 1019 520 1097 consulatum,
543 1020 659 1085 immo
681 1038 755 1084 non
778 1019 936 1102 gestum
958 1017 1138 1083 abiicie-

64 1128 166 1194 bant
193 1146 261 1211 per
289 1127 484 1191 edictum!
530 1125 671 1191 Debebat
700 1124 874 1207 praepositio
895 1122 968 1188 addi
990 1131 1022 1202 (a
1043 1142 1138 1190 oon·

62 1231 312 1312 suetudine),
336 1234 394 1298 nisi
417 1233 579 1316 appareret
595 1231 733 1297 Plinium
754 1234 913 1314 poctarum
941 1233 972 1294 et
992 1230 1024 1294 in
1047 1247 1138 1311 prosa

62 1339 206 1405 oratione
221 1340 311 1404 huius
326 1339 427 1405 etatis
447 1356 537 1404 usum
551 1340 730 1422 sequentem
747 1336 920 1421 scripsisse:
942 1336 1138 1401 diversum

61 1444 295 1512 consuetudini
324 1445 499 1511 illorum.
553 1444 646 1509 Error
679 1442 796 1509 fecilior
827 1444 894 1508 arat
926 1443 957 1508 in
990 1459 1137 1507 concursu

62 1552 201 1634 duplicis
223 1552 334 1617 litterae
357 1552 366 1616 i
389 1556 420 1617 et
442 1550 513 1615 inde
536 1549 662 1616 alterins
685 1549 820 1614 elisione.
863 1548 928 1628 [Sic
944 1547 1003 1614 dno
1017 1549 1137 1614 codices

63 1657 149 1740 apud
172 1657 402 1738 Schwarzinm]

167 1763 246 1829 ibid.
270 1765 327 1828 73:
363 1764 460 1844 Quis
492 1765 588 1829 tnnc
620 1781 693 1828 non
723 1780 740 1826 e
769 1759 950 1839 vest-ipio
978 1777 1046 1825 suo
1069 1777 1136 1824 ex·

61 1869 211 1935 siluit?
249 1870 346 1950 Quis
368 1869 590 1935 exsiluisse
612 1869 766 1934 sensit?
804 1865 1006 1932 Scribendum
1029 1882 1135 1931 neces·

62 1976 148 2041 sario
169 1976 333 2058 geminetis
355 1975 474 2041 deabus
499 1974 632 2042 littoris:
655 1973 752 2053 Quis
774 1975 892 2055 <ee>
915 1970 1135 2037 exsiluisse

62 2082 222 2147 sensit?
265 2082 426 2166 Sequitur:
465 2081 592 2147 Multa
625 2081 793 2157 lecimus
825 2080 985 2162 sponte,
1019 2077 1136 2161 plura

62 2187 272 2254 instinctu
305 2188 473 2271 quodam
507 2193 545 2252 et
576 2185 758 2271 imperio.
800 2185 890 2251 Nihil
911 2203 944 2251 se
966 2187 998 2250 st
1019 2186 1135 2250 ceteros

62 2294 237 2360 deliberato
269 2294 396 2360 consilio
427 2295 535 2360 iecisse
568 2294 688 2360 Plinius
718 2293 882 2377 significat.
937 2291 1034 2356 Paulo
1064 2293 1135 2356 ento

63 2399 112 2466 sic
134 2401 226 2465 uerba
246 2400 509 2484 interpungenda:
531 2400 669 2466 Testis
693 2401 779 2485 ipse
800 2419 850 2466 es.
881 2400 970 2478 Qua
991 2398 1030 2462 in
1053 2416 1132 2462 om·

63 2506 175 2570 nium
197 2524 263 2571 ore
285 2506 451 2573 laetitial
496 2508 582 2573 Non
604 2508 777 2573 amictus
799 2508 857 2572 cet.
908 2505 1056 2587 Alioquin
1078 2502 1134 2567 ad·

62 2611 203 2677 dandum
225 2614 309 2678 esset
330 2614 460 2679 luerit
481 2615 552 2696 post
573 2613 733 2679 laetitia

166 2719 244 2784 Ibid.
268 2721 328 2784 77:
351 2720 400 2784 Et
417 2738 511 2785 sene
533 2737 684 2802 aequnm
706 2719 784 2792 est,
806 2718 961 2782 tentum
984 2718 1136 2783 ceteris

63 2827 261 2907 praestare
283 2826 523 2891 oonsulibus
545 2824 694 2907 ipsum,
718 2824 784 2905 qni
806 2823 994 2888 consules
1016 2822 1135 2897 faoit;

63 2932 214 3014 qnippe
247 2931 370 2997 etiam
402 2933 566 2997 fortune
598 2928 815 2994 videbatur
844 2928 1070 3012 indignum,
1102 2929 1134 2992 si

65 3037 1005 3122 possethonoresdare‚quigererenonposset.
1024 3033 1136 3100 Nullus

63 3145 114 3208 est
135 3144 284 3225 praeteriti
305 3145 453 3227 temporis
475 3144 689 3229 significationi
710 3143 811 3218 loons;
834 3142 872 3207 ad
893 3140 1136 3207 condicionalem

63 3247 236 3315 orationem
259 3251 483 3316 accommodari
506 3269 565 3315 non
588 3250 691 3332 potest
713 3248 929 3314 ridebatur
952 3266 1005 3330 pro
1029 3247 1135 3313 vide-

66 3357 196 3432 retnr;
230 3357 424 3424 scribendum
457 3356 578 3422 sublato
613 3356 860 3439 frequentissimo
892 3356 922 3419 in
956 3355 1013 3419 hoc
1043 3355 1134 3419 verbo

66 3465 195 3528 mendo:
225 3463 370 3546 quippe
400 3464 524 3528 etiam
550 3464 714 3527 fortune
735 3461 886 3528 violentur
908 3461 1135 3545 indignum,

66 3568 216 3654 siposslt
237 3570 408 3665 honores
430 3569 540 3646 dare,
562 3569 629 3653 qui
651 3587 789 3652 gerere
812 3586 884 3632 non
907 3568 1016 3653 possit.
1041 3569 1082 3633 nt
1104 3569 1134 3633 in

66 3675 199 3757 possit
220 3675 341 3758 quidem
365 3679 494 3757 utroque
517 3674 581 3740 loeo
601 3673 720 3740 codices
735 3674 892 3751 adiuvant,
909 3674 1006 3740 altero
1021 3676 1135 3756 plnres.

168 3792 246 3857 lbid.
270 3795 327 3857 82:
361 3792 485 3858 Simul
517 3793 669 3871 cogito,
700 3812 783 3858 eum
811 3792 896 3857 sint
917 3784 996 3857 ista
1020 3793 1137 3858 ludus

64 3898 105 3962 st
126 3905 427 3965 avocamentum
452 3900 570 3964 huius
592 3898 667 3964 ille
689 3901 794 3965 serie
816 3901 855 3964 et
876 3898 1036 3963 intento
1059 3901 1137 3964 eta

66 4003 211 4086 quibus
235 4023 275 4070 se
297 4004 335 4069 in
359 4007 441 4070 tale
464 4005 589 4071 otium
612 4005 764 4088 recipit
785 4006 1020 4087 voluptates
1043 4006 1137 4070 sunt

65 4109 170 4174 enim
204 4111 459 4193 voluptates,
499 4112 644 4194 quibus
678 4113 826 4197 optime
863 4112 907 4176 de
943 4112 1137 4194 cuiusque

64 4218 291 4300 gravitate,
310 4218 467 4284 sanctit
501 4222 554 4298 te,
578 4217 850 4301 temperantia
872 4217 1064 4283 creditur.
1087 4216 1137 4284 Sic

64 4321 196 4401 codices,
216 4323 274 4389 nisi
290 4324 370 4406 qnod
387 4324 418 4389 in
436 4324 637 4390 deterioribus
659 4324 777 4389 huius
801 4323 956 4389 omittitur
970 4324 1002 4390 et
1018 4326 1136 4390 minora

64 4429 208 4511 qnaedam
238 4431 403 4496 variantur.
448 4430 614 4519 Manifesta
646 4435 693 4496 est
724 4431 844 4496 lacuna.
889 4431 933 4495 Ex
967 4430 1006 4496 iis
1035 4432 1135 4510 rebus,
