2678 5018
260 340 300 401 10
619 338 679 395 Lib.
697 337 745 394 VI.
764 337 828 407 Cup.
848 338 871 393 1.

572 533 625 598 ille
647 533 809 608 (eiusmodi
830 536 891 605 esu
914 534 1015 616 cupiet
1036 534 1140 614 miser,

316 639 368 721 qui
388 639 447 703 nisi
468 641 525 704 cet.

316 743 382 807 lbd.
402 744 461 807 881
485 764 551 826 sqq.
575 745 644 822 (ΙΙΙ,
677 744 706 823 3,
729 745 749 806 8
773 755 860 827 sqq.).
904 744 1149 808 Acroteleutium
1174 763 1275 809 mere·

215 849 285 925 trix,
307 849 428 913 astutiis
460 852 492 914 et
527 849 696 914 calliditate
735 849 822 922 frete,
860 848 1101 931 Periplecomeni
1137 848 1278 913 admoni-

215 955 332 1020 tionem
355 955 398 1018 sic
420 956 615 1036 aspernatur:

752 1058 947 1122 Meretricem
969 1060 1151 1122 commoneri

258 1182 348 1244 quam
362 1182 435 1227 sene
445 1168 548 1248 magni
560 1167 680 1242 referet,
690 1163 766 1227 mihi
778 1165 897 1227 clamet.
921 1160 1023 1239 Quid?
1046 1180 1141 1246 egone
1152 1163 1232 1229 frust
1267 1213 1275 1239 ‚

257 1272 418 1352 postquam
440 1266 582 1330 adbibere
604 1285 691 1333 aures
714 1288 791 1333 meae
812 1270 874 1331 tuae
896 1268 1011 1331 loream
1034 1268 1189 1345 orationis,

256 1376 313 1440 tibi
343 1375 413 1449 dixi,
440 1372 530 1436 miles
552 1373 810 1453 quemadmodum
832 1375 967 1454 potesset
987 1372 1156 1436 deascieri?

317 1476 367 1541 Sic
397 1477 582 1543 Ritschelins
616 1477 711 1542 edidit
718 1502 727 1557 ;
755 1479 787 1541 in
818 1477 1105 1543 commonetur
1132 1476 1275 1542 scribitur

216 1581 290 1663 quin
312 1602 365 1664 epo
387 1584 516 1645 insono
538 1582 600 1660 (B),
634 1584 707 1666 puin
739 1605 793 1666 epo
820 1584 966 1667 infrustro
988 1583 1045 1662 (C).
1101 1581 1163 1646 Sed
1190 1581 1275 1662 quiu-

217 1685 290 1766 qnid
312 1685 350 1749 de
371 1685 430 1750 hoc
451 1706 540 1751 versu
562 1688 716 1764 statuitur,
736 1688 926 1771 ineptissime
949 1689 1092 1753 meretrix
1115 1686 1274 1770 gloriatur,

94 1846 97 1851 ,
216 1809 260 1864 se,
292 1793 454 1874 postquam
491 1794 658 1857 orationem
692 1793 935 1875 Periplecomeni
972 1792 1117 1871 audierit,
1153 1791 1274 1865 dixisse,

216 1897 368 1978 quomodo
404 1896 503 1980 decipi
524 1901 555 1962 et
576 1898 642 1963 falli
677 1899 766 1962 miles
788 1901 907 1980 posset;
940 1917 1037 1980 neque
1066 1899 1093 1962 si
1114 1898 1158 1962 ito
1181 1899 1273 1971 esset,

216 2002 292 2078 erut,
325 2021 379 2065 cur
409 2004 609 2085 contemptim
642 2004 757 2067 loreum
790 2004 937 2068 orationis
967 2004 1145 2086 appellaret.
1190 2003 1274 2067 Scri·

216 2105 349 2170 bendum
372 2108 435 2172 est:

791 2212 872 2291 Quin
894 2230 961 2296 ege,
982 2214 1017 2274 ni
1029 2214 1175 2296 frustror,

253 2316 439 2400 priusquam
461 2317 603 2382 adbibere
625 2337 713 2382 aures
736 2337 813 2383 mese
835 2321 896 2383 tuae
917 2318 1030 2383 loreum
1053 2320 1209 2397 orationis,

259 2420 318 2485 tibi
339 2420 411 2497 diri,
434 2424 492 2486 cet.
563 2424 565 2428 ’

259 2526 396 2607 Superba
418 2546 486 2591 cum
509 2529 659 2593 modestia
680 2527 757 2591 dicit
777 2529 812 2588 ui
824 2528 964 2611 frustror·
985 2530 1107 2611 (fallor).

316 2632 382 2695 Ibd.
408 2631 486 2693 1319
510 2633 574 2708 (IV,
597 2633 626 2709 8,
649 2634 680 2710 9)
701 2630 839 2697 codicum
861 2635 925 2697 haec
948 2636 995 2698 est
1017 2635 1183 2717 scriptura:

282 2737 348 2800 PH.
393 2739 448 2802 lbo
481 2756 664 2820 quamquem
692 2738 791 2803 inuita
825 2739 903 2802 facio
932 2740 1015 2803 omni
1050 2740 1149 2822 pietus
1171 2740 1236 2805 scio

852 2844 912 2909 PL.
936 2845 1030 2908 chent
1051 2844 1143 2927 supis.

405 2947 497 3026 (CDF
518 2950 601 3010 omni
617 2949 714 3032 pietas
736 2951 774 3010 sc't
795 2971 828 3012 co
850 2948 936 3010 clraut
956 2949 1057 3028 sapis).

198 3127 202 3141 ⁶
317 3050 548 3129 Animadverso,
580 3055 611 3117 in
645 3056 729 3115 omos·
748 3055 885 3119 litteram
913 3076 930 3116 0
953 3073 969 3118 0
996 3054 1180 3136 precedenti
1204 3072 1281 3119 voce

218 3155 316 3219 ortam
341 3175 417 3231 esse,
439 3158 538 3222 facilis
567 3162 598 3223 et
620 3162 703 3223 certa
725 3159 860 3223 nascitur
880 3161 1045 3225 correctio:

258 3261 419 3327 PHILOC.
462 3265 524 3334 Ibo,
547 3282 732 3347 quamquam
763 3264 971 3338 inuitatum,
999 3266 1034 3326 ni
1053 3265 1152 3348 pietus
1177 3274 1275 3347 copas.

935 3370 1076 3435 PLEUS.
1122 3370 1221 3452 Sapis.

316 3473 485 3554 Aptissime
506 3460 563 3536 hoc
592 3470 717 3537 dicitur:
751 3474 852 3538 Invito
873 3474 959 3547 secio,
982 3494 1038 3538 nec
1072 3475 1195 3550 faciem,
1219 3476 1278 3540 nisi

216 3580 314 3659 pietus
335 3581 433 3661 coget.
463 3578 537 3642 .Er
558 3601 573 3639 r
594 3579 749 3662 geminato
781 3582 813 3645 et
847 3601 881 3642 00
905 3581 1022 3645 fectum
1043 3582 1115 3657 ecio,
1159 3600 1194 3645 ex
1215 3592 1282 3665 pot,

216 3682 297 3763 qnod
318 3684 464 3758 restabat,
491 3681 588 3747 cicant.

315 3785 450 3852 Mostell.
473 3788 513 3850 65
535 3789 573 3866 (1,
599 3790 625 3862 1,
650 3790 703 3866 62)
725 3789 918 3854 scribendum
939 3793 1029 3873 puto:

426 3891 510 3966 Este,
532 3894 672 3959 ecfercite
694 3914 750 3960 uos
772 3895 890 3978 rapina,
914 3896 1031 3971 caeditc,

214 4015 269 4078 pro
290 4015 335 4071 eo,
357 3997 438 4080 quod
460 3997 573 4063 editur:
597 4000 732 4084 ecfercite
755 4023 819 4077 uos,
841 4002 983 4084 supinam
1007 4001 1127 4064 caedite.
1151 4000 1280 4084 Sagire

215 4101 328 4185 opinor,
350 4121 409 4167 non
432 4103 566 4172 creditur.
