2656 5056
144 574 161 597 ιε

104 655 165 711 ,ι

111 714 125 736 ι

512 621 528 651 ,ὑ
542 660 548 679 ι
564 626 579 678 a
794 612 799 626 ¹
819 656 825 663 ,
893 617 907 650 1
994 639 1023 659 μ,
1237 644 1251 676 ,
1275 645 1278 655 r

121 754 126 773 ξ
407 747 422 766 ,ς
454 687 685 750 Taciti-donans.
719 665 730 696 ξ
787 691 836 769 ξς
855 746 869 767 ,.
938 680 941 691 ξ
987 690 1063 756 Ὂ53
1154 703 1190 757 ‘s

394 746 417 792 ’γ
987 806 993 814 ς

855 836 995 902 ”e

43 901 257 989 contemptam
276 896 335 978 ipsi
357 895 581 960 contumeliosa
598 888 732 975 patronis
755 894 789 956 nt
820 868 1013 974 imponerent
1034 910 1105 958 sua-

44 1004 166 1069 debant.
226 1004 305 1067 Tum
337 1001 534 1084 iuprorimis
568 1019 628 1065 non
651 999 710 1066 dici
731 999 839 1064 Latine
860 1021 952 1083 grace
974 1009 1015 1061 est
1034 999 1106 1060 reei-

47 1110 142 1172 nendc'
163 1088 216 1192 plo
239 1128 285 1186 eo,
307 1110 386 1193 quod
409 1109 457 1173 est
487 1108 612 1173 maere
635 1089 736 1190 '(XIV,
756 1106 811 1169 21:
834 1123 903 1170 nec
925 1087 1128 1188 cuiquam

43 1215 172 1282 iudici
190 1215 305 1300 grand
328 1204 442 1280 aures
469 1238 519 1280 .’..
547 1214 773 1297 impertire,
807 1212 866 1276 etsi
887 1229 972 1295 paene
993 1210 1105 1274 ridicu-

41 1322 108 1386 lum
132 1325 181 1387 est
203 1321 339 1404 exemplo
353 1313 433 1402 uti),
456 1321 643 1404 argumentis
667 1319 817 1395 docerem,
857 1317 884 1383 si
906 1336 952 1394 ea‚-
975 1337 1041 1400 qua
1065 1316 1104 1380 ad

42 1428 269 1494 defendendum
291 1427 471 1505 afferuntur,
504 1426 707 1510 intelligerem
740 1426 836 1502 (velut
858 1423 937 1508 quod
953 1423 1103 1506 jaciendi,

43 1535 124 1620 quod
148 1538 196 1600 est
217 1537 278 1600 ccc]
302 1547 429 1609 ποιεῖν,
453 1536 731 1616 comparatur'cum
747 1531 794 1597 ’τό
821 1534 883 1598 τοὺ
905 1543 1027 1603 ποιεῖν,
1051 1531 1104 1592 aut

45 1641 123 1726 quod
159 1641 332 1706 huiusmodi
368 1641 476 1706 Graeca
504 1640 674 1724 finguntur:
718 1634 818 1722 darien
863 1645 929 1704 ἐστι
969 1630 1007 1700 cd
1041 1635 1104 1699 cod

44 1740 193 1824 α’κουέιν,
216 1747 274 1811 etsi
297 1746 427 1811 debebat
447 1746 537 1830 fingi:
560 1739 659 1830 u'qde‘c
683 1751 761 1810 ἐστι
781 1747 841 1810 τοῦ
864 1737 1027 1822 claudere),
1050 1744 1105 1806 aut

44 1855 68 1919 si
91 1855 163 1933 duo,
189 1873 255 1936 quae
280 1856 425 1936 praterea
446 1854 614 1935 ponuntur,
648 1853 786 1935 exempla
817 1852 930 1917 similia
961 1852 1102 1933 putarem

21 1964 97 2025 'aut
119 1978 174 2042 per
186 1978 228 2024 ‘ee
249 1962 364 2023 rectum
388 1959 561 2023 crederem:
584 1969 684 2020 munet
693 1958 931 2043 provincialibus
949 1965 1103 2019 ostentare.
1204 1947 1207 1954 ’

44 2066 133 2130 Nunc
156 2065 337 2147 simpliciter
358 2065 427 2130 dico
450 2068 522 2130 ante
545 2066 801 2131 manumissis
824 2064 972 2130 excidisse
997 2083 1103 2125 once.

43 2174 196 2252 (Ritterus
231 2191 378 2236 munus*
401 2173 510 2254 posuit,
545 2191 604 2237 nou
643 2174 749 2254 aptum
787 2170 988 2245 vocabulum).
1044 2169 1102 2233 Po

42 2283 158 2345 stremo
181 2280 340 2343 serissime
361 2275 564 2366 codddettc
588 2298 682 2362 quos
704 2276 906 2342 beneficia
928 2295 1105 2341 commu-

41 2386 246 2452 tavisseut
268 2385 336 2468 (hoc
360 2388 421 2463 est,
444 2387 495 2469 qui
518 2405 554 2450 ex
575 2385 662 2450 bonis
692 2387 723 2449 et
744 2383 983 2468 obsequentibus
1005 2381 1100 2446 servis
1198 2454 1202 2468 ξ

42 2492 295 2557 manumissionis
325 2491 472 2556 beneficio
499 2491 608 2556 liberti·
622 2491 735 2575 ingrati
757 2495 788 2555 et
810 2493 1006 2555 contumaces
1027 2487 1102 2551 facti

39 2598 160 2674 essent)
191 2610 249 2680 pro
281 2617 349 2662 non
388 2599 676 2674 mutavissent:
699 2598 841 2679 idemque
868 2597 979 2677 sponte
1006 2595 1102 2676 scrip-

38 2721 155 2768 seram.

62 2812 64 2816 ‘
147 2807 212 2872 Ibd.
235 2807 273 2870 31
299 2828 335 2873 er
356 2809 419 2874 his:
451 2811 606 2892 nequis
628 2810 889 2895 magistratus
921 2808 990 2872 aut
1015 2823 1104 2886 pro·

39 2915 207 2979 curator
248 2916 285 2979 in
322 2916 532 2997 provincia
570 2917 788 2992 obtineret,
823 2914 1103 3000 spectaculum

37 3020 319 3105 gladiatorum
424 3022 575 3099 ederet,
597 3023 650 3088 fic:
673 3024 710 3088 in
732 3021 961 3106 provincia,
997 3036 1105 3104 quom

38 3126 261 3204 obtineret,
285 3132 407 3212 spect.
440 3130 726 3212 Imprudentissime
743 3129 860 3195 deletur
883 3126 1104 3200 obtineret;

38 3233 132 3297 facile
156 3232 268 3297 excidit
289 3254 400 3318 quam
422 3239 493 3318 post
514 3236 582 3301 cia.
869 3265 870 3271 ¹

143 3338 210 3404 nin.
242 3339 317 3404 xic
349 3361 374 3406 c.
408 3342 447 3404 aa
483 3349 567 3419 (nam
601 3341 637 3406 ce
670 3326 1104 3420 o.aooiriv01.‘1p‚116,

40 3446 78 3510 de
122 3444 260 3510 confiniis
293 3464 318 3509 c.
363 3445 402 3507 25
443 3451 475 3512 et
514 3448 554 3510 26
594 3468 623 3531 p.
657 3448 711 3525 30)
743 3449 774 3512 in
808 3448 912 3513 codice
945 3447 1104 3512 scribitur:

41 3570 134 3635 pars
157 3554 256 3628 (recte
284 3551 427 3616 Halmius
456 3557 602 3643 partes)
636 3556 847 3632 Armenia,
883 3558 926 3617 ut
961 3553 1105 3637 cuique

40 3657 241 3731 finitima,
284 3659 586 3744 perscipulique
625 3665 663 3726 et
706 3659 945 3725 Aristobulo
988 3663 1109 3742 atque

41 3762 243 3847 Antiocho
263 3760 405 3844 parere
427 3765 542 3831 iussae
571 3770 679 3843 sunt3
702 3767 802 3831 editur
823 3785 840 3831 e
867 3766 1011 3832 Gronovii
1034 3784 1105 3829 con-

41 3869 178 3934 iectura:
221 3870 483 3935 Pharasmani
507 3872 790 3955 Polemonique
813 3872 1104 3938 etAristobulo.

41 3975 104 4040 Sed
136 3975 277 4053 Polemo,
312 3976 401 4042 Ponti
422 3997 487 4052 rex,
510 3979 542 4041 et
563 3977 655 4061 longe
676 3979 792 4055 aberat,
816 3997 871 4042 nec
894 3979 958 4043 eius
982 3979 1050 4042 ullae
1072 3979 1104 4043 in

40 4083 97 4159 iis,
133 4101 201 4165 quae
234 4081 284 4147 bic
316 4083 522 4167 attinguntur,
559 4087 648 4150 rebus
672 4088 720 4150 et
752 4086 970 4150 certaminibus
1002 4089 1104 4169 partes

41 4191 140 4254 eraut.
185 4187 385 4254 scribendum
413 4191 552 4256 tantum:
597 4192 1104 4275 PharasmaniqueetAri·

43 4293 201 4359 stobulo
237 4295 353 4379 atque
387 4298 472 4360 Ant.
520 4297 596 4363 Cum
629 4301 664 4362 ei
697 4297 840 4380 pharas
878 4299 993 4364 factum
1023 4301 1105 4364 esset

43 4418 154 4482 pars,
178 4416 213 4464 ex
236 4419 283 4478 eo,
316 4402 397 4484 quod
418 4405 587 4485 supererat
619 4405 797 4488 manique
826 4407 925 4468 ortum
950 4405 1104 4488 nipuli·

44 4525 113 4590 que
136 4507 279 4583 (fortasse
306 4508 390 4591 prius
411 4508 705 4592 manipulique).
