2678 5016
268 263 327 326 158
625 260 684 318 Lib.
703 261 751 317 VI.
770 260 835 331 Cup.
851 262 902 316 111.

326 461 361 523 ln
395 458 443 523 his
480 457 596 522 nullam
634 475 702 523 esse
734 457 919 522 sententiam
949 457 1149 523 Marklandus
1185 460 1293 540 aperte

226 563 310 638 dixit,
334 564 426 628 ceteri
448 562 577 627 tacendo
598 563 743 628 fatentur.
790 561 990 628 Scribendum
1012 563 1149 628 videtur:

362 666 485 732 Scilicet
506 666 562 731 hic
578 666 657 729 nulli
675 668 863 733 meditantur
884 667 1019 750 pondera
1040 687 1154 734 mores.

326 772 429 856 Negat
450 775 542 855 poeta
573 773 615 837 ibi
637 792 738 838 mores
759 773 799 839 ad
819 771 937 855 pondus
965 774 997 837 et
1019 775 1156 856 speciem
1178 774 1290 858 quesi-

225 880 290 943 tam
312 877 474 961 gravitatis
496 878 645 959 componi.
727 894 729 898 ’
1253 879 1256 885 ’

325 982 392 1047 Ibd.
415 981 443 1055 6,
468 981 524 1045 24:

425 1088 492 1160 Non
518 1087 613 1152 tentis
635 1087 721 1170 Hyas
743 1087 885 1152 inserena
905 1087 1018 1153 nimbis

320 1233 322 1236 >
423 1197 520 1258 terras
542 1193 643 1258 obruit
664 1196 719 1257 aut
740 1192 840 1256 soluta
859 1192 961 1269 Pleas.

423 1298 506 1380 quali
528 1317 584 1379 per
605 1317 718 1364 cuneos
740 1298 839 1362 hiems
861 1298 988 1363 Latinos

424 1403 544 1484 plebem
567 1405 714 1488 grandine
737 1404 871 1469 concutit
892 1422 1043 1470 serenam.

327 1507 481 1574 Describit
513 1508 632 1575 Statius
674 1510 802 1575 bellaria
835 1510 1008 1593 similiaque
1041 1507 1226 1574 munuscula
1257 1509 1288 1572 iu

223 1615 345 1680 theatro
381 1615 604 1698 spectatoribus
638 1615 768 1699 desuper
796 1633 912 1697 sparsa
952 1615 1029 1692 Earn
1060 1614 1170 1679 ludens
1199 1632 1289 1697 gran·

227 1719 328 1784 dinem
364 1720 521 1802 appellat,
565 1739 623 1785 norr
661 1722 761 1786 minus
797 1720 962 1803 copiosam,
999 1738 1092 1803 quam
1124 1719 1166 1784 sit
1200 1737 1289 1783 verus

222 1825 344 1899 imber.
380 1825 433 1890 sed
466 1844 582 1890 serenae
614 1824 744 1900 hiemis,
776 1844 843 1909 qnae
877 1825 1031 1892 contraria
1062 1826 1112 1890 est
1141 1824 1290 1889 inserenae

224 1929 336 2013 Hyadi.
396 1930 597 1995 Scribeudum
626 1935 673 1997 est
694 1931 804 2016 igitur:

446 2035 448 2039 ’
698 2037 846 2121 grandine
866 2035 1003 2103 concutit
1022 2055 1137 2112 sceno.

226 2140 438 2206 Plebisuulle
461 2142 609 2209 serenitas
632 2145 706 2208 erat.

244 2273 248 2280 ·
324 2247 392 2311 Lib.
415 2247 458 2324 ΙΙ,
482 2249 509 2324 l,
533 2248 588 2310 56:

375 2351 450 2432 Quis
472 2356 527 2418 tue
547 2354 704 2438 colloquiis
727 2353 832 2419 hilaris
854 2351 1003 2418 mulcebit
1025 2350 1138 2416 amatis

377 2457 533 2523 Pectora?

327 2562 423 2627 Scrib.
455 2574 592 2640 amotum
630 2564 782 2647 colloquia
822 2564 904 2629 enirn
941 2561 1040 2627 hilara
1075 2562 1149 2627 sunt
1191 2561 1290 2627 amati

225 2667 322 2748 pueri,
346 2686 407 2732 non
430 2672 543 2735 amate.

326 2772 392 2839 Ibd.
417 2773 444 2847 2,
469 2773 547 2839 137:
1213 2832 1216 2838 .

657 2880 831 2962 pariterque
852 2877 901 2944 his
922 2878 1027 2962 largus
1049 2880 1081 2942 et
1101 2876 1165 2941 illis

376 3002 412 3049 ac
433 2984 567 3049 iuvenile
589 2985 691 3049 calens
713 2983 880 3067 plectrique
903 3001 1004 3048 errore
1026 2981 1185 3065 superbus.

326 3088 434 3171 Neque
449 3089 564 3173 plectro
586 3108 684 3173 neque
705 3088 815 3172 plectri
837 3089 932 3155 errori
944 3088 1010 3171 (qui
1031 3088 1099 3171 quis
1121 3086 1173 3161 sit,
1196 3086 1293 3152 intel-

226 3194 281 3277 ligi
303 3194 424 3259 omuino
455 3194 571 3277 nequit)
594 3193 644 3258 lric
667 3194 748 3259 ullus
772 3193 855 3259 locus
879 3195 942 3269 est,
980 3189 1034 3257 sed
1064 3190 1292 3256 restituendum

226 3299 393 3365 manifesta
415 3299 647 3365 emendatione:

306 3388 309 3395 ’
747 3404 921 3488 patr-imque
942 3420 1042 3466 errore
1064 3400 1224 3482 superbus,

227 3509 283 3574 hoc
306 3514 362 3584 est
385 3510 466 3593 quod
488 3510 662 3587 nesciebas,
700 3514 801 3575 utram
834 3527 869 3574 cx
897 3508 1013 3572 duabus
1035 3506 1137 3587 potius
1158 3505 1290 3587 patriam

227 3618 313 3679 tuam
336 3618 468 3698 putares.
521 3617 717 3701 Significatur
739 3615 822 3680 eninr
836 3614 945 3698 <ipsum
967 3611 1009 3688 id,
1033 3611 1111 3694 quod
1133 3609 1289 3684 antedic-

227 3721 379 3784 tumeat:

328 3826 462 3910 Tempus
484 3831 558 3903 erat,
582 3847 652 3894 curn
674 3828 705 3890 te
728 3824 860 3909 geminae
882 3825 1030 3908 suffragia
1050 3825 1141 3888 terrae

329 3931 503 4013 Diriperent
524 3932 682 4015 celsusque
702 3931 777 3995 dues
800 3930 941 3994 veherere
963 3947 1017 4012 per
1037 3927 1137 3992 urbes.
