2654 5010
449 643 590 699 Ciceronis
608 643 740 713 epistola.
1023 644 1082 708 195

53 837 127 916 iri,
159 856 233 905 non
264 843 327 906 est
359 843 500 906 actum.
544 839 744 924 Perspicuum
766 842 815 908 est
835 847 1023 926 postremam
1048 843 1125 906 banc

53 945 242 1012 sententiam
264 965 283 1012 a
304 947 406 1028 quod
427 946 562 1028 incipere
578 943 700 1025 (Quod
717 994 748 1010 ..
771 948 905 1014 fuerat
927 947 1124 1014 dictum..

53 1050 188 1116 actum
225 1052 294 1131 iri,
329 1071 401 1118 non
436 1055 498 1118 est
529 1052 685 1130 actum),
706 1051 828 1118 litteras
849 1056 942 1119 ante
964 1053 1002 1118 ad
1024 1053 1126 1135 priora

54 1155 219 1239 pertinere.
262 1157 328 1236 Iam
349 1158 381 1223 in
405 1159 437 1223 hl
460 1177 513 1243 pro
541 1159 689 1224 etenim
718 1158 864 1224 scribitur
886 1164 947 1226 est
968 1159 1070 1224 enim
1094 1162 1126 1223 et

54 1280 163 1327 eram
196 1282 250 1345 pro
283 1267 378 1330 erat.
429 1264 601 1348 Scripserat
628 1263 726 1348 igitur
753 1263 857 1331 Oiccro
878 1266 936 1332 sic:
961 1301 997 1313 -
1022 1262 1125 1348 qnod

53 1385 115 1431 me
136 1368 320 1448 absente;
344 1371 406 1436 est
427 1369 528 1436 enim
548 1369 1015 1456 ettraprolciubicium
1038 1369 1125 1434 sine

55 1476 380 1559 oppugnatione,
403 1477 490 1543 sine
511 1477 648 1560 gratia
669 1480 809 1544 nostra
829 1476 996 1544 damnant.
1034 1472 1038 1480 ’

160 1581 236 1645 lbio.
270 1584 299 1656 8,
333 1582 369 1647 1:
405 1583 459 1646 Tu
493 1584 657 1659 metuis,
691 1602 735 1649 ne
769 1603 826 1648 nre
855 1582 1127 1666 interpelles?

54 1685 251 1765 Primum,
280 1687 314 1753 si
344 1688 381 1752 in
410 1686 658 1767 istoesseur,
682 1688 844 1767 tuscis,
867 1688 962 1773 qnid
984 1688 1127 1754 sitin-

54 1791 292 1875 terpellare.
316 1798 371 1858 An
387 1795 611 1861 teAteius?
631 1794 864 1861 Mehercule
880 1794 977 1859 mibi
993 1794 1127 1860 docere

56 1897 216 1964 videris
248 1899 377 1965 istius
406 1902 569 1985 generis
599 1900 909 1978 humanitatem,
941 1919 1016 1984 qua
1037 1899 1126 1982 qui·

57 2003 144 2068 <lem
169 2024 238 2090 ego
261 2005 367 2070 nibil
390 2011 480 2073 utor
501 2007 570 2073 abs
591 2009 638 2072 te.
672 2006 837 2073 lnlitteris
858 2006 1010 2089 corruptis
1031 2008 1125 2070 ante

58 2129 77 2174 a
107 2112 146 2176 te
173 2110 208 2176 is
230 2112 289 2188 (sic
310 2113 390 2177 euim
414 2112 461 2191 Μ)
489 2112 568 2178 latet
599 2113 793 2180 accusativus
822 2111 958 2197 pluralis,
987 2110 1127 2178 homines

58 2215 237 2301 significans
251 2217 386 2283 Ciceroni
402 2219 626 2303 interpellando
641 2221 798 2297 molestos,
818 2239 894 2304 quos
916 2218 1014 2284 vellet
1032 2217 1125 2283 istam

57 2323 288 2388 humanitatem
310 2342 368 2388 non
391 2323 608 2407 interpellandi
630 2346 649 2391 a
673 2327 787 2406 Quinto
810 2327 938 2393 discere.
988 2326 1128 2390 Proxime

58 2429 99 2496 ad
124 2428 243 2495 litteras
265 2429 385 2495 accedit
405 2429 564 2508 Antiates,
588 2435 622 2496 ut
643 2430 749 2498 Cicero
769 2434 802 2497 in
823 2431 943 2497 Antiati
965 2430 1129 2514 epistolam

59 2535 221 2618 scripsisse
242 2537 367 2618 putetur
396 2539 428 2602 et
455 2536 494 2601 de
522 2536 659 2604 officiosa
688 2539 830 2604 molestia
853 2536 1030 2603 colonorum
1052 2536 1129 2602 rici·

59 2661 171 2708 norum
193 2639 288 2724 queri.

162 2747 379 2826 lbio.11,a:
409 2747 680 2813 Vehementer
713 2749 879 2814 vexatus
912 2746 1129 2827 Gabinius,

59 2854 264 2939 exagitati
287 2855 418 2919 tamen
441 2853 652 2919 aDomitio
675 2851 902 2937 publicani,
924 2854 1025 2937 qnod
1047 2873 1128 2919 eum

58 2962 200 3028 essent
221 2980 306 3027 cnm
328 2959 443 3043 equis
465 2960 685 3042 prosecuti.
741 2958 901 3025 Vexationi
925 2958 1047 3024 Gabinii
1070 2978 1128 3025 non

59 3068 246 3134 contrarium
277 3073 334 3146 est,
368 3066 423 3134 sed
451 3066 491 3131 ad
512 3085 582 3132 eam
602 3065 775 3152 augendam
798 3064 939 3149 pertinet,
963 3065 1044 3149 qnod
1066 3065 1129 3131 Do·

59 3174 171 3240 mitius
199 3174 294 3239 etiam
329 3192 390 3247 eos,
427 3173 479 3255 qui
515 3191 587 3236 eum
622 3172 834 3254 prosecutione
867 3174 1130 3250 cohonestassent,

60 3280 233 3346 insectatus
255 3285 311 3345 est.
346 3281 452 3362 ltaque
474 3296 528 3360 pro
550 3284 680 3343 tamen
704 3278 900 3346 scribendum
915 3278 1023 3345 etiam
1056 3278 1131 3343 Per·

59 3386 235 3471 frequenter
256 3384 322 3451 haec
343 3387 580 3452 commutantur.

163 3504 240 3570 Ibid.
264 3505 313 3582 14,
338 3505 374 3568 2:
401 3503 520 3584 plane
542 3502 611 3567 aut
632 3501 906 3585 tranquillum
927 3502 1042 3569 nobis
1065 3504 1134 3568 aut

62 3612 174 3676 certe
227 3609 547 3675 munitissimum
592 3610 749 3693 (exspecto
786 3626 857 3672 eum
894 3627 1026 3686 annum,
1080 3607 1133 3693 qui

61 3716 225 3800 sequitur),
249 3716 348 3801 quod
371 3715 555 3798 quotidie
577 3715 729 3796 domus,
745 3714 847 3798 quod
870 3715 1013 3795 forum,
1036 3715 1133 3797 quod

60 3823 218 3890 theatri
263 3821 602 3907 significationes
651 3820 864 3887 declarant
906 3839 978 3885 nec
1020 3821 1132 3886 labo·

61 3933 153 3997 rant
185 3928 286 4013 quod
320 3947 403 3995 mea
439 3925 693 3994 conscientia
729 3927 932 4009 copiarum
970 3928 1134 3992 nostra-

61 4058 161 4116 rum,
205 4035 306 4120 quod
349 4034 535 4111 casaris,
577 4032 680 4116 quod
726 4031 910 4115 Pompeii
958 4033 1132 4117 gratiam

61 4151 253 4212 tenemus.
319 4141 429 4207 Sedem
473 4139 578 4206 mendi
620 4158 687 4206 esse
725 4138 757 4204 in
800 4140 990 4205 laborant
1032 4137 1134 4222 quod

60 4250 258 4318 manifestum
293 4249 350 4324 est,
386 4266 440 4314 nec
471 4245 622 4329 particula
653 4245 846 4331 quod'ullo
882 4245 972 4311 modo
1005 4246 1043 4310 ad
1076 4245 1134 4311 boc

60 4357 222 4424 sententia
253 4357 428 4422 membrum
459 4352 683 4420 accommodari
714 4354 827 4434 potest.
881 4351 927 4417 Ne
956 4351 1037 4417 illud
1066 4354 1135 4436 qui·

60 4467 132 4531 dem
156 4464 285 4530 dubium
308 4463 365 4541 est,
395 4463 468 4545 quin
497 4462 528 4525 in
562 4459 752 4526 laborant
783 4457 881 4524 lateat
906 4461 1036 4525 verbnm
1065 4477 1136 4525 cum

879 4565 934 4631 13*
