2648 5084
247 288 308 352 me
602 276 888 349 mmmm

208 490 335 576 potins
368 482 634 551 Asiaticorum
782 478 1014 544 volubilitas
1145 483 1261 545 trana-

161 660 163 664 ,
208 593 390 673 serenda?
448 586 536 653 Idem
579 587 640 651 iam
686 585 864 651 Casaubono
894 585 925 648 in
967 590 1108 651 mentem
1145 588 1262 650 uenerat

208 702 241 768 Ο.
266 699 306 764 89
340 692 650 777 sieinterpnngenda
682 691 778 756 oratio
810 693 871 756 est:
914 690 1056 757 Latine
1088 693 1263 758 formabat

210 805 517 893 uertendumque
559 797 628 864 alii
672 795 800 870 dabat,
844 797 910 861 sed
955 797 1072 880 plane
1110 797 1264 875 (sineollo

210 913 338 978 artifieio
370 927 484 975 novere
516 906 720 981 ornamento).
766 902 991 968 Poematum
1027 924 1176 989 quoque
1205 924 1263 969 non

208 1018 416 1102 imperitus
439 1015 498 1078 eet.
561 1030 563 1034 ·

309 1123 375 1188 Ibd.
399 1120 455 1183 91:
500 1115 588 1181 Cum
619 1115 835 1181 dedicatam
871 1115 910 1179 in
933 1115 1139 1198 Capitolio
1161 1115 1266 1180 aeden

209 1206 380 1305 Tonanti
415 1224 498 1290 lori
534 1221 692 1288 assidue
723 1223 1007 1306 frequentaret,
1052 1223 1266 1292 somniarit.

209 1334 318 1419 queri
348 1330 622 1412 capitolinum,
647 1329 773 1393 lovem
807 1327 979 1396 cultores
1015 1328 1094 1394 sibi
1129 1329 1266 1395 abdnoi.

213 1443 253 1506 Et
274 1459 322 1505 res
345 1438 397 1521 (de
418 1437 587 1502 cultoribus
609 1435 764 1513 abductis)
785 1437 818 1498 et
836 1433 1023 1516 eomparatio
1047 1435 1157 1503 Dionis
1179 1436 1267 1502 Cassi

211 1547 304 1626 (LIV,
330 1545 363 1621 4)
386 1542 555 1609 ostendunt
575 1541 612 1606 de
634 1541 744 1624 populo
761 1539 861 1621 ¹aedem
882 1539 1099 1622 frequentante
1122 1544 1189 1628 agi,
1218 1562 1268 1608 non

69 1700 72 1706 «
210 1654 249 1717 de
272 1653 424 1736 Augusto.
483 1650 589 1733 ltaque
621 1647 675 1713 aut
707 1647 777 1727 post
798 1646 878 1710 Iovi
901 1645 1013 1712 excidit
1035 1651 1203 1731 populns
1223 1654 1269 1714 ant

212 1756 409 1850 scribendum
449 1759 511 1822 est:
561 1754 649 1819 Cum
683 1751 857 1814 dedicata
888 1751 924 1816 in
957 1751 1041 1836 Cap.
1074 1756 1174 1819 oedea
1208 1756 1268 1820 To·

211 1864 323 1929 nanti
345 1863 428 1927 Ioni
449 1861 609 1927 assidue
624 1859 949 1942 frequentaretur.
978 1859 1030 1936 (G.
1052 1860 1094 1923 94
1118 1881 1174 1945 pro
1198 1861 1268 1926 dor·
1318 1927 1319 1952 χ

212 1970 355 2034 minent
400 1967 557 2033 Ernestins
606 1964 870 2040 convenirent;
922 1964 1012 2047 paulo
1061 1969 1188 2052 propius
1229 1969 1269 2032 est

213 2076 387 2153 coirent.)
899 2055 903 2065 '

314 2181 381 2246 lbd.
413 2180 468 2243 95:
505 2183 543 2245 et
575 2177 794 2242 immolanti
827 2176 993 2242 omnium
1028 2178 1268 2247 victimarum

214 2288 386 2354 iocinere
418 2285 609 2369 replicata
641 2283 883 2349 intrinsecus
917 2283 962 2350 ab
993 2283 1069 2350 ima
1090 2286 1194 2354 fibra
1214 2307 1271 2372 pa·

214 2395 385 2478 ruerunt.
442 2393 521 2461 Dnae
568 2391 678 2484 litterae
724 2388 931 2473 geminandae:
975 2391 1018 2456 ab
1066 2394 1146 2459 ima
1181 2395 1272 2459 fibra
1319 2451 1320 2455 ,

213 2508 484 2585 apparuerunt.
532 2498 613 2562 Nam
630 2516 726 2579 porto
749 2514 801 2578 pro
816 2517 949 2581 appareo
961 2499 1060 2573 (extra
1081 2499 1159 2565 iuris
1177 2504 1272 2577 usum)

213 2605 436 2691 antiquissimis
469 2607 500 2670 et
531 2602 661 2686 Apuleio
689 2602 898 2687 similibusque
929 2604 1272 2689 relinquendumque

214 2714 319 2778 sertim
340 2733 434 2795 poree
449 2710 564 2795 foetus.
779 2788 782 2796 .

315 2817 383 2882 Tib.
407 2816 462 2879 24:
505 2814 784 2898 Principatum,
816 2814 994 2900 quamvis
1020 2834 1146 2899 neque
1169 2835 1271 2883 oecu-

214 2943 304 3007 pare
338 2923 551 2988 confestim
585 2938 702 3004 neque
737 2938 846 3005 agere
868 2921 1103 2998 dubitasset,
1138 2927 1177 2989 et
1221 2927 1272 2988 tr·

214 3032 324 3096 tione
346 3030 528 3106 militum,
565 3028 633 3092 boc
666 3030 724 3092 est
756 3027 792 3090 vi
819 3028 1019 3110 etspeoie
1043 3027 1271 3096 dominatio·

214 3136 274 3201 nis
297 3134 601 3221 assumptadiu
623 3138 749 3200 tamen
772 3133 977 3198 recusavit.
1036 3135 1220 3202 Tollendum
1241 3140 1271 3201 et

214 3245 286 3307 ante
308 3241 491 3312 statione,
513 3243 613 3307 ortum
636 3259 672 3306 ex
693 3239 805 3305 ultima
824 3240 943 3324 syllaba
964 3241 1050 3305 verbi
1066 3245 1272 3325 praeoedentis.

214 3347 335 3422 (Etiam
368 3347 445 3412 nihil
472 3347 521 3412 bio
548 3348 636 3432 agit)
682 3346 762 3424 (Ibd.
786 3346 826 3408 35
849 3345 1069 3424 revocandum,
1106 3351 1188 3434 quod
1210 3354 1272 3415 ante

213 3452 463 3537 Oudendorpium
502 3453 663 3520 edebatur:
707 3453 838 3537 Equiti
881 3452 982 3518 Rom.
1019 3453 1272 3522 iurisiurandi

212 3560 382 3643 gratiam
404 3560 515 3636 feeit,
546 3571 585 3622 ot
608 3578 762 3626 uxorem
796 3558 833 3623 in
864 3563 999 3643 stupro
1021 3564 1160 3644 generi
1182 3581 1273 3628 eom·

123 3666 125 3670 ’
212 3667 364 3749 pettam
409 3665 646 3741 dimitteret,
688 3686 798 3751 quam
843 3684 882 3731 se
927 3685 1124 3751 nunqnam
1170 3688 1273 3753 repn-

214 3771 408 3837 diatnrnm
446 3774 535 3837 ante
562 3773 777 3848 iuraverat;
814 3773 934 3838 codices
967 3790 1026 3837 onr.
1055 3777 1112 3851 nt,
1147 3775 1272 3860 quodin

214 3878 342 3943 oonsilio
375 3876 573 3967 significando
606 3879 713 3945 abesse
747 3881 852 3963 nequit
878 3898 935 3944 nec
964 3880 1069 3962 posset
1097 3887 1170 3964 post
1193 3899 1273 3968 gra·

191 3984 305 4050 tiam
329 3985 443 4061 feeit;
466 3984 577 4052 eroidit
598 3990 667 4071 post
687 3987 738 4064 it.)
