2648 5084
543 110 672 165 Iustinus.
1041 110 1099 172 621

74 313 149 383 tas,
173 310 210 373 in
226 327 336 392 quem
352 308 748 374 resteteoieremirae.
771 309 1044 396 Primumquod
1060 331 1146 378 nus·

74 416 1161 507 quamaliastorrensiretum,neosolumcitatoimpetu„

73 540 208 586 verum
236 521 355 586 etiam
373 541 482 586 saevo.
506 521 693 587 Siccodices.
729 521 946 588 Scribendum:
968 523 1145 599 Primum,

74 650 192 713 quam
208 629 516 711 nusquamalias,
529 632 683 692 torrens
700 629 838 693 fretum
851 632 910 694 oet.
928 629 1146 695 Latitudotor·

73 735 416 817 rentis‚quamleepius
427 734 708 816 intulitlprimum
721 734 817 816 quod
832 755 1011 819 nusquam
1026 737 1145 802 latius

73 848 238 919 torrens
260 842 427 918 fretum),
449 840 526 905 nihil
549 839 586 902 ad
611 858 676 903 rem
699 841 840 921 pertinet.
885 840 1051 908 Sententiae
1074 863 1146 932 con·

74 949 233 1024 veniebat,
255 968 273 1013 a
294 948 380 1015 libris
409 947 603 1011 discedebat.
638 946 716 1029 qnod
748 950 839 1011 antea
870 946 1034 1013 edebatur:
1068 951 1146 1030 pri·

73 1075 178 1121 mum
218 1055 317 1139 quod
351 1073 539 1136 nusquam
562 1054 661 1118 alias
684 1057 760 1134 tam
786 1056 959 1123 torrens,
982 1052 1042 1117 nisi
1065 1053 1146 1136 quod

74 1160 257 1226 abundabat
278 1161 382 1244 quod.

183 1267 243 1341 (De
265 1266 302 1340 V,
323 1269 346 1338 Ι,
372 1269 386 1328 1
411 1265 525 1332 dietum
550 1271 598 1330 est
619 1266 678 1332 vol.
703 1266 715 1327 l
738 1284 767 1346 p.
790 1263 853 1341 63.)
927 1271 929 1275 ’

182 1373 250 1437 Lib.
273 1373 327 1449 Vl,
350 1374 379 1448 2,
404 1372 457 1435 13:
491 1392 509 1436 a
532 1374 641 1438 cuius
672 1371 765 1453 (regis
788 1369 963 1446 Persarum)
986 1375 1144 1453 aspectu

75 1482 118 1544 et
154 1479 347 1560 colloquio
385 1478 767 1564 (Gononl'probibitus
814 1482 889 1549 est,
934 1477 1030 1560 quod
1064 1497 1144 1543 eum

75 1603 184 1650 more
221 1585 425 1652 Persarum
459 1587 621 1650 adorare
654 1583 761 1650 nolit.
823 1584 874 1648 Sic
911 1584 1030 1667 leepins
1060 1587 1147 1649 end

78 1696 115 1758 et
148 1691 236 1766 aliis,
269 1697 300 1756 et
333 1693 424 1758 modo
458 1694 544 1758 verbi
570 1693 660 1757 valdo
693 1694 725 1755 et
756 1695 893 1774 tompore
926 1690 1146 1755 incredibiliter

75 1817 190 1882 pravo;
213 1798 266 1863 alii
288 1800 424 1865 nollet.
470 1800 582 1864 Subest
603 1799 635 1863 in
658 1797 712 1862 illo
733 1797 870 1861 notuit.
977 1883 978 1886 Ἴ

184 1905 250 1970 lbd.
284 1905 315 1983 3,
352 1906 387 1971 3:
431 1909 584 1970 Summa
619 1903 743 1988 igitur
775 1924 845 1968 non
884 1903 1021 1969 ducum
1059 1910 1145 1970 ten·

75 2017 159 2078 tum
199 2012 238 2076 in
273 2032 313 2077 eo
349 2011 485 2094 praelio
522 2029 628 2093 quam
676 2009 783 2095 vulgi
826 2012 1018 2076 aemulatio
1061 2012 1145 2077 fuit.

77 2117 198 2184 Omnia
218 2122 302 2183 recta
317 2122 408 2183 erunt
428 2118 558 2183 sublatis
580 2116 698 2182 dnobus
720 2118 873 2183 vocabulis
897 2136 1003 2200 quam
1028 2118 1146 2202 vulgi,

76 2243 150 2308 qnae
172 2224 278 2288 addita
298 2227 379 2299 sunt,
413 2229 448 2289 ut
469 2224 670 2306 explicaretur
701 2224 778 2289 illud
804 2243 875 2289 non
898 2224 1034 2288 ducum
1057 2226 1146 2288 tan·

74 2334 170 2395 tum.
229 2331 342 2395 llodem
365 2333 464 2414 eapite
486 2332 517 2396 in
540 2330 646 2395 eadem
671 2330 872 2415 descriptione
906 2331 1006 2414 proelii
1028 2331 1146 2403 navalis

75 2426 290 2520 aeolidum
321 2436 342 2522 ξ
372 2439 390 2501 9
424 2438 488 2503 haec
519 2437 677 2521 leguntur:
733 2437 872 2502 Eadem
908 2441 944 2503 et
981 2439 1146 2503 omnium

77 2563 217 2627 regum
240 2547 448 2619 duruerat,
481 2562 576 2627 quos
604 2543 723 2607 maior
744 2543 1144 2632 sollicitudocrucia-
1273 2555 1274 2560 ’

77 2654 168 2725 bat,
190 2669 262 2715 non
285 2656 428 2726 tamne
460 2651 539 2733 ipsi
561 2651 747 2734 quaesitas
781 2639 1145 2733 opesamitterent,

77 2776 193 2841 qnam
247 2776 289 2820 ne
343 2756 535 2838 pristinas
591 2756 880 2823 Athenienses¹
914 2754 1145 2838 reciperent

76 2867 185 2947 Reges
206 2863 327 2946 Ieepius
350 2862 584 2928 incredibiliter
603 2863 737 2948 intelligi
766 2865 833 2929 vult
854 2883 924 2938 eos,
957 2866 1009 2946 qui
1033 2881 1145 2947 „regno

75 2971 201 3037 adsueti
216 3030 218 3035 .
232 2976 263 3035 et
294 2970 422 3035 liberam
460 2971 698 3037 Atheniensium
732 2988 829 3051 remp.
860 2972 1039 3054 aversantes
1075 2988 1144 3034 cum

75 3076 241 3160 Spartanis
273 3078 454 3142 senseras.
519 3077 560 3141 Et
593 3077 755 3149 adscribit,
793 3075 977 3142 Macedones
1015 3095 1143 3158 quoque,

75 3203 151 3250 cum
183 3184 295 3248 infesta
337 3167 485 3248 Romanis
528 3203 616 3247 erma
658 3184 820 3255 inferrent,
863 3183 1000 3252 omnium
1037 3201 1144 3265 regum

74 3290 200 3355 auxiliis
222 3290 340 3354 adiutos
364 3291 479 3354 narrari
502 3287 660 3365 (XXXIII,
695 3291 722 3359 l,
758 3292 800 3367 1),
823 3290 911 3372 quasi
934 3276 993 3353 non
1015 3288 1059 3353 ibi
1081 3287 1145 3352 veri

73 3414 167 3479 reges
200 3400 244 3472 (et
281 3395 393 3479 reguli)
432 3395 676 3479 significentur·
708 3397 795 3461 Talia
827 3396 982 3460 hominem
1019 3395 1142 3460 doctum

74 3502 279 3575 deblaterare‚
301 3504 337 3566 nt
358 3501 526 3566 scribarum
552 3498 684 3566 ’errorem
707 3502 852 3567 defendat
866 3505 881 3572 !=
917 3501 1045 3567 Videtur
1071 3502 1161 3566 sub·-

74 3627 163 3675 esse:
186 3609 350 3674 omnium
383 3605 601 3671 Graecorum
635 3587 773 3692 (preat
823 3609 1018 3693 Remigum
1042 3607 1143 3672 infeli·
1175 3595 1180 3604 ’

73 3715 156 3782 citer
178 3715 381 3780 coniectatum
405 3718 467 3789 est;
501 3713 668 3796 namquid
695 3715 826 3797 remiges
848 3715 1005 3791 sentirent,
1042 3715 1143 3798 exigui

49 3821 228 3888 „momenti
251 3827 326 3887 erat.
371 3821 432 3906 Sed
454 3821 629 3888 emendatio
651 3821 770 3888 incerta
791 3822 848 3897 sit3
881 3822 985 3888 mendi
1006 3821 1143 3888 defensio

52 3921 178 3994 ‘stulta
200 3932 256 3993 est.
303 3929 425 4010 lump
457 3930 493 3990 ll
529 3948 582 4012 pro
617 3929 749 3995 barbaro·
777 3932 1032 4011 capesserunt
1056 3946 1143 4011 repo-
