2654 5010
245 282 305 347 m
604 274 872 345 mmmm

303 477 382 543 lbid.
396 477 494 556 13,4:
516 474 655 556 itaque
677 473 759 538 tum
782 473 821 538 et
842 490 861 536 a
883 474 951 535 tuo
974 469 1129 536 villioo
1150 488 1270 552 sump-

203 586 329 652 simus
351 585 391 650 ot
412 580 579 648 aliunde
609 576 787 644 mutuati
816 595 972 656 sumus,
995 596 1088 644 oum
1110 574 1272 656 Quintus

204 692 445 774 quereretur
473 705 543 766 ner
571 685 741 750 litteras
770 683 851 751 sibi
872 702 943 750 nos
966 684 1082 750 nihil
1105 683 1272 759 dedisse,

204 796 271 881 qui
293 813 419 878 nequo
446 794 493 859 ab
523 792 598 858 illo
626 790 763 874 rogati
785 809 920 856 sumus
942 809 1077 874 neque
1100 790 1182 873 ipsi
1203 809 1272 855 eam

204 900 418 985 pecuniam
439 897 680 981 aspeximus.
725 897 758 962 Si
779 897 899 982 reliqua
920 902 1010 964 recta
1033 902 1150 976 essent,
1173 896 1271 962 saltem

205 1007 452 1091 querebatur
487 1003 651 1071 dioendum
688 1005 771 1081 erat;
806 1023 878 1069 nam
914 1004 1053 1072 osusalis
1098 1001 1272 1088 significatio

204 1130 328 1195 prorsus
363 1111 464 1176 aliena
495 1111 560 1188 est;
592 1129 699 1176 rerum
728 1129 786 1175 non
816 1111 868 1195 agi
899 1111 936 1177 de
959 1111 1116 1194 preteriti
1137 1109 1273 1192 temporis

205 1216 332 1301 querela
353 1219 421 1281 tum
444 1215 575 1299 prolata,
591 1236 661 1282 eum
676 1215 781 1282 dicero
795 1217 956 1298 pecuniam
974 1219 1121 1282 mutuam
1138 1218 1272 1292 sumeret

204 1340 275 1386 oum
297 1322 546 1389 aliu-ostendunt
569 1321 668 1401 (verbi
690 1340 783 1387 eausa
803 1320 983 1399 dedisse,
1013 1341 1073 1404 pro
1097 1341 1160 1407 quo
1182 1322 1274 1388 diom-

205 1427 280 1493 dnm
302 1432 368 1493 erat
397 1428 503 1506 dare)
533 1430 602 1494 tum
634 1428 792 1512 perspicue
824 1426 879 1492 illa
910 1426 1050 1512 rogati
1084 1447 1220 1494 sumus
1248 1431 1274 1493 et

205 1534 455 1615 aspeximus,
485 1554 540 1618 pro
570 1535 681 1620 quibus
710 1537 845 1618 rogati
873 1553 1057 1601 essemus
1085 1538 1119 1600 et
1140 1553 1272 1619 asper·

206 1643 379 1709 issemus
411 1641 552 1724 ponenda
579 1641 711 1707 fuerant.
764 1640 876 1708 Omnia
904 1642 989 1707 reeta
1017 1643 1114 1706 erunt
1141 1642 1273 1708 restituto

206 1746 356 1833 queritur
384 1766 438 1830 pro
469 1748 719 1831 quereretur.
763 1746 897 1826 Quintus
918 1746 1013 1813 trater
1037 1766 1125 1813 nune
1147 1747 1273 1833 queritur

206 1871 239 1919 se
261 1853 329 1918 turn
351 1854 431 1919 nihil
453 1855 622 1938 aoeepisse;
645 1872 713 1920 earn
735 1855 890 1938 querelam
912 1852 1037 1919 Merene
1061 1854 1189 1920 refellit

308 1993 387 2060 lbid.
414 1997 462 2074 15,
482 1999 518 2057 4:
541 1994 726 2078 suspicor
747 1995 851 2061 enirn
873 1993 1098 2061 coheredes
1121 1995 1271 2060 dubiam

207 2100 385 2165 nostram
419 2120 578 2167 eausam
615 2103 759 2184 putare
791 2104 830 2166 et
861 2116 904 2166 eo
936 2120 1017 2166 rem
1048 2101 1089 2166 in
1120 2101 1272 2185 integro

206 2224 304 2270 esse.
327 2205 436 2273 Vale.
471 2207 689 2274 Scribendum:
712 2212 752 2274 et
774 2226 918 2273 eorem
940 2207 979 2271 in
1001 2207 1173 2291 integro
1196 2224 1271 2272 esse

207 2311 386 2395 <velle>.
410 2312 517 2378 Vale.
548 2315 625 2389 (lam
643 2314 811 2380 Cratander
825 2314 947 2381 malle
965 2312 1114 2392 addebat,
1131 2312 1272 2380 Gonadus

206 2417 313 2483 velle
334 2437 389 2501 pro
412 2419 500 2485 vale
522 2421 616 2522 scribi
638 2420 786 2497 volebat.)

306 2558 643 2638 luid.2r,1:Nam
676 2561 778 2645 quod
811 2562 849 2626 te
881 2560 1014 2626 vereri
1044 2559 1215 2639 scribis,
1235 2578 1272 2624 ne

205 2664 272 2731 illi
295 2665 451 2742 obsint,
474 2666 592 2750 eique
614 2665 672 2733 rei
694 2667 861 2744 mederi,
888 2685 933 2731 ne
955 2667 1097 2751 rogari
1120 2667 1270 2752 quiden

205 2790 245 2837 se
279 2792 421 2856 passus
450 2774 512 2837 est
540 2771 586 2837 de
608 2773 693 2840 illo.
742 2772 939 2840 lnoommodo
962 2773 1021 2852 illi,
1046 2774 1132 2858 quod
1157 2773 1270 2839 Atticos

204 2877 406 2964 significabat,
440 2896 499 2943 non
533 2880 599 2961 ipse
632 2879 815 2945 medebatur
836 2881 998 2956 (scribis
1028 2881 1069 2943 te
1100 2879 1269 2955 mederi),

205 2983 259 3049 sed
275 2985 452 3051 Ciceronem
475 2985 669 3066 admonebat,
686 2989 722 3052 ut
736 2986 851 3052 mederi
866 2991 1038 3053 sonaretur.
1075 2986 1268 3055 scribendum

204 3091 318 3174 igitur:
352 3091 468 3175 eique
497 3093 554 3157 roi
577 3093 668 3174 <me
696 3092 744 3159 vis
770 3093 832 3171 (vel
857 3092 1004 3175 iubes)>
1027 3094 1202 3169 mederi,
1232 3109 1269 3155 ue

203 3199 336 3280 rogari
359 3198 518 3280 quidem
541 3201 599 3263 oet.
654 3198 795 3264 Proxime
818 3202 837 3282 ξ
860 3201 889 3275 2,
911 3199 965 3265 ubi
988 3200 1111 3265 editur:
1141 3197 1269 3284 gravi·

202 3302 327 3367 tatem
356 3302 476 3369 buius
504 3304 609 3384 oaeli,
639 3324 720 3388 quae
747 3306 845 3371 mibi
874 3307 1052 3371 laborem
1083 3306 1212 3372 affert
1236 3303 1266 3366 in

203 3407 361 3486 dolore,
383 3408 539 3475 laboris
560 3410 676 3476 mentio
698 3411 798 3478 alieno
821 3415 878 3489 est,
900 3413 973 3495 apta
994 3410 1180 3498 languoris.

201 3602 436 3611 *-

302 3750 413 3789 eorum
430 3750 494 3789 non
512 3738 630 3808 probo;
650 3739 829 3808 significas
853 3740 937 3794 enirn
959 3738 1137 3808 plaeere>
1158 3739 1266 3795 iisdem

300 3827 392 3896 istis,
410 3826 593 3885 lictoribus
610 3848 658 3886 me
678 3833 727 3887 uti
746 3840 798 3889 oet.
825 3833 913 3889 Error
925 3848 959 3887 ex
971 3832 1124 3902 bisposito
1139 3835 1265 3906 plaeere

300 3927 377 3976 ortus
396 3928 447 4000 est.
491 3922 524 3977 In
548 3924 690 3994 superiore
709 3926 828 3996 epistola
845 3926 884 3996 (6)
902 3926 918 3997 ἕ
936 3926 954 3980 2
972 3931 1002 3981 et
1018 3926 1037 3981 8
1054 3935 1161 3998 praeter
1179 3925 1265 3997 Oppii

299 4028 398 4070 nornen
416 4015 484 4070 illud
498 4017 581 4073 etiarn
597 4025 702 4074 certum
715 4025 767 4088 est,
779 4020 916 4091 inprimis
928 4020 1031 4077 litteris
1048 4021 1130 4076 verbi
1147 4020 1265 4090 reeipio

299 4104 411 4161 subesse
433 4106 546 4180 scripsi.
