2580 5054
232 265 272 326 62
598 262 658 316 uro.
678 260 701 315 1.
719 256 786 328 etp.
804 260 852 315 ru.

292 461 326 524 P.
340 460 401 522 334
413 461 432 524 b
446 460 489 541 (in
501 459 666 544 Phylarcti
681 459 854 524 narratione
870 458 910 523 (le
925 476 1001 543 rege
1021 455 1171 528 Antiocho,
1186 455 1228 537 qn

190 587 261 633 curn
284 567 312 632 ei
335 565 496 632 Patroclus
521 566 680 631 Ptolemaei
704 566 763 630 dur
784 566 878 632 simul
906 564 1011 648 pisces
1034 570 1066 628 et
1086 563 1156 629 ficos
1173 562 1229 626 dono
1274 623 1275 630 ,

191 674 338 749 misisset,
371 673 448 738 scite
481 673 678 745 declarasset.
712 672 787 754 quid
814 673 871 737 hoc
902 690 1032 736 munere
1054 672 1172 736 obscure
1189 669 1229 732 Pa·

192 779 309 845 troclus
330 778 551 862 significaret):
575 785 639 863 ἔφη
661 773 838 864 γινώσκειν
861 780 893 842 τί
916 772 1085 860 βούλεται
1100 773 1139 841 τιὶ
1160 784 1230 852 ξένια·

193 880 214 968 τ]
251 881 315 971 ριλρ
350 888 643 969 θαλαττοκρατεῖν
676 881 767 971 ἡμᾶς
803 911 883 971 φησι
916 880 1122 968 Πάτροκλος
1148 879 1169 968 ἦ
1188 884 1232 947 τοι

194 989 304 1058 σύκων
326 987 475 1077 τρώγειν.
530 993 597 1058 Νοο
628 994 865 1058 alterumntrum
895 1012 978 1057 nuuc
1008 993 1075 1056 fieri
1107 991 1258 1056 Patroclo

193 1098 430 1180 significaverat,
452 1100 504 1164 aed
528 1103 693 1184 utrumque
716 1102 760 1165 sic
781 1100 981 1164 coniunctum
1004 1117 1083 1174 esse,
1106 1105 1148 1172 ut
1168 1099 1190 1162 si
1201 1116 1234 1160 ιιι
1258 1158 1259 1161 ,

194 1204 291 1269 altero
313 1205 373 1268 frui
397 1205 497 1276 vellet.
530 1208 663 1272 altarum
685 1225 858 1290 comparare
887 1206 1034 1272 deberet:
1065 1200 1087 1290 ἢ
1110 1205 1169 1289 γάρ
1187 1212 1235 1270 ta·

195 1314 435 1394 λιιττοκρατεῖν
469 1312 561 1378 δεῖν
595 1309 686 1398 ἡμᾶς
720 1339 799 1399 φησι
834 1310 1041 1398 Πάτροκλος
1069 1308 1092 1399 ἢ
1118 1311 1237 1396 Ιιιήιιιι

194 1415 305 1484 ου’κοιν
328 1414 520 1505 τρώγειν.*)

296 1634 329 1699 P.
353 1634 414 1696 344
437 1654 462 1699 e.
509 1634 598 1699 Plato
627 1635 761 1700 comicus
784 1637 813 1699 iu
837 1633 940 1700 fabula
963 1634 1070 1718 aliqua
1092 1636 1239 1719 Myriscm

195 1740 365 1823 tragoedum
389 1740 527 1806 irriserat
549 1743 777 1825 parasitumque
799 1741 1019 1825 designaverat
1043 1743 1092 1806 his
1115 1743 1218 1808 uerbis:

277 1887 353 1957 ‘ool
377 1897 441 1972 μὲν
463 1888 714 1981 Ἀναγυράσιος
736 1888 848 1979 ὀρφώς
870 1896 941 1960 ἐστι’
964 1920 1029 1960 σοι.

279 1991 316 2062 θ’
339 1994 419 2063 οὔθ’
443 1994 486 2075 οἷς
511 2004 609 2087 φίλος
633 2006 809 2076 Μενίσκος
832 1995 907 2068 ἐσθ’
929 1997 948 2066 ὁ
972 1997 1181 2076 Χαλκιδεύς.

278 2107 320 2172 B.
345 2109 452 2180 καλῶς
474 2111 588 2196 λέγεις.

297 2261 356 2326 Ριο
390 2263 503 2327 litteris
536 2266 685 2346 corruptis
715 2258 751 2330 θ’
774 2258 854 2329 αὕθ’
885 2256 929 2334 οἷς
962 2263 1045 2328 alter
1082 2280 1186 2328 uersus
1215 2256 1246 2322 sic

197 2368 375 2432 scribendus
398 2375 445 2433 est
466 2370 526 2434 leni
549 2371 734 2437 mutatione:

288 2516 426 2607 Τούτῳ
451 2526 547 2605 φίλος
572 2525 747 2598 Μενίσκος
770 2517 843 2589 ἐσθ’
865 2516 884 2589 ὁ
907 2515 1118 2596 Χαλκιδεύς.

297 2675 461 2741 Nominnto
491 2675 615 2740 homine
647 2676 741 2742 divite
764 2677 795 2742 et
817 2674 970 2741 luxurioso
993 2675 1068 2741 huic
1094 2677 1246 2761 Myniscun

197 2785 329 2849 amicum
354 2803 419 2849 esse
441 2783 544 2861 addit3
567 2785 598 2847 id
621 2787 703 2848 recte
726 2783 835 2848 habere
858 2787 890 2855 et
911 2801 953 2855 se,
977 2800 1039 2865 qno
1055 2783 1090 2847 id
1105 2782 1247 2866 pertineat
1281 2873 1282 2876 Ἴ

198 2891 374 2974 intelligere
396 2891 493 2957 altera
515 2910 645 2974 persona
667 2890 791 2957 subiicit
814 2890 936 2971 (καλῶς
958 2891 1093 2974 λέγεις).

297 3106 331 3169 Ρ.
347 3105 408 3169 345
425 3104 461 3169 d:
489 3100 606 3191 λαβσλν
620 3101 701 3171 ὅλον
718 3103 791 3184 (τόν
806 3101 922 3192 ι’χθύνι
937 3098 956 3171 ὁ
972 3099 1104 3190 Ζήνων
1121 3099 1188 3172 dol
1202 3097 1249 3165 coo

197 3212 341 3285 πίνακος
363 3210 433 3287 οἷος
454 3202 498 3298 ἦν
521 3216 727 3280 κατεσθίειν.
778 3214 868 3297 Apud
884 3214 972 3297 Diog.
989 3212 1096 3278 Laert.
1113 3212 1193 3289 (Vll,
1210 3208 1251 3281 19)

197 3320 326 3383 eaodem
356 3337 422 3384 rem
451 3326 624 3385 narrantem
653 3322 797 3387 scribitur
824 3318 894 3395 οἶός
926 3313 955 3385 τ’
977 3312 1022 3406 ἦν
1058 3325 1250 3386 aasentias.

195 3426 292 3507 Atqui
315 3443 373 3489 non
397 3425 509 3509 agitur,
533 3433 678 3509 quantam
696 3429 803 3494 edendi
820 3429 999 3494 facultatem
1014 3427 1100 3493 Zeno
1115 3422 1251 3493 habuerit.

196 3531 249 3596 sed
280 3532 351 3615 quid
380 3533 485 3596 lecerit
512 3538 567 3599 aut
593 3537 703 3601 saltem
735 3536 835 3601 lacere
872 3536 1009 3617 ooeperit.
1066 3533 1252 3600 Scribendnn

196 3637 326 3703 arbitror
348 3637 429 3719 apud
451 3639 651 3708 Athenaeum:
676 3640 791 3729 λαβεῖν
813 3640 894 3710 ὅλον
917 3635 936 3706 ὁ
958 3640 1089 3727 Ζήνων
1111 3638 1181 3711 dno*
1201 3638 1253 3703 eoo

196 3755 352 3825 πίνακος,
376 3745 446 3822 οἷος
468 3741 525 3835 ἦν,
550 3746 785 3838 κατήσθιεν
811 3752 947 3834 t„qualis
969 3754 1168 3836 quantusque
1188 3751 1252 3824 ortt,

249 4019 275 4083 *l
295 4020 324 4073 P·
334 4023 387 4078 335
405 4041 421 4081 e
440 4042 490 4082 scr.
510 4026 742 4100 ἀδιανοητότερον
762 4022 833 4082 εἶναι
844 4021 860 4096 ἢ
872 4022 942 4079 κατὰ
953 4023 1005 4093 τὴν
1015 4023 1257 4099 προτηγορίαττοῦ

296 4113 401 4182 Μθὸτ
420 4140 444 4174 κ.
463 4141 486 4176 τ.
506 4128 528 4178 λ.
