2648 5084
220 307 283 377 604
594 266 820 374 1111111111.

178 508 279 595 genda
312 504 533 588 scribendoque
569 507 633 570 est:
677 503 799 578 Bere,
837 504 901 588 qui
940 525 1074 573 corum
1110 510 1250 592 primus

178 618 293 680 vocat
313 611 360 676 ad
383 611 648 687 comitiatum,
681 610 715 674 is
741 614 849 678 recte
881 613 967 697 agit
998 622 1071 687 (neo
1093 615 1246 700 qnisquam

178 721 282 800 clius),
313 719 403 802 quia
436 718 621 784 bifariam
650 734 734 784 eum
765 718 907 801 populo
929 721 994 803 agi
1018 727 1249 805 nonpotest

129 829 133 838 '
178 845 248 892 neo
269 843 429 891 avocare
446 823 552 889 alius
573 822 644 888 slii
670 834 798 911 porres
821 830 888 906 (pro
908 833 1089 907 posset);
1126 830 1249 911 (1111111)

105 1010 109 1018 ,
179 934 214 999 si
235 933 455 999 contionem
477 930 621 997 habere
643 930 797 1005 volunt,
833 931 893 996 uti
925 950 970 996 ne
999 952 1087 998 cum
1113 933 1244 1017 populo

178 1042 309 1124 egent,
344 1036 520 1121 quamvis
553 1035 667 1101 multi
701 1037 963 1121 magistratus
998 1039 1129 1106 simul
1165 1058 1247 1104 con·

178 1148 323 1212 tionem
347 1144 686 1226 heberepossunt
811 1211 816 1224 ,

280 1251 346 1318 lbd.
380 1247 521 1330 15114),
559 1248 592 1309 11
628 1254 713 1326 (nam
746 1248 784 1314 de
812 1247 852 1311 20
873 1268 898 1316 s.
922 1249 971 1322 19,
997 1251 1040 1313 12
1063 1253 1186 1321 dietum
1206 1258 1248 1319 ert

179 1358 239 1425 rel.
268 1358 283 1422 1
313 1376 342 1440 p.
376 1354 430 1433 63)
464 1354 508 1420 sic
539 1354 750 1420 scribendum.
772 1347 834 1421 est:
878 1354 1034 1440 Ecquid
1071 1366 1142 1443 (pro
1177 1361 1246 1426 hec

179 1463 287 1548 quid)
333 1462 505 1539 videtur,
557 1481 643 1528 eum
680 1460 858 1526 Siciliam
900 1464 1160 1543 provinciam
1197 1467 1241 1531 di·

140 1654 144 1660 „
179 1571 283 1636 nerii
313 1573 428 1653 etque
461 1568 622 1651 insuper
652 1569 770 1634 etiam
802 1567 992 1634 ciuitates
1027 1571 1245 1647 addiderit,

182 1676 314 1741 domos
334 1676 451 1751 etism
475 1677 512 1741 et
532 1675 639 1750 iane,
666 1694 745 1759 qnae
767 1673 867 1740 inira
888 1674 1044 1756 posuit,
1080 1701 1243 1764 compre·

178 1780 382 1846 desedisse?
436 1783 562 1847 Verba
593 1782 672 1847 haee
702 1782 798 1845 item
830 1781 958 1845 mults
989 1786 1114 1867 atque
1145 1785 1245 1853 varia

82 1926 99 1963 ,»
178 1891 236 1955 cet.
282 1887 395 1972 (Vulgo
426 1887 806 1971 comprehendisset,
838 1888 1063 1966 verbecet).
1113 1891 1242 1957 interro.-

179 1993 264 2078 gstic
286 1996 336 2061 est
357 1994 576 2072 confessionem
598 1995 806 2078 exprimentis.

279 2099 441 2166 Lib.le
465 2100 502 2166 de
524 2120 548 2166 c.
575 2102 603 2179 l,
639 2102 678 2164 19
701 2102 818 2168 dietum
842 2103 891 2164 est
911 2100 968 2164 rel.
992 2099 1009 2164 I
1031 2121 1061 2184 p.
1087 2101 1139 2166 37.
1187 2104 1245 2170 lte·

180 2225 238 2292 qus
260 2207 348 2273 venio
370 2207 409 2272 ad
433 2208 462 2281 2,
485 2207 514 2284 5,
536 2208 589 2273 ubi
611 2208 771 2276 scribitm:
814 2205 886 2275 Sed
919 2225 1003 2271 eum
1032 2211 1245 2277 ¹constabat

181 2313 306 2383 virum
343 2333 429 2379 esse
461 2314 582 2380 ferme
620 2313 757 2379 bonurn
791 2315 966 2397 notaequo
1003 2319 1040 2378 et
1078 2318 1243 2399 experte

180 2420 276 2487 fidei
309 2423 349 2487 et
384 2420 474 2498 vitre
507 2419 853 2502 inculpstissimae,
886 2420 979 2495 mire;
1014 2438 1087 2488 nem
1125 2422 1244 2488 ferme

180 2528 302 2597 bonus
324 2530 431 2610 siper
453 2545 487 2594 ss
507 2527 655 2592 inusitate
684 2527 794 2592 dieitur
816 2528 848 2591 st
869 2525 978 2590 ceteris
1001 2524 1152 2593 laudibus
1183 2530 1244 2592 siue

178 2633 243 2700 ulla
265 2633 441 2716 exceptione
463 2636 495 2698 et
515 2633 636 2714 copiose
647 2631 756 2714 positis
770 2634 876 2715 operte
892 2634 1054 2716 repugnat
1089 2633 1243 2719 Scriptum

180 2739 294 2820 fuerat:
318 2740 440 2805 virum
465 2757 548 2804 esse
563 2739 688 2824 firme
710 2738 856 2803 bonum.
879 2737 1147 2826 [siccaturus]
1164 2741 1243 2830 (514

178 2846 466 2915 scribendnmesse:
490 2844 1246 2931 si...sciat...,euqusres..comperte

177 2952 241 3028 sit,
270 2970 394 3036 coquus
414 2950 455 3016 id
487 2953 620 3017 tamen
653 2950 692 3017 in
726 2951 880 3034 egenda
902 2969 1018 3017 causa
1040 2954 1242 3035 probetur,

177 3077 232 3141 pro
266 3059 472 3142 probetur,
509 3059 558 3124 rix
590 3074 665 3138 opus
697 3059 746 3124 est
778 3055 862 3139 diei.)
886 3057 988 3132 ,Turn
1020 3057 1107 3145 §26
1144 3061 1244 3127 inhio

177 3163 301 3232 Crotonis
332 3164 447 3235 verbis:
481 3167 512 3231 si
546 3164 657 3231 erube
691 3183 805 3247 pares
839 3167 984 3238 essent,
1029 3166 1119 3231 sive
1153 3167 1243 3233 boni

177 3270 380 3338 siremeli
402 3275 554 3348 essent,
588 3270 684 3355 qnod
717 3270 790 3334 duo
811 3288 873 3337 res
904 3272 1153 3356 gessissent,
1190 3275 1244 3339 uti

176 3379 304 3444 testes
325 3397 399 3444 non
421 3377 681 3454 interessent,
703 3377 785 3455 illi,
807 3377 907 3451 unde
928 3377 1096 3460 petitur,
1120 3381 1159 3445 ei
1179 3400 1244 3464 po·

175 3484 261 3550 tius
283 3483 515 3550 credendum
537 3503 619 3550 esse
641 3487 673 3550 et
693 3484 888 3567 ineptissima
910 3488 958 3550 est
979 3485 1102 3549 numeri
1116 3489 1241 3561 notatio,

175 3592 208 3656 et
228 3590 411 3673 pravissime
444 3590 482 3661 de
503 3610 535 3658 re
557 3592 677 3676 private
697 3589 904 3659 conuehends
926 3589 1037 3662 dicitur
1060 3612 1110 3654 ree
1131 3613 1242 3676 perra,

174 3697 256 3780 quod
283 3697 477 3780 imperatorie
510 3700 566 3762 est.
611 3696 711 3764 Scribi
732 3698 870 3781 oportet:
898 3696 1004 3780 ,qued
1027 3698 1060 3760 ii
1081 3701 1143 3763 rei
1164 3719 1243 3785 ges·

175 3803 324 3868 sissent
367 3803 460 3888 (qnod
504 3804 548 3868 rei
590 3804 636 3872 ii).
702 3803 749 3869 De
790 3803 820 3869 ii
862 3806 894 3869 et
935 3802 1244 3872 duocommututis

174 3907 240 3975 rid.
270 3907 423 3977 Drakenb.
457 3910 496 3975 ad
530 3907 765 3985 1111111111,
801 3908 854 3984 43,
889 3911 938 3986 ll,
972 3911 1144 3991 emendati.
1177 3913 1243 3978 Lis.

171 4033 202 4096 p.
226 4012 297 4078 3011.
342 4015 377 4081 11
400 4015 463 4082 illi
570 4016 772 4088 eimendum
794 4017 918 4085 residet
