2626 5070
438 700 561 756 Valerius
580 700 648 756 hlax.
974 701 1036 764 327

28 900 140 965 rabat
160 899 201 960 in
224 919 363 961 corona
395 897 579 976 (auditorum
608 898 688 965 circa
709 897 870 977 iudicium)
892 899 1077 965 videbat·

28 978 88 1072 ue'.
134 1003 208 1082 (cfr.
230 1002 317 1078 vm,
343 1003 389 1077 1o,
414 1002 455 1081 2.)

108 1110 177 1178 Ihd.
216 1112 251 1174 i:
286 1127 355 1193 quo
392 1107 534 1181 evenit,
571 1109 613 1172 ut
644 1109 786 1175 Antius
815 1112 949 1176 statim
979 1131 1079 1195 quae·

28 1215 135 1281 endae
175 1213 460 1280 incolumitatis
504 1213 742 1279 occasionem
780 1216 1076 1300 adsequeretur.

28 1321 94 1387 iihil
116 1321 244 1387 adrem
267 1320 411 1386 statim.
461 1320 489 1397 B
512 1320 605 1384 hahet
631 1319 775 1384 statum
798 1324 879 1403 (post
899 1325 938 1405 a).
967 1408 970 1414 Ι
996 1324 1076 1388 Elli-

28 1430 98 1506 itur‚
120 1428 278 1494 vocalibus
300 1425 508 1508 transpositis:
533 1435 655 1487 turam
762 1428 1014 1495 occasionem.

111 1533 179 1598 Ihd.
204 1533 223 1595 9
245 1532 280 1596 ll.
304 1531 338 1595 3:
383 1529 548 1596 Cimonis
570 1549 662 1596 vero
684 1532 924 1598 incunabula
948 1535 1077 1617 opini-

33 1660 78 1704 ne
101 1638 291 1704 stultitiae
312 1638 469 1702 fuerunt
489 1636 650 1712 referta;
692 1637 863 1703 eiusdem
888 1639 1076 1704 stultitiae

28 1745 180 1830 mperia
226 1743 419 1836 salutaria
461 1742 719 1808 Athenienses
764 1746 976 1810 senscrunt
1040 1745 1076 1808 In

28 1854 110 1918 ltero
146 1849 335 1916 stultitiae
376 1848 473 1913 latere
515 1848 631 1932 aliquid
668 1849 857 1914 incunabuhs
890 1850 1077 1915 contrarium

28 1961 94 2023 ecte
123 1957 220 2023 sensit
250 1953 411 2030 Halmium
443 1955 522 2020 latet
552 1958 657 2019 autem
689 1974 750 2019 non
786 1955 1076 2023 adulescentiae.

28 2063 65 2127 ed
87 2062 286 2140 (eiusdem)
309 2059 443 2132 adulti,
467 2060 545 2143 qnod
567 2060 659 2125 etad
682 2060 805 2126 litteras
832 2061 931 2143 (ulti)
953 2062 1077 2144 propius

28 2171 59 2233 st
80 2169 112 2233 et
135 2170 179 2233 rei
201 2167 319 2251 aptius:
352 2183 450 2248 neque
472 2166 553 2230 enirn
575 2164 789 2239 adolescentis,
815 2166 870 2230 aed
893 2168 950 2232 viri
973 2168 1077 2233 Cimo-

28 2272 59 2336 lia
80 2272 211 2354 imperia
232 2271 453 2354 significantur.
510 2272 632 2353 (ltaque
661 2289 697 2335 cx
719 2271 782 2344 ΙΙΙ,
810 2271 840 2347 4,
865 2274 880 2334 l
904 2273 1077 2339 validior

28 2382 104 2444 etas
126 2377 177 2441 hic
199 2375 403 2461 comparanda
424 2376 506 2454 fuit.)

111 2481 179 2547 Ihd.
211 2483 247 2545 ll.
287 2482 325 2544 7:
378 2481 516 2564 Itaque
555 2500 672 2564 neque
705 2482 920 2549 existimari
954 2503 1077 2568 neque

28 2587 85 2653 lici
107 2588 248 2652 dehent
281 2587 393 2660 hona,
426 2605 503 2668 quae
535 2589 577 2651 ut
609 2586 853 2653 inflictorum
886 2589 1076 2654 malorum

28 2692 278 2758 cmaritudine
306 2691 541 2757 desiderium
563 2692 621 2756 sui
643 2692 863 2775 duplicent.
919 2694 987 2759 Nou
1010 2695 1076 2779 agi·

28 2817 63 2862 ur
82 2799 121 2863 de
143 2797 324 2882 duplicando
346 2796 507 2869 desiderio,
530 2796 585 2862 sed
608 2797 645 2862 do
668 2817 760 2863 sensu
785 2800 935 2864 malorum
958 2818 1077 2864 memo·

28 2903 60 2967 ia
106 2906 140 2969 et
183 2902 332 2969 desiderio
374 2904 520 2968 honorum
555 2909 635 2985 (quse
680 2907 839 2986 putantur)
882 2904 1075 2986 duplicando.

28 3008 230 3076 lcrihendum:
254 3020 341 3092 quae‘
363 3009 441 3070 uim
473 3008 721 3076 inflictorum
753 3010 942 3075 malorum
971 3029 1076 3075 ama·

28 3115 186 3180 titudine
207 3115 397 3178 desiderii
420 3113 480 3179 sui
502 3113 714 3198 duplicant.
769 3114 855 3180 Nihil
876 3116 970 3199 igitur
991 3135 1076 3199 pror-

28 3238 64 3285 ms
83 3221 182 3287 deest.
226 3221 355 3304 Propter
390 3223 434 3285 ut
459 3221 580 3296 (natum
613 3240 650 3285 er
671 3221 707 3285 ui
733 3224 805 3286 ante
831 3221 883 3299 in)
905 3224 1007 3307 ortum
1029 3223 1078 3287 est

28 3323 211 3409 inplicent
233 3329 265 3390 et
286 3325 529 3391 desiderium.

111 3431 179 3497 Lib.
203 3431 274 3506 VII,
297 3432 315 3493 2
337 3432 373 3497 h.
398 3431 437 3495 10
459 3432 567 3514 positis
580 3431 720 3497 Valerius
742 3432 876 3516 Philippi
899 3433 1077 3500 Macedonis

28 3538 201 3621 aepistola
227 3537 267 3601 ad
289 3537 498 3603 Alexandrum
525 3537 636 3612 verbis,
664 3538 774 3620 quihus
796 3557 856 3604 uon
879 3538 986 3604 fideles
1009 3559 1075 3605 esse

28 3643 165 3709 micitiaa
188 3643 318 3725 pecunia
340 3646 460 3728 emptas
484 3643 628 3720 declarat,
655 3643 780 3708 subiicit
801 3643 1018 3726 epiphonema:
1046 3647 1076 3709 A

28 3748 181 3814 aritate
211 3749 315 3814 istud
341 3752 467 3832 pater,
496 3769 589 3815 auus
625 3767 643 3812 o
675 3747 902 3829 Philippus,
932 3750 1077 3816 maiore

33 3875 54 3920 x
80 3855 204 3938 parte
218 3856 416 3919 mercator
443 3855 598 3920 Graecia
626 3872 733 3937 quam
762 3852 896 3918 uictor.
949 3854 1077 3921 Frustra

28 3959 188 4028 'amnonius
212 3959 449 4046 ctlloertschius
470 3960 625 4033 laborant,
664 3958 733 4023 aliis
756 3957 998 4040 desperantibus.
1040 3963 1076 4026 In

28 4064 147 4129 roximo
173 4064 497 4140 sorumrhuiusmodi
523 4065 605 4129 enim
629 4067 690 4129 est:
721 4065 749 4127 A
776 4064 941 4129 caritate
970 4065 1076 4131 istud

28 4171 135 4244 ater,
172 4172 217 4233 ah
242 4193 309 4234 osu
331 4170 555 4254 Philippus,
588 4170 733 4235 maiore
766 4188 807 4234 ex
838 4171 949 4252 parte
975 4190 1077 4236 mer·

33 4278 124 4341 ator
155 4275 217 4342 Gr.
240 4298 269 4359 q.
291 4296 319 4341 u.
353 4275 510 4355 Quatenus
532 4278 621 4360 pater
641 4277 698 4341 hoc
720 4275 843 4359 scripsit
864 4275 904 4340 ad
925 4275 1035 4351 lilium,
1058 4297 1076 4341 a

28 4379 143 4447 oritate
166 4383 308 4464 sumpsit,
331 4384 481 4465 quatenus
503 4381 673 4464 Philippus,
696 4383 734 4448 ab
757 4401 814 4448 usu
838 4382 870 4447 et
881 4382 1077 4466 experientia,

28 4506 102 4552 narn
126 4503 274 4570 magnam
295 4488 384 4553 huius
407 4485 452 4552 rei
473 4487 589 4552 habuit.
