2654 5010
372 611 476 666 Seneca
493 608 684 680 Philosophus.
959 608 1021 674 209

41 806 112 873 ‚ios
134 807 262 874 alicui
284 808 511 875 restituere
534 809 675 893 potero
699 826 837 892 magno
858 807 1061 890 periculo,

41 913 129 979 artos
161 915 249 978 sine
281 912 366 979 ullo
400 934 481 981 meo
514 934 588 981 non
622 914 828 979 dubitabo.
872 912 936 979 Nec
957 917 1062 980 tamen

41 1017 168 1084 tissima
188 1018 248 1085 bac
269 1019 481 1087 emendatione
499 1019 603 1087 locum
617 1039 741 1103 prorsus
756 1023 955 1102 persanainm
971 1021 1062 1103 puto;

40 1122 177 1207 inquitur
189 1126 269 1190 eninr
280 1125 599 1192 incommodissimnm
610 1126 738 1193 verbum
753 1128 891 1211 potero
903 1125 1062 1209 (quoniam

41 1231 157 1296 metatis
190 1230 275 1297 nulla
307 1231 358 1298 bic
386 1232 508 1298 ridetur
536 1252 604 1298 esse
633 1231 821 1317 significatio
838 1231 1062 1316 dicendumque

41 1354 90 1402 sse
111 1334 295 1419 simpliciter
322 1340 539 1404 restituam
569 1345 624 1404 aui
648 1338 873 1404 restituere
895 1357 964 1404 cum
987 1355 1061 1403 non

41 1441 190 1509 ‚bitabo
210 1444 470 1528 coniungendam)
486 1450 518 1511 et
536 1445 632 1512 nimis
654 1445 834 1528 ambiguum
857 1445 890 1511 et
909 1444 1063 1510 incertum

41 1547 198 1614 titutionis
219 1549 401 1615 vocabulum
424 1570 481 1617 non
506 1551 614 1617 addito
643 1568 741 1634 neque
768 1551 950 1635 significato,
980 1549 1062 1617 unde

41 1652 205 1733 tituanlur‚
228 1656 313 1721 velut
335 1675 370 1721 ex
383 1656 532 1723 servitute
548 1659 602 1722 aut
615 1657 803 1739 captivitate.
848 1656 936 1722 Hanc
957 1658 1061 1721 autem

42 1777 92 1824 am
129 1761 384 1844 significationem
420 1762 516 1829 latera
552 1763 685 1829 arbitror
719 1762 778 1828 sub
813 1760 868 1825 illo
903 1763 1062 1842 potero,

41 1864 152 1949 leoque
173 1867 323 1950 suspicari
346 1869 454 1935 Graeoa
481 1887 554 1935 voce
576 1869 724 1934 Senecam
752 1886 842 1932 usum
870 1884 938 1931 esse
964 1866 1063 1949 scrip·

41 1990 149 2054 seque:
171 1974 385 2057 Tamquam
406 1973 523 2039 lilios
544 1973 672 2040 alicui
694 1974 918 2039 restituere
940 1971 1063 2056 epira-

41 2077 77 2144 =io
94 2097 233 2164 magno
250 2079 645 2163 periculo‚libertos
668 2078 753 2144 sine
776 2077 860 2144 ullo
883 2096 965 2143 meo
987 2095 1061 2142 non

48 2183 199 2250 bitabo.
253 2186 353 2265 Quam
381 2187 523 2270 frequens
550 2185 712 2252 bominum
739 2202 758 2249 a
785 2184 893 2267 piratis
919 2184 1062 2269 redemp-

42 2309 96 2355 um
117 2291 233 2356 mentio
255 2291 298 2356 sit
319 2311 380 2357 non
401 2292 499 2358 solum
520 2294 552 2358 in
569 2291 611 2356 Μ.
628 2291 752 2358 Seneca
774 2288 1061 2366 declamationibus,

41 2395 101 2461 lin
124 2396 380 2480 Pompeianorum
402 2401 576 2482 temporum
597 2398 734 2476 historia,
757 2416 863 2464 omnes
885 2401 1006 2463 norunt.

96 2538 140 2602 De
162 2537 259 2604 clem.
281 2539 305 2617 1,
328 2539 379 2618 26,
402 2541 438 2605 l:
472 2539 555 2613 Non
579 2538 644 2604 diu
674 2539 861 2622 nequitia
893 2540 1063 2621 apparet

46 2664 80 2725 o,
109 2649 299 2728 quantum
329 2646 508 2724 iubetur,
539 2645 689 2729 peccat.
737 2645 804 2710 Hoc
832 2642 1063 2710 ordine-Naza-

41 2769 108 2830 nns,
130 2769 201 2816 nam
223 2753 255 2817 in
277 2752 347 2818 aliis
363 2753 508 2818 scribitur
529 2751 698 2834 apparet
721 2750 916 2833 nequitia
950 2749 1062 2816 Veram

41 2859 179 2940 ipturam
200 2859 374 2924 obscurarit
395 2857 564 2942 geminatio
587 2856 710 2930 vocalis.
726 2856 775 2921 cui
791 2855 936 2921 adiuncta
952 2855 1061 2921 deinde

41 3005 42 3022 r
63 2965 157 3030 etiam
179 2965 380 3031 consonantis.
425 2965 535 3028 Fuerat
557 2963 657 3028 enim:
681 2962 764 3028 Non
787 2963 854 3027 diu
877 2960 1063 3045 nequitia

41 3072 99 3139 ret.
153 3072 194 3136 lit
221 3073 360 3154 tempore
390 3078 422 3136 et
449 3067 593 3153 peccandi
623 3087 767 3134 mensura
788 3067 895 3133 deficit
916 3068 1062 3152 nequitia

41 3175 104 3243 ideo
126 3196 206 3243 nunc
228 3179 290 3244 iam
314 3177 469 3243 Muretum
500 3177 616 3259 paret
643 3174 838 3240 scribendum
867 3173 991 3249 vidisse,
1014 3174 1064 3238 cni

41 3278 107 3348 lem
130 3285 272 3351 Gertzius
294 3284 488 3366 opposuisset
509 3281 639 3367 Vergilii
669 3284 701 3346 et
722 3280 845 3346 Claudii
867 3279 1063 3365 Quadrigarii

41 3408 85 3468 os,
108 3390 140 3455 in
162 3391 273 3474 quibus
295 3391 333 3455 de
355 3389 580 3473 apparitoribus
608 3405 729 3471 prorsus
758 3386 879 3469 proprie
902 3388 934 3452 et
956 3405 1062 3452 neces·

41 3494 74 3561 io
96 3495 273 3578 apparendi,
296 3514 356 3561 non
377 3495 505 3578 parendi
530 3495 657 3560 verbum
680 3495 826 3575 ponitur.)

96 3648 150 3730 llp.
174 3650 224 3725 95,
248 3649 282 3710 2:
304 3648 391 3712 Hac
412 3647 497 3713 sive
519 3647 671 3712 levitas
693 3646 756 3710 est
777 3645 863 3710 sive
884 3644 1060 3709 vernili-

41 3774 72 3831 ε,
109 3753 313 3837 punienda
347 3756 410 3819 est
444 3752 714 3836 promittendi
751 3749 976 3827 facilitate.
1027 3751 1062 3814 In

41 3860 150 3924 licibus
182 3860 210 3924 Α
244 3864 276 3924 et
309 3861 334 3923 B
367 3859 511 3924 scribitur
547 3857 749 3943 punienda
785 3858 847 3922 est
882 3854 1063 3921 mutendi

41 3966 213 4031 cilitata
257 3966 415 4032 illicitur:
445 3967 598 4047 mut<ua
626 3963 934 4047 promitt>endi
961 3960 1063 4026 faoi·

41 4075 127 4137 rate.
172 4073 288 4139 Oculus
310 4071 465 4139 aberravit
486 4091 504 4136 a
526 4075 607 4136 mut
628 4071 667 4135 ad
691 4071 794 4136 mitt.

95 4214 174 4280 lbid.
205 4215 261 4279 16:
296 4214 392 4278 Inde
421 4212 599 4277 suffusio
627 4212 769 4277 luridae
800 4211 901 4277 bilis
929 4212 967 4275 et
996 4208 1064 4273 de·

42 4321 105 4386 lor
136 4320 276 4386 vultus
308 4321 504 4401 tabesque
535 4318 572 4381 in
607 4336 647 4381 se
677 4318 1003 4398 putrescentium
1025 4317 1065 4380 et
1202 4351 1203 4355 =

41 4426 191 4491 torridi
219 4426 343 4511 digiti
373 4424 565 4491 articulis
588 4423 949 4506 obrigescentibus
972 4441 1063 4493 ner·

826 4539 860 4592 14
