2654 5010
415 653 573 707 Ammianus
592 652 775 708 Marcellinus.
1027 651 1088 716 269

56 847 128 913 vel
149 824 425 916 machinationem.
475 849 569 915 Initio
598 849 738 918 vocabuli
759 848 924 932 depravato
946 868 982 915 ex
1003 849 1131 933 reliquie

61 954 178 1019 litteris
200 954 344 1020 eflectum
366 957 415 1021 eet
436 957 755 1023 cavillationem.

165 1092 245 1158 Ibid.
267 1095 297 1172 8,
320 1095 356 1160 5:
385 1097 677 1180 Hyperethium
700 1143 706 1158 .
730 1142 738 1158 .
761 1143 768 1158 .
792 1143 799 1157 .
823 1095 993 1160 antehac
1023 1095 1134 1159 recte

56 1199 294 1266 castrensia
327 1203 621 1285 apparitorem,
654 1202 693 1267 id
718 1204 789 1280 est,
822 1202 979 1266 ventrio
1012 1198 1135 1265 mini·

62 1307 193 1370 strum
216 1311 254 1371 et
274 1308 470 1391 gutturis.
522 1308 557 1374 In
585 1310 698 1374 litteris
728 1308 838 1374 recte
859 1307 1037 1390 genetivum
1060 1306 1135 1371 eub-

64 1412 193 1499 stantivi
209 1411 306 1477 latere
321 1414 398 1479 satis
412 1418 550 1498 apparet,
566 1414 622 1481 sed
644 1434 742 1500 neque
763 1415 824 1480 rei
846 1432 944 1498 neque
966 1411 1135 1478 rectoris

61 1533 180 1582 nomen
212 1517 299 1583 illam
334 1519 503 1604 singularis
538 1521 667 1587 alicuius
708 1522 841 1588 muneris
877 1517 1134 1603 significationem
1184 1537 1185 1541 ¹

62 1620 172 1700 habet,
194 1624 242 1689 cui
257 1627 530 1693 accommodantur
546 1629 637 1693 verba
652 1626 855 1711 insequentia.
884 1623 1015 1692 Fuitne:
1030 1623 1137 1691 diaeta

67 1729 321 1795 castrensis?
353 1732 473 1798 Saltem
506 1735 704 1799 manifestum
741 1732 790 1797 eet
825 1729 992 1814 significari
1026 1746 1138 1794 manue

64 1853 140 1899 cum
162 1835 264 1901 culina
285 1837 481 1920 imperatorie
504 1838 713 1905 coniunctum.

177 1974 257 2039 lbid.
279 1976 351 2059 §14
371 1979 422 2055 (de
445 1979 594 2062 Procopio
616 1977 840 2061 expeditionem
852 1979 883 2041 in
896 1975 1060 2041 orientales
1071 1993 1143 2058 pro·

65 2077 187 2144 vincias
208 2086 363 2162 parante):
404 2104 498 2169 erga
532 2083 783 2151 alliciendas
812 2081 1003 2167 quasdam
1031 2079 1134 2146 civi·

68 2185 181 2250 tates
213 2186 319 2252 Asiae
351 2188 625 2275 legendosque
658 2186 829 2256 eruendi
865 2188 1022 2270 peritos
1053 2185 1141 2250 auri

66 2293 113 2356 nt
135 2292 216 2358 sibi
237 2296 474 2376 profuturae
495 2297 672 2379 proeliis,
701 2315 782 2380 quae
807 2312 948 2379 magna
970 2310 1134 2374 exspec-

69 2398 188 2463 tabat
209 2401 248 2464 et
270 2401 424 2479 crebra,
441 2403 610 2486 segnius
632 2402 902 2468 commoratae
923 2400 963 2464 in
987 2396 1141 2463 modum

65 2505 184 2569 *acuti
216 2509 418 2573 mucronis
440 2509 639 2574 obtunsus
661 2509 731 2573 eet.
776 2506 929 2573 Pervelim
958 2505 1046 2583 scire,
1068 2501 1143 2586 quid

70 2609 215 2676 dominae
247 2614 313 2678 auri
342 2614 468 2679 eruendi
499 2615 590 2698 periti
618 2614 650 2678 in
680 2613 794 2697 proeliie
823 2611 944 2696 magnis
967 2614 999 2677 et
1019 2610 1143 2687 crebrie,

69 2735 143 2799 quoe
158 2716 323 2800 Procopius
338 2720 542 2802 exspectabat,
558 2719 709 2803 profuturi
724 2719 783 2784 visi
798 2720 870 2784 eint.
893 2717 991 2783 Valde
1005 2715 1143 2799 auspicor

75 2823 224 2906 scriptum
247 2823 356 2890 fuieee:
382 2825 549 2890 eruendi
571 2826 727 2909 peritae
748 2823 855 2904 Tauri,
878 2825 915 2888 ut
936 2822 1146 2906 significentur

72 2929 226 3006 nominee,
259 2931 310 3014 qui
343 2930 446 2997 fauces
475 2935 506 2995 et
534 2933 680 3016 angustos
708 2933 829 2995 meatus
851 2929 944 2995 'lauri
966 2929 1093 2993 noeeent
1114 2929 1146 2992 et

75 3038 253 3119 perreptare
276 3037 397 3103 scireut.

179 3189 333 3268 Ibid.10‚
359 3191 412 3254 10:
446 3190 542 3255 Nam
569 3190 678 3255 iuter
706 3207 814 3253 arma
843 3189 882 3252 et
903 3185 1032 3251 lituos
1054 3202 1145 3251 con·

76 3293 256 3361 dicionis
279 3297 453 3380 aequatio
475 3296 632 3362 leviora
653 3294 757 3360 facit
779 3292 979 3377 pericula,
995 3289 1143 3356 etMar-

77 3401 148 3465 tiae
170 3401 343 3468 virtutis
364 3404 551 3485 potestas
572 3402 642 3467 aut
662 3399 720 3477 id,
743 3400 843 3483 quod
859 3417 1013 3475 aueum,
1037 3415 1150 3461 occu·

80 3512 166 3591 pat,
200 3509 269 3573 aut
300 3509 516 3590 inopinata
549 3525 670 3585 more,
702 3508 735 3571 ei
758 3506 972 3584 acciderit,
996 3504 1150 3569 nullum

80 3614 315 3696 ignominiae
353 3615 538 3680 continet
573 3631 733 3680 sensum
770 3613 975 3695 finemque
1018 3628 1150 3678 secum

81 3718 248 3786 vivendi
270 3719 391 3786 eimul
415 3722 455 3786 et
476 3718 641 3786 dolendi
664 3719 860 3802 perducit.
905 3716 939 3782 ln
963 3717 1021 3781 hac
1038 3714 1151 3780 editio·

82 3845 160 3890 num
189 3825 351 3909 scriptura,
381 3830 417 3893 ut
445 3828 588 3894 omittam
613 3827 758 3891 orationis
780 3823 1014 3907 perversitatem
1035 3821 1066 3886 in
1089 3820 1152 3886 illis

79 3932 143 4008 id,
166 3934 269 4015 quod
298 3953 451 4014 ausum,
481 3934 651 4015 occupat
672 3939 722 4009 (-
748 3948 818 3995 nam
842 3946 942 4012 neque
965 3930 1027 3993 eet
1048 3926 1153 3992 omitti

81 4041 208 4124 poterat
236 4059 337 4124 neque
370 4059 507 4106 aueum
536 4041 598 4104 eet
625 4035 745 4122 passive
774 4035 846 4113 dici,
876 4035 936 4099 etei
957 4033 1152 4118 participium

84 4165 167 4230 saepe
179 4165 233 4228 pro
246 4148 449 4225 substantivo,
461 4147 558 4212 varim
569 4143 691 4228 propria
701 4143 732 4208 vl
744 4142 788 4207 sio
799 4141 914 4207 dicitur
928 4148 987 4219 —),
1000 4137 1155 4205 sententia

85 4273 230 4340 perversa
245 4254 302 4332 eet,
319 4253 461 4335 quoniam
477 4270 577 4336 neque
592 4251 630 4315 de
644 4247 819 4330 occupando
838 4265 912 4312 aueo
934 4247 1038 4331 agitur
1059 4262 1156 4328 neque

86 4362 246 4443 inopinata
267 4377 350 4425 more
370 4359 403 4424 in
425 4360 531 4442 proelio
554 4356 702 4441 appellari
723 4357 834 4437 poteet.
885 4351 945 4419 Sed
975 4351 1155 4418 mendosam

84 4466 272 4548 scripturam
285 4465 361 4531 satis
372 4467 540 4550 coarguunt
551 4464 670 4531 codices
682 4461 810 4544 antiqui,
826 4461 877 4544 qui
895 4458 1030 4542 primum
1042 4456 1158 4522 habeut
