<?xml version="1.0" encoding="UTF-8"?>
<!DOCTYPE html PUBLIC "-//W3C//DTD XHTML 1.0 Transitional//EN"
    "http://www.w3.org/TR/xhtml1/DTD/xhtml1-transitional.dtd">
<html xmlns="http://www.w3.org/1999/xhtml" xml:lang="en" lang="en">
 <head>
  <title>
</title>
<meta http-equiv="Content-Type" content="text/html;charset=utf-8" />
  <meta name='ocr-system' content='tesseract 3.04.00' />
  <meta name='ocr-capabilities' content='ocr_page ocr_carea ocr_par ocr_line ocrx_word'/>
</head>
<body>
  <div class='ocr_page' id='page_1' title='image "./ioniemadvigiiad00madvgoog_0064.png"; bbox 0 0 2678 5018; ppageno 0'>
   <div class='ocr_carea' id='block_1_1' title="bbox 516 630 1076 754">
    <p class='ocr_par' dir='ltr' id='par_1_1' title="bbox 516 630 1076 754">
     <span class='ocr_line' id='line_1_1' title="bbox 516 630 1076 754; baseline -0.004 -15"><span class='ocrx_word' id='word_1_1' title='bbox 516 684 663 754; x_wconf 80' lang='lat' dir='ltr'>Vergiliae.</span> <span class='ocrx_word' id='word_1_2' title='bbox 770 630 829 718; x_wconf 31' lang='grc' dir='ltr'>ι·</span> <span class='ocrx_word' id='word_1_3' title='bbox 961 647 963 649; x_wconf 17' lang='lat'><strong><em>¹</em></strong></span> <span class='ocrx_word' id='word_1_4' title='bbox 1035 685 1076 750; x_wconf 73' lang='lat'>49</span> 
     </span>
    </p>
   </div>
   <div class='ocr_carea' id='block_1_2' title="bbox 50 877 1195 2966">
    <p class='ocr_par' dir='ltr' id='par_1_2' title="bbox 50 877 1195 1180">
     <span class='ocr_line' id='line_1_2' title="bbox 50 877 1195 987; baseline 0.007 -45"><span class='ocrx_word' id='word_1_5' title='bbox 50 877 154 962; x_wconf 81' lang='lat' dir='ltr'>Neque</span> <span class='ocrx_word' id='word_1_6' title='bbox 192 880 270 964; x_wconf 85' lang='lat' dir='ltr'>alga</span> <span class='ocrx_word' id='word_1_7' title='bbox 291 882 415 953; x_wconf 85' lang='lat' dir='ltr'>marina</span> <span class='ocrx_word' id='word_1_8' title='bbox 448 902 546 987; x_wconf 86' lang='lat' dir='ltr'>neque</span> <span class='ocrx_word' id='word_1_9' title='bbox 577 885 660 950; x_wconf 82' lang='lat' dir='ltr'>color</span> <span class='ocrx_word' id='word_1_10' title='bbox 682 881 761 968; x_wconf 88' lang='lat' dir='ltr'>quid</span> <span class='ocrx_word' id='word_1_11' title='bbox 783 881 821 946; x_wconf 85' lang='lat' dir='ltr'>od</span> <span class='ocrx_word' id='word_1_12' title='bbox 853 881 931 947; x_wconf 88' lang='lat' dir='ltr'>hano</span> <span class='ocrx_word' id='word_1_13' title='bbox 958 901 1023 950; x_wconf 89' lang='lat' dir='ltr'>ram</span> <span class='ocrx_word' id='word_1_14' title='bbox 1045 883 1121 949; x_wconf 88' lang='lat' dir='ltr'>faoi·</span> <span class='ocrx_word' id='word_1_15' title='bbox 1188 907 1195 927; x_wconf 90' lang='lat'><strong>·</strong></span> 
     </span>
     <span class='ocr_line' id='line_1_3' title="bbox 54 980 711 1117; baseline 0.006 -67"><span class='ocrx_word' id='word_1_16' title='bbox 54 989 112 1062; x_wconf 84' lang='grc' dir='ltr'>ιιιι</span> <span class='ocrx_word' id='word_1_17' title='bbox 132 986 339 1117; x_wconf 76' lang='lat' dir='ltr'>intelligitur</span> <span class='ocrx_word' id='word_1_18' title='bbox 360 990 508 1073; x_wconf 88' lang='lat' dir='ltr'>tantoque</span> <span class='ocrx_word' id='word_1_19' title='bbox 530 980 630 1074; x_wconf 78' lang='lat' dir='ltr'>aptius</span> <span class='ocrx_word' id='word_1_20' title='bbox 652 993 711 1055; x_wconf 88' lang='lat' dir='ltr'>eat:</span> 
     </span>
     <span class='ocr_line' id='line_1_4' title="bbox 561 1095 957 1180; baseline 0.008 -23"><span class='ocrx_word' id='word_1_21' title='bbox 561 1165 564 1173; x_wconf 22' lang='lat'><em>⁴</em></span> <span class='ocrx_word' id='word_1_22' title='bbox 630 1117 760 1180; x_wconf 71' lang='lat' dir='ltr'>meoque</span> <span class='ocrx_word' id='word_1_23' title='bbox 781 1096 813 1160; x_wconf 85' lang='grc' dir='ltr'>ιι</span> <span class='ocrx_word' id='word_1_24' title='bbox 833 1095 957 1161; x_wconf 84' lang='lat' dir='ltr'>floribus</span> 
     </span>
    </p>

    <p class='ocr_par' dir='ltr' id='par_1_3' title="bbox 55 1197 1119 1706">
     <span class='ocr_line' id='line_1_5' title="bbox 55 1197 1118 1285; baseline 0.005 -23"><span class='ocrx_word' id='word_1_25' title='bbox 55 1197 123 1276; x_wconf 83' lang='lat' dir='ltr'>(loe</span> <span class='ocrx_word' id='word_1_26' title='bbox 141 1201 203 1276; x_wconf 81' lang='lat' dir='ltr'>eat,</span> <span class='ocrx_word' id='word_1_27' title='bbox 237 1218 321 1265; x_wconf 85' lang='lat' dir='ltr'>aueo</span> <span class='ocrx_word' id='word_1_28' title='bbox 337 1199 486 1264; x_wconf 87' lang='lat' dir='ltr'>flomm&#39;</span> <span class='ocrx_word' id='word_1_29' title='bbox 477 1202 612 1285; x_wconf 80' lang='lat' dir='ltr'>ipsisque</span> <span class='ocrx_word' id='word_1_30' title='bbox 633 1202 757 1267; x_wconf 84' lang='lat' dir='ltr'>floribus</span> <span class='ocrx_word' id='word_1_31' title='bbox 782 1219 852 1265; x_wconf 83' lang='lat' dir='ltr'>aueo</span> <span class='ocrx_word' id='word_1_32' title='bbox 873 1198 1118 1279; x_wconf 82' lang='lat' dir='ltr'>oohaerentibua),</span> 
     </span>
     <span class='ocr_line' id='line_1_6' title="bbox 55 1305 1118 1392; baseline 0.006 -25"><span class='ocrx_word' id='word_1_33' title='bbox 55 1305 95 1378; x_wconf 84' lang='grc' dir='ltr'>ιι</span> <span class='ocrx_word' id='word_1_34' title='bbox 110 1306 164 1387; x_wconf 90' lang='lat' dir='ltr'>qui</span> <span class='ocrx_word' id='word_1_35' title='bbox 179 1309 337 1381; x_wconf 80' lang='lat' dir='ltr'>enarrant,</span> <span class='ocrx_word' id='word_1_36' title='bbox 353 1307 421 1370; x_wconf 85' lang='lat' dir='ltr'>suoi</span> <span class='ocrx_word' id='word_1_37' title='bbox 436 1325 546 1374; x_wconf 89' lang='lat' dir='ltr'>nomen</span> <span class='ocrx_word' id='word_1_38' title='bbox 557 1309 617 1391; x_wconf 90' lang='lat' dir='ltr'>ipsi</span> <span class='ocrx_word' id='word_1_39' title='bbox 632 1327 733 1391; x_wconf 90' lang='lat' dir='ltr'>ponan</span> <span class='ocrx_word' id='word_1_40' title='bbox 735 1307 922 1392; x_wconf 81' lang='lat' dir='ltr'>tffleyniua,</span> <span class='ocrx_word' id='word_1_41' title='bbox 934 1307 1118 1392; x_wconf 84' lang='lat' dir='ltr'>Wagnerus,</span> 
     </span>
     <span class='ocr_line' id='line_1_7' title="bbox 57 1408 1119 1498; baseline 0.005 -25"><span class='ocrx_word' id='word_1_42' title='bbox 57 1408 247 1475; x_wconf 76' lang='lat' dir='ltr'>Ladevicus:</span> <span class='ocrx_word' id='word_1_43' title='bbox 272 1409 490 1496; x_wconf 75' lang='lat' dir='ltr'>Blumenoaftl&#39;.</span> <span class='ocrx_word' id='word_1_44' title='bbox 529 1414 591 1480; x_wconf 82' lang='lat' dir='ltr'>Cur</span> <span class='ocrx_word' id='word_1_45' title='bbox 604 1414 699 1498; x_wconf 77' lang='lat' dir='ltr'>igitur</span> <span class='ocrx_word' id='word_1_46' title='bbox 714 1431 773 1478; x_wconf 86' lang='lat' dir='ltr'>non</span> <span class='ocrx_word' id='word_1_47' title='bbox 788 1413 833 1478; x_wconf 77' lang='lat' dir='ltr'>ila</span> <span class='ocrx_word' id='word_1_48' title='bbox 854 1413 1017 1479; x_wconf 72' lang='lat' dir='ltr'>scribitur?</span> <span class='ocrx_word' id='word_1_49' title='bbox 1037 1412 1119 1496; x_wconf 82' lang='lat' dir='ltr'>quod</span> 
     </span>
     <span class='ocr_line' id='line_1_8' title="bbox 58 1514 1118 1603; baseline 0.004 -23"><span class='ocrx_word' id='word_1_50' title='bbox 58 1514 174 1580; x_wconf 82' lang='lat' dir='ltr'>laetum</span> <span class='ocrx_word' id='word_1_51' title='bbox 208 1535 277 1582; x_wconf 87' lang='lat' dir='ltr'>esse</span> <span class='ocrx_word' id='word_1_52' title='bbox 301 1518 367 1583; x_wconf 83' lang='lat' dir='ltr'>aire</span> <span class='ocrx_word' id='word_1_53' title='bbox 389 1520 514 1585; x_wconf 85' lang='lat' dir='ltr'>oonsilio</span> <span class='ocrx_word' id='word_1_54' title='bbox 548 1521 612 1586; x_wconf 83' lang='grc' dir='ltr'>ιιιι</span> <span class='ocrx_word' id='word_1_55' title='bbox 635 1539 706 1585; x_wconf 85' lang='lat' dir='ltr'>oaeu</span> <span class='ocrx_word' id='word_1_56' title='bbox 728 1519 759 1584; x_wconf 91' lang='lat' dir='ltr'>in</span> <span class='ocrx_word' id='word_1_57' title='bbox 781 1520 906 1602; x_wconf 89' lang='lat' dir='ltr'>antiqua</span> <span class='ocrx_word' id='word_1_58' title='bbox 928 1520 1030 1603; x_wconf 90' lang='lat' dir='ltr'>aliqua</span> <span class='ocrx_word' id='word_1_59' title='bbox 1052 1519 1118 1584; x_wconf 87' lang='lat' dir='ltr'>edi·</span> 
     </span>
     <span class='ocr_line' id='line_1_9' title="bbox 58 1621 461 1706; baseline 0.015 -21"><span class='ocrx_word' id='word_1_60' title='bbox 58 1621 137 1686; x_wconf 84' lang='lat' dir='ltr'>tione</span> <span class='ocrx_word' id='word_1_61' title='bbox 160 1623 302 1706; x_wconf 75' lang='lat' dir='ltr'>Heynins</span> <span class='ocrx_word' id='word_1_62' title='bbox 324 1628 461 1691; x_wconf 87' lang='lat' dir='ltr'>annotat.</span> 
     </span>
    </p>

    <p class='ocr_par' dir='ltr' id='par_1_4' title="bbox 58 1722 1121 2028">
     <span class='ocr_line' id='line_1_10' title="bbox 158 1722 1121 1815; baseline 0.005 -24"><span class='ocrx_word' id='word_1_63' title='bbox 158 1729 206 1792; x_wconf 88' lang='lat' dir='ltr'>De</span> <span class='ocrx_word' id='word_1_64' title='bbox 222 1729 433 1797; x_wconf 77' lang='lat' dir='ltr'>Bucolicorum</span> <span class='ocrx_word' id='word_1_65' title='bbox 455 1749 513 1797; x_wconf 91' lang='lat' dir='ltr'>uno</span> <span class='ocrx_word' id='word_1_66' title='bbox 534 1731 600 1798; x_wconf 86' lang='lat' dir='ltr'>loco</span> <span class='ocrx_word' id='word_1_67' title='bbox 622 1733 722 1798; x_wconf 86' lang='lat' dir='ltr'>dinam</span> <span class='ocrx_word' id='word_1_68' title='bbox 746 1722 834 1797; x_wconf 84' lang='lat' dir='ltr'>valde</span> <span class='ocrx_word' id='word_1_69' title='bbox 856 1733 974 1804; x_wconf 84' lang='lat' dir='ltr'>vexato,</span> <span class='ocrx_word' id='word_1_70' title='bbox 996 1731 1048 1815; x_wconf 91' lang='lat' dir='ltr'>qui</span> <span class='ocrx_word' id='word_1_71' title='bbox 1072 1731 1121 1796; x_wconf 84' lang='lat' dir='ltr'>eat</span> 
     </span>
     <span class='ocr_line' id='line_1_11' title="bbox 58 1835 1121 1924; baseline 0.004 -26"><span class='ocrx_word' id='word_1_72' title='bbox 58 1836 86 1899; x_wconf 92' lang='lat' dir='ltr'>in</span> <span class='ocrx_word' id='word_1_73' title='bbox 118 1835 182 1899; x_wconf 84' lang='lat' dir='ltr'>line</span> <span class='ocrx_word' id='word_1_74' title='bbox 215 1835 328 1920; x_wconf 83' lang='lat' dir='ltr'>eologae</span> <span class='ocrx_word' id='word_1_75' title='bbox 357 1838 474 1915; x_wconf 76' lang='lat' dir='ltr'>tertiae,</span> <span class='ocrx_word' id='word_1_76' title='bbox 496 1857 585 1921; x_wconf 90' lang='lat' dir='ltr'>quem</span> <span class='ocrx_word' id='word_1_77' title='bbox 619 1858 675 1924; x_wconf 85' lang='lat' dir='ltr'>ego</span> <span class='ocrx_word' id='word_1_78' title='bbox 709 1857 772 1903; x_wconf 91' lang='lat' dir='ltr'>uon</span> <span class='ocrx_word' id='word_1_79' title='bbox 809 1836 1034 1916; x_wconf 80' lang='lat' dir='ltr'>emendatione,</span> <span class='ocrx_word' id='word_1_80' title='bbox 1066 1836 1121 1902; x_wconf 86' lang='lat' dir='ltr'>sed</span> 
     </span>
     <span class='ocr_line' id='line_1_12' title="bbox 58 1943 583 2028; baseline 0.006 -21"><span class='ocrx_word' id='word_1_81' title='bbox 58 1944 141 2007; x_wconf 84' lang='lat' dir='ltr'>reeta</span> <span class='ocrx_word' id='word_1_82' title='bbox 164 1943 358 2008; x_wconf 85' lang='lat' dir='ltr'>enarratione</span> <span class='ocrx_word' id='word_1_83' title='bbox 381 1961 469 2028; x_wconf 84' lang='lat' dir='ltr'>egere</span> <span class='ocrx_word' id='word_1_84' title='bbox 489 1947 583 2028; x_wconf 86' lang='lat' dir='ltr'>puto:</span> 
     </span>
    </p>

    <p class='ocr_par' dir='ltr' id='par_1_5' title="bbox 157 2037 1005 2133">
     <span class='ocr_line' id='line_1_13' title="bbox 157 2037 1005 2133; baseline 0.001 -21"><span class='ocrx_word' id='word_1_85' title='bbox 157 2037 388 2113; x_wconf 77' lang='lat' dir='ltr'>Non&#39;nostrum</span> <span class='ocrx_word' id='word_1_86' title='bbox 409 2050 491 2115; x_wconf 89' lang='lat' dir='ltr'>iuter</span> <span class='ocrx_word' id='word_1_87' title='bbox 513 2043 567 2117; x_wconf 72' lang='grc' dir='ltr'>ιιι</span> <span class='ocrx_word' id='word_1_88' title='bbox 589 2054 691 2117; x_wconf 84' lang='lat' dir='ltr'>tantas</span> <span class='ocrx_word' id='word_1_89' title='bbox 714 2067 894 2133; x_wconf 81' lang='lat' dir='ltr'>componere</span> <span class='ocrx_word' id='word_1_90' title='bbox 914 2049 1005 2123; x_wconf 85' lang='lat' dir='ltr'>litee;</span> 
     </span>
    </p>

    <p class='ocr_par' dir='ltr' id='par_1_6' title="bbox 159 2154 1034 2241">
     <span class='ocr_line' id='line_1_14' title="bbox 159 2154 1034 2241; baseline 0.001 -22"><span class='ocrx_word' id='word_1_91' title='bbox 159 2158 192 2219; x_wconf 90' lang='lat' dir='ltr'>et</span> <span class='ocrx_word' id='word_1_92' title='bbox 214 2154 312 2220; x_wconf 80' lang='lat' dir='ltr'>vitula</span> <span class='ocrx_word' id='word_1_93' title='bbox 332 2159 368 2219; x_wconf 91' lang='lat' dir='ltr'>tu</span> <span class='ocrx_word' id='word_1_94' title='bbox 389 2155 500 2240; x_wconf 86' lang='lat' dir='ltr'>dignus</span> <span class='ocrx_word' id='word_1_95' title='bbox 523 2159 554 2222; x_wconf 90' lang='lat' dir='ltr'>et</span> <span class='ocrx_word' id='word_1_96' title='bbox 575 2157 624 2222; x_wconf 90' lang='lat' dir='ltr'>hio</span> <span class='ocrx_word' id='word_1_97' title='bbox 646 2158 677 2222; x_wconf 90' lang='lat' dir='ltr'>et</span> <span class='ocrx_word' id='word_1_98' title='bbox 698 2157 835 2241; x_wconf 85' lang='lat' dir='ltr'>quiaquia</span> <span class='ocrx_word' id='word_1_99' title='bbox 859 2173 977 2220; x_wconf 83' lang='lat' dir='ltr'>amores</span> <span class='ocrx_word' id='word_1_100' title='bbox 1024 2182 1034 2205; x_wconf 65' lang='grc' dir='ltr'><strong>τ</strong></span> 
     </span>
    </p>

    <p class='ocr_par' dir='ltr' id='par_1_7' title="bbox 58 2260 1174 2877">
     <span class='ocr_line' id='line_1_15' title="bbox 159 2260 887 2346; baseline 0.006 -22"><span class='ocrx_word' id='word_1_101' title='bbox 159 2264 215 2324; x_wconf 87' lang='lat' dir='ltr'>aut</span> <span class='ocrx_word' id='word_1_102' title='bbox 236 2263 354 2326; x_wconf 87' lang='lat' dir='ltr'>metuet</span> <span class='ocrx_word' id='word_1_103' title='bbox 376 2260 473 2326; x_wconf 84' lang='lat' dir='ltr'>duleis</span> <span class='ocrx_word' id='word_1_104' title='bbox 488 2265 548 2335; x_wconf 91' lang='lat' dir='ltr'>aut</span> <span class='ocrx_word' id='word_1_105' title='bbox 569 2264 738 2346; x_wconf 80' lang='lat' dir='ltr'>experietur</span> <span class='ocrx_word' id='word_1_106' title='bbox 759 2281 887 2328; x_wconf 81' lang='lat' dir='ltr'>amaros</span> 
     </span>
     <span class='ocr_line' id='line_1_16' title="bbox 59 2366 1119 2451; baseline -0.001 -20"><span class='ocrx_word' id='word_1_107' title='bbox 59 2366 213 2432; x_wconf 84' lang='lat' dir='ltr'>Omittam</span> <span class='ocrx_word' id='word_1_108' title='bbox 247 2368 375 2432; x_wconf 90' lang='lat' dir='ltr'>aliorum</span> <span class='ocrx_word' id='word_1_109' title='bbox 404 2369 626 2442; x_wconf 73' lang='lat' dir='ltr'>restitutionem</span> <span class='ocrx_word' id='word_1_110' title='bbox 653 2372 685 2435; x_wconf 88' lang='lat' dir='ltr'>et</span> <span class='ocrx_word' id='word_1_111' title='bbox 706 2388 821 2446; x_wconf 88' lang='lat' dir='ltr'>eorum,</span> <span class='ocrx_word' id='word_1_112' title='bbox 854 2368 906 2451; x_wconf 91' lang='lat' dir='ltr'>qui</span> <span class='ocrx_word' id='word_1_113' title='bbox 927 2368 990 2432; x_wconf 90' lang='grc' dir='ltr'>ιιιιι</span> <span class='ocrx_word' id='word_1_114' title='bbox 1013 2383 1119 2450; x_wconf 87' lang='lat' dir='ltr'>prono-</span> 
     </span>
     <span class='ocr_line' id='line_1_17' title="bbox 58 2452 1121 2572; baseline 0.003 -35"><span class='ocrx_word' id='word_1_115' title='bbox 58 2474 131 2537; x_wconf 88' lang='lat' dir='ltr'>mini</span> <span class='ocrx_word' id='word_1_116' title='bbox 147 2473 279 2538; x_wconf 83' lang='lat' dir='ltr'>relativo</span> <span class='ocrx_word' id='word_1_117' title='bbox 293 2473 451 2539; x_wconf 88' lang='lat' dir='ltr'>indefinito</span> <span class='ocrx_word' id='word_1_118' title='bbox 466 2475 630 2559; x_wconf 63' lang='lat' dir='ltr'>(quiequam)</span> <span class='ocrx_word' id='word_1_119' title='bbox 646 2452 847 2572; x_wconf 79' lang='grc' dir='ltr'>ιιιιιιιιιιιι</span> <span class='ocrx_word' id='word_1_120' title='bbox 832 2478 982 2560; x_wconf 80' lang='lat' dir='ltr'>taurum,</span> <span class='ocrx_word' id='word_1_121' title='bbox 1005 2493 1055 2556; x_wconf 87' lang='lat' dir='ltr'>qm</span> <span class='ocrx_word' id='word_1_122' title='bbox 1046 2472 1121 2540; x_wconf 88' lang='lat' dir='ltr'>hio</span> 
     </span>
     <span class='ocr_line' id='line_1_18' title="bbox 58 2580 1174 2665; baseline -0.001 -21"><span class='ocrx_word' id='word_1_123' title='bbox 58 2599 109 2663; x_wconf 89' lang='lat' dir='ltr'>per</span> <span class='ocrx_word' id='word_1_124' title='bbox 143 2590 172 2641; x_wconf 80' lang='lat' dir='ltr'>et</span> <span class='ocrx_word' id='word_1_125' title='bbox 199 2586 324 2644; x_wconf 88' lang='lat' dir='ltr'>noram</span> <span class='ocrx_word' id='word_1_126' title='bbox 339 2580 490 2664; x_wconf 91' lang='lat' dir='ltr'>interponi</span> <span class='ocrx_word' id='word_1_127' title='bbox 522 2582 708 2656; x_wconf 82' lang='lat' dir='ltr'>sententiam</span> <span class='ocrx_word' id='word_1_128' title='bbox 742 2601 833 2665; x_wconf 80' lang='lat' dir='ltr'>posse</span> <span class='ocrx_word' id='word_1_129' title='bbox 860 2581 1055 2664; x_wconf 86' lang='lat' dir='ltr'>putaverunt,</span> <span class='ocrx_word' id='word_1_130' title='bbox 1085 2598 1121 2643; x_wconf 87' lang='lat' dir='ltr'>er</span> <span class='ocrx_word' id='word_1_131' title='bbox 1172 2586 1174 2590; x_wconf 84' lang='lat'>&#39;</span> 
     </span>
     <span class='ocr_line' id='line_1_19' title="bbox 59 2684 1120 2781; baseline -0.002 -30"><span class='ocrx_word' id='word_1_132' title='bbox 59 2687 189 2751; x_wconf 80' lang='lat' dir='ltr'>relativa</span> <span class='ocrx_word' id='word_1_133' title='bbox 225 2688 256 2749; x_wconf 86' lang='lat' dir='ltr'>et</span> <span class='ocrx_word' id='word_1_134' title='bbox 277 2685 517 2753; x_wconf 80' lang='lat' dir='ltr'>demonstrativa</span> <span class='ocrx_word' id='word_1_135' title='bbox 553 2689 641 2770; x_wconf 88' lang='lat' dir='ltr'>parte</span> <span class='ocrx_word' id='word_1_136' title='bbox 673 2706 854 2781; x_wconf 78' lang='lat' dir='ltr'>connexam,</span> <span class='ocrx_word' id='word_1_137' title='bbox 889 2706 960 2751; x_wconf 87' lang='lat' dir='ltr'>cum</span> <span class='ocrx_word' id='word_1_138' title='bbox 996 2684 1120 2767; x_wconf 89' lang='lat' dir='ltr'>reliquis</span> 
     </span>
     <span class='ocr_line' id='line_1_20' title="bbox 58 2778 1121 2966; baseline -0.001 -110"><span class='ocrx_word' id='word_1_139' title='bbox 58 2793 185 2857; x_wconf 88' lang='lat' dir='ltr'>omnino</span> <span class='ocrx_word' id='word_1_140' title='bbox 217 2811 278 2857; x_wconf 92' lang='lat' dir='ltr'>non</span> <span class='ocrx_word' id='word_1_141' title='bbox 300 2778 513 2966; x_wconf 81' lang='lat' dir='ltr'>cohaerentem,</span> <span class='ocrx_word' id='word_1_142' title='bbox 550 2797 585 2858; x_wconf 92' lang='lat' dir='ltr'>ut</span> <span class='ocrx_word' id='word_1_143' title='bbox 571 2793 802 2867; x_wconf 86' lang='lat' dir='ltr'>tRibbeokius</span> <span class='ocrx_word' id='word_1_144' title='bbox 837 2813 929 2909; x_wconf 88' lang='lat' dir='ltr'>quem</span> <span class='ocrx_word' id='word_1_145' title='bbox 951 2791 1121 2857; x_wconf 82' lang='lat' dir='ltr'>Ladevious</span> 
     </span>
    </p>
   </div>
   <div class='ocr_carea' id='block_1_3' title="bbox 1 2996 1156 4566">
    <p class='ocr_par' dir='ltr' id='par_1_8' title="bbox 1 2996 1156 4566">
     <span class='ocr_line' id='line_1_21' title="bbox 57 2996 1122 3091; baseline 0.001 -24"><span class='ocrx_word' id='word_1_146' title='bbox 57 3003 273 3070; x_wconf 75' lang='lat' dir='ltr'>Necessario</span> <span class='ocrx_word' id='word_1_147' title='bbox 265 3006 323 3088; x_wconf 83' lang='lat' dir='ltr'>igit</span> <span class='ocrx_word' id='word_1_148' title='bbox 323 3013 360 3070; x_wconf 86' lang='lat' dir='ltr'>ur</span> <span class='ocrx_word' id='word_1_149' title='bbox 309 3005 460 3071; x_wconf 82' lang='lat' dir='ltr'>tillia:</span> <span class='ocrx_word' id='word_1_150' title='bbox 491 3017 517 3068; x_wconf 82' lang='lat' dir='ltr'>et</span> <span class='ocrx_word' id='word_1_151' title='bbox 539 3017 571 3069; x_wconf 80' lang='grc' dir='ltr'>ιιι</span> <span class='ocrx_word' id='word_1_152' title='bbox 592 3017 619 3070; x_wconf 81' lang='grc' dir='ltr'>ιι</span> <span class='ocrx_word' id='word_1_153' title='bbox 641 3005 689 3068; x_wconf 80' lang='lat' dir='ltr'>tie</span> <span class='ocrx_word' id='word_1_154' title='bbox 710 3007 886 3091; x_wconf 84' lang='lat' dir='ltr'>adiungitur</span> <span class='ocrx_word' id='word_1_155' title='bbox 908 2996 1037 3087; x_wconf 90' lang='lat' dir='ltr'>amplior</span> <span class='ocrx_word' id='word_1_156' title='bbox 1058 3004 1122 3088; x_wconf 86' lang='lat' dir='ltr'>sig-</span> 
     </span>
     <span class='ocr_line' id='line_1_22' title="bbox 55 3111 1122 3196; baseline -0.003 -20"><span class='ocrx_word' id='word_1_157' title='bbox 55 3112 191 3176; x_wconf 79' lang='lat' dir='ltr'>nificatio</span> <span class='ocrx_word' id='word_1_158' title='bbox 228 3112 349 3196; x_wconf 84' lang='lat' dir='ltr'>generis</span> <span class='ocrx_word' id='word_1_159' title='bbox 384 3112 542 3178; x_wconf 91' lang='lat' dir='ltr'>hominum</span> <span class='ocrx_word' id='word_1_160' title='bbox 575 3113 628 3179; x_wconf 91' lang='lat' dir='ltr'>illo</span> <span class='ocrx_word' id='word_1_161' title='bbox 663 3113 767 3178; x_wconf 85' lang='lat' dir='ltr'>vitnlae</span> <span class='ocrx_word' id='word_1_162' title='bbox 803 3130 930 3178; x_wconf 89' lang='lat' dir='ltr'>munere</span> <span class='ocrx_word' id='word_1_163' title='bbox 951 3111 1122 3194; x_wconf 85' lang='lat' dir='ltr'>dignorum.</span> 
     </span>
     <span class='ocr_line' id='line_1_23' title="bbox 55 3216 1124 3303; baseline 0.001 -22"><span class='ocrx_word' id='word_1_164' title='bbox 55 3216 88 3281; x_wconf 86' lang='lat' dir='ltr'>Iu</span> <span class='ocrx_word' id='word_1_165' title='bbox 112 3219 173 3282; x_wconf 86' lang='lat' dir='ltr'>hoo</span> <span class='ocrx_word' id='word_1_166' title='bbox 196 3237 311 3302; x_wconf 86' lang='lat' dir='ltr'>genere</span> <span class='ocrx_word' id='word_1_167' title='bbox 334 3219 534 3303; x_wconf 84' lang='lat' dir='ltr'>significando</span> <span class='ocrx_word' id='word_1_168' title='bbox 567 3221 627 3287; x_wconf 88' lang='lat' dir='ltr'>duo</span> <span class='ocrx_word' id='word_1_169' title='bbox 660 3220 751 3286; x_wconf 84' lang='lat' dir='ltr'>verbe</span> <span class='ocrx_word' id='word_1_170' title='bbox 772 3221 924 3301; x_wconf 88' lang='lat' dir='ltr'>ponuntur</span> <span class='ocrx_word' id='word_1_171' title='bbox 946 3217 984 3282; x_wconf 87' lang='lat' dir='ltr'>ad</span> <span class='ocrx_word' id='word_1_172' title='bbox 1005 3219 1124 3283; x_wconf 88' lang='lat' dir='ltr'>malum</span> 
     </span>
     <span class='ocr_line' id='line_1_24' title="bbox 55 3323 1124 3414; baseline 0.001 -26"><span class='ocrx_word' id='word_1_173' title='bbox 55 3323 199 3389; x_wconf 86' lang='lat' dir='ltr'>futurum</span> <span class='ocrx_word' id='word_1_174' title='bbox 222 3329 278 3389; x_wconf 86' lang='lat' dir='ltr'>aut</span> <span class='ocrx_word' id='word_1_175' title='bbox 297 3343 433 3408; x_wconf 79' lang='lat' dir='ltr'>praesens</span> <span class='ocrx_word' id='word_1_176' title='bbox 455 3329 640 3410; x_wconf 74' lang='lat' dir='ltr'>spectantia,</span> <span class='ocrx_word' id='word_1_177' title='bbox 674 3328 717 3392; x_wconf 88' lang='lat' dir='ltr'>ita</span> <span class='ocrx_word' id='word_1_178' title='bbox 736 3326 1019 3414; x_wconf 20' lang='lat' dir='ltr'>,utqpraeterquam</span> <span class='ocrx_word' id='word_1_179' title='bbox 1042 3323 1124 3407; x_wconf 83' lang='lat' dir='ltr'>quod</span> 
     </span>
     <span class='ocr_line' id='line_1_25' title="bbox 56 3430 1124 3513; baseline -0.005 -17"><span class='ocrx_word' id='word_1_180' title='bbox 56 3450 88 3496; x_wconf 84' lang='grc' dir='ltr'>ιι</span> <span class='ocrx_word' id='word_1_181' title='bbox 110 3432 190 3495; x_wconf 88' lang='lat' dir='ltr'>hoe:</span> <span class='ocrx_word' id='word_1_182' title='bbox 214 3441 322 3494; x_wconf 73' lang='lat' dir='ltr'>moereo</span> <span class='ocrx_word' id='word_1_183' title='bbox 343 3431 444 3494; x_wconf 77' lang='lat' dir='ltr'>dulcor</span> <span class='ocrx_word' id='word_1_184' title='bbox 470 3455 587 3496; x_wconf 72' lang='lat' dir='ltr'>amores</span> <span class='ocrx_word' id='word_1_185' title='bbox 617 3434 694 3499; x_wconf 92' lang='lat' dir='ltr'>nihil</span> <span class='ocrx_word' id='word_1_186' title='bbox 727 3432 794 3497; x_wconf 85' lang='lat' dir='ltr'>sani</span> <span class='ocrx_word' id='word_1_187' title='bbox 825 3430 970 3506; x_wconf 87' lang='lat' dir='ltr'>ellieitur)</span> <span class='ocrx_word' id='word_1_188' title='bbox 992 3446 1055 3493; x_wconf 89' lang='lat' dir='ltr'>una</span> <span class='ocrx_word' id='word_1_189' title='bbox 1069 3447 1124 3513; x_wconf 67' lang='lat' dir='ltr'>⁴re-</span> 
     </span>
     <span class='ocr_line' id='line_1_26' title="bbox 55 3535 1124 3623; baseline -0.004 -19"><span class='ocrx_word' id='word_1_190' title='bbox 55 3538 216 3623; x_wconf 85' lang='lat' dir='ltr'>linquatur</span> <span class='ocrx_word' id='word_1_191' title='bbox 249 3539 395 3620; x_wconf 82' lang='lat' dir='ltr'>temporie</span> <span class='ocrx_word' id='word_1_192' title='bbox 425 3538 458 3602; x_wconf 86' lang='lat' dir='ltr'>iu</span> <span class='ocrx_word' id='word_1_193' title='bbox 490 3539 597 3604; x_wconf 84' lang='lat' dir='ltr'>eadem</span> <span class='ocrx_word' id='word_1_194' title='bbox 630 3560 687 3615; x_wconf 80' lang='lat' dir='ltr'>re,</span> <span class='ocrx_word' id='word_1_195' title='bbox 716 3557 807 3622; x_wconf 91' lang='lat' dir='ltr'>quam</span> <span class='ocrx_word' id='word_1_196' title='bbox 838 3537 885 3602; x_wconf 94' lang='lat' dir='ltr'>illi</span> <span class='ocrx_word' id='word_1_197' title='bbox 907 3539 961 3601; x_wconf 89' lang='lat' dir='ltr'>aut</span> <span class='ocrx_word' id='word_1_198' title='bbox 983 3535 1124 3600; x_wconf 88' lang='lat' dir='ltr'>metuent</span> 
     </span>
     <span class='ocr_line' id='line_1_27' title="bbox 54 3641 1156 3729; baseline -0.001 -21"><span class='ocrx_word' id='word_1_199' title='bbox 54 3647 237 3710; x_wconf 72' lang='lat' dir='ltr'>venientem</span> <span class='ocrx_word' id='word_1_200' title='bbox 259 3648 312 3709; x_wconf 92' lang='lat' dir='ltr'>aut</span> <span class='ocrx_word' id='word_1_201' title='bbox 333 3645 397 3710; x_wconf 93' lang='lat' dir='ltr'>iam</span> <span class='ocrx_word' id='word_1_202' title='bbox 418 3649 601 3727; x_wconf 83' lang='lat' dir='ltr'>praeeuntem</span> <span class='ocrx_word' id='word_1_203' title='bbox 620 3648 822 3729; x_wconf 83' lang='lat' dir='ltr'>experientur,</span> <span class='ocrx_word' id='word_1_204' title='bbox 846 3642 1019 3709; x_wconf 78' lang='lat' dir='ltr'>diuersitas.</span> <span class='ocrx_word' id='word_1_205' title='bbox 1060 3641 1125 3707; x_wconf 81' lang='lat' dir='ltr'>lta·</span> <span class='ocrx_word' id='word_1_206' title='bbox 1154 3704 1156 3707; x_wconf 79' lang='grc'>,</span> 
     </span>
     <span class='ocr_line' id='line_1_28' title="bbox 56 3750 1003 3837; baseline -0.004 -20"><span class='ocrx_word' id='word_1_207' title='bbox 56 3773 113 3837; x_wconf 88' lang='lat' dir='ltr'>que</span> <span class='ocrx_word' id='word_1_208' title='bbox 136 3751 244 3816; x_wconf 81' lang='lat' dir='ltr'>forma</span> <span class='ocrx_word' id='word_1_209' title='bbox 265 3750 392 3833; x_wconf 83' lang='lat' dir='ltr'>quidem·</span> <span class='ocrx_word' id='word_1_210' title='bbox 410 3752 567 3816; x_wconf 80' lang='lat' dir='ltr'>sententiae</span> <span class='ocrx_word' id='word_1_211' title='bbox 589 3756 672 3818; x_wconf 86' lang='lat' dir='ltr'>reeta</span> <span class='ocrx_word' id='word_1_212' title='bbox 693 3756 725 3818; x_wconf 90' lang='lat' dir='ltr'>et</span> <span class='ocrx_word' id='word_1_213' title='bbox 747 3752 832 3816; x_wconf 79' lang='lat' dir='ltr'>terta</span> <span class='ocrx_word' id='word_1_214' title='bbox 851 3751 917 3815; x_wconf 80' lang='lat' dir='ltr'>haee</span> <span class='ocrx_word' id='word_1_215' title='bbox 938 3750 1003 3814; x_wconf 83' lang='lat' dir='ltr'>eet:</span> 
     </span>
     <span class='ocr_line' id='line_1_29' title="bbox 666 3847 997 3942; baseline -0.009 -20"><span class='ocrx_word' id='word_1_216' title='bbox 666 3860 698 3922; x_wconf 88' lang='grc' dir='ltr'>ιι</span> <span class='ocrx_word' id='word_1_217' title='bbox 718 3847 855 3942; x_wconf 81' lang='lat' dir='ltr'>quisquis</span> <span class='ocrx_word' id='word_1_218' title='bbox 878 3873 997 3921; x_wconf 82' lang='lat' dir='ltr'>amores</span> 
     </span>
     <span class='ocr_line' id='line_1_30' title="bbox 215 3959 925 4050; baseline -0.003 -23"><span class='ocrx_word' id='word_1_219' title='bbox 215 3967 271 4027; x_wconf 89' lang='lat' dir='ltr'>ant</span> <span class='ocrx_word' id='word_1_220' title='bbox 290 3965 410 4027; x_wconf 89' lang='lat' dir='ltr'>metuet</span> <span class='ocrx_word' id='word_1_221' title='bbox 432 4013 440 4027; x_wconf 89' lang='lat'><strong>.</strong></span> <span class='ocrx_word' id='word_1_222' title='bbox 523 3967 578 4030; x_wconf 88' lang='lat' dir='ltr'>aut</span> <span class='ocrx_word' id='word_1_223' title='bbox 598 3959 769 4050; x_wconf 83' lang='lat' dir='ltr'>experietur</span> <span class='ocrx_word' id='word_1_224' title='bbox 793 3982 925 4029; x_wconf 86' lang='lat' dir='ltr'>amaros.</span> 
     </span>
     <span class='ocr_line' id='line_1_31' title="bbox 158 4065 1124 4153; baseline -0.005 -19"><span class='ocrx_word' id='word_1_225' title='bbox 158 4069 278 4134; x_wconf 86' lang='lat' dir='ltr'>Verum</span> <span class='ocrx_word' id='word_1_226' title='bbox 300 4089 362 4135; x_wconf 91' lang='lat' dir='ltr'>non</span> <span class='ocrx_word' id='word_1_227' title='bbox 384 4070 520 4153; x_wconf 87' lang='lat' dir='ltr'>quisquis</span> <span class='ocrx_word' id='word_1_228' title='bbox 542 4072 573 4136; x_wconf 94' lang='lat' dir='ltr'>in</span> <span class='ocrx_word' id='word_1_229' title='bbox 596 4090 698 4136; x_wconf 86' lang='lat' dir='ltr'>amore</span> <span class='ocrx_word' id='word_1_230' title='bbox 720 4071 825 4135; x_wconf 83' lang='lat' dir='ltr'>infelix</span> <span class='ocrx_word' id='word_1_231' title='bbox 847 4070 896 4134; x_wconf 85' lang='lat' dir='ltr'>est</span> <span class='ocrx_word' id='word_1_232' title='bbox 916 4068 977 4142; x_wconf 86' lang='lat' dir='ltr'>aut,</span> <span class='ocrx_word' id='word_1_233' title='bbox 1013 4085 1051 4131; x_wconf 91' lang='lat' dir='ltr'>ue</span> <span class='ocrx_word' id='word_1_234' title='bbox 1073 4065 1124 4142; x_wconf 89' lang='lat' dir='ltr'>sit,</span> 
     </span>
     <span class='ocr_line' id='line_1_32' title="bbox 1 4159 1126 4260; baseline -0.001 -23"><span class='ocrx_word' id='word_1_235' title='bbox 1 4159 3 4237; x_wconf 71' lang='grc' dir='ltr'>ἶ</span> <span class='ocrx_word' id='word_1_236' title='bbox 61 4177 182 4252; x_wconf 84' lang='lat' dir='ltr'>metuit,</span> <span class='ocrx_word' id='word_1_237' title='bbox 222 4175 332 4260; x_wconf 82' lang='lat' dir='ltr'>dignus</span> <span class='ocrx_word' id='word_1_238' title='bbox 366 4176 420 4240; x_wconf 93' lang='lat' dir='ltr'>illo</span> <span class='ocrx_word' id='word_1_239' title='bbox 449 4177 573 4259; x_wconf 83' lang='lat' dir='ltr'>proemio</span> <span class='ocrx_word' id='word_1_240' title='bbox 595 4177 655 4241; x_wconf 88' lang='lat' dir='ltr'>diei</span> <span class='ocrx_word' id='word_1_241' title='bbox 677 4196 768 4259; x_wconf 86' lang='lat' dir='ltr'>posse</span> <span class='ocrx_word' id='word_1_242' title='bbox 790 4175 920 4252; x_wconf 82' lang='lat' dir='ltr'>videtur,</span> <span class='ocrx_word' id='word_1_243' title='bbox 954 4173 1009 4239; x_wconf 88' lang='lat' dir='ltr'>sed</span> <span class='ocrx_word' id='word_1_244' title='bbox 1041 4172 1126 4255; x_wconf 85' lang='lat' dir='ltr'>quie·</span> 
     </span>
     <span class='ocr_line' id='line_1_33' title="bbox 2 4271 1128 4365; baseline -0.006 -16"><span class='ocrx_word' id='word_1_245' title='bbox 2 4271 3 4283; x_wconf 44' lang='lat'><em>²</em></span> <span class='ocrx_word' id='word_1_246' title='bbox 63 4285 125 4365; x_wconf 81' lang='lat' dir='ltr'>quie</span> <span class='ocrx_word' id='word_1_247' title='bbox 161 4303 231 4349; x_wconf 88' lang='lat' dir='ltr'>eam</span> <span class='ocrx_word' id='word_1_248' title='bbox 261 4282 476 4348; x_wconf 76' lang='lat' dir='ltr'>infelicitatem</span> <span class='ocrx_word' id='word_1_249' title='bbox 513 4285 597 4347; x_wconf 88' lang='lat' dir='ltr'>oerto</span> <span class='ocrx_word' id='word_1_250' title='bbox 619 4283 708 4348; x_wconf 86' lang='lat' dir='ltr'>mode</span> <span class='ocrx_word' id='word_1_251' title='bbox 742 4281 802 4345; x_wconf 88' lang='lat' dir='ltr'>fert</span> <span class='ocrx_word' id='word_1_252' title='bbox 835 4280 1019 4363; x_wconf 84' lang='lat' dir='ltr'>solaturque,</span> <span class='ocrx_word' id='word_1_253' title='bbox 1041 4278 1128 4343; x_wconf 80' lang='lat' dir='ltr'>volnt</span> 
     </span>
     <span class='ocr_line' id='line_1_34' title="bbox 64 4382 1126 4473; baseline -0.009 -17"><span class='ocrx_word' id='word_1_254' title='bbox 64 4391 211 4456; x_wconf 81' lang='lat' dir='ltr'>tantando</span> <span class='ocrx_word' id='word_1_255' title='bbox 232 4389 318 4464; x_wconf 86' lang='lat' dir='ltr'>lenit,</span> <span class='ocrx_word' id='word_1_256' title='bbox 341 4389 468 4472; x_wconf 85' lang='lat' dir='ltr'>eiusque</span> <span class='ocrx_word' id='word_1_257' title='bbox 489 4390 533 4455; x_wconf 90' lang='lat' dir='ltr'>rei</span> <span class='ocrx_word' id='word_1_258' title='bbox 556 4389 739 4473; x_wconf 78' lang='lat' dir='ltr'>significatio</span> <span class='ocrx_word' id='word_1_259' title='bbox 759 4389 790 4452; x_wconf 92' lang='lat' dir='ltr'>in</span> <span class='ocrx_word' id='word_1_260' title='bbox 813 4407 848 4453; x_wconf 91' lang='lat' dir='ltr'>eo</span> <span class='ocrx_word' id='word_1_261' title='bbox 870 4386 1026 4460; x_wconf 77' lang='lat' dir='ltr'>vocabulo,</span> <span class='ocrx_word' id='word_1_262' title='bbox 1046 4382 1126 4466; x_wconf 88' lang='lat' dir='ltr'>quod</span> 
     </span>
     <span class='ocr_line' id='line_1_35' title="bbox 107 4517 929 4566; baseline -0.011 -11"><span class='ocrx_word' id='word_1_263' title='bbox 107 4521 311 4559; x_wconf 64' lang='lat' dir='ltr'>nutriculum.</span> <span class='ocrx_word' id='word_1_264' title='bbox 325 4521 377 4554; x_wconf 68' lang='lat' dir='ltr'>Cn!-</span> <span class='ocrx_word' id='word_1_265' title='bbox 402 4517 424 4554; x_wconf 82' lang='grc' dir='ltr'>ΙΙ.</span> <span class='ocrx_word' id='word_1_266' title='bbox 913 4524 929 4566; x_wconf 77' lang='lat'>4</span> 
     </span>
    </p>
   </div>
   <div class='ocr_carea' id='block_1_4' title="bbox 0 0 1345 5018">
    <p class='ocr_par' dir='ltr' id='par_1_9' title="bbox 0 0 1345 5018">
     <span class='ocr_line' id='line_1_36' title="bbox 0 0 1345 5018; baseline 0 0"><span class='ocrx_word' id='word_1_267' title='bbox 0 0 1345 5018; x_wconf 95' lang='lat' dir='ltr'> </span> 
     </span>
    </p>
   </div>
  </div>
 </body>
</html>
