2654 5010
238 275 300 339 m
601 265 870 336 mmmm

197 467 424 539 emendationis
446 466 535 550 parte
557 463 795 542 (nobilibus)
813 463 906 529 nulla
922 472 975 529 est
992 463 1161 537 dubitatio;
1179 462 1253 528 alten

120 562 138 582 ⁶
198 576 342 644 audacior
364 572 591 640 dubitationem
614 570 718 645 habet
738 570 799 634 nisi
814 569 897 654 quod
913 571 1045 636 certum
1061 579 1110 635 est
1123 568 1253 634 relrtirm

199 700 366 766 pronomen
380 679 591 756 intercidissc;
607 680 710 759 potest
724 675 806 741 enim
822 677 981 760 scriptum
998 676 1116 741 fuisse:
1131 674 1255 740 inridre

201 789 324 854 etiam
353 785 564 869 potentis,
586 782 725 870 (qui)
747 784 786 847 in
820 781 980 849 crimen
1012 783 1254 857 uocabantur,

201 893 355 961 domum
377 893 550 958 revocat.

300 999 391 1064 Eum.
413 999 450 1062 3:
483 994 634 1062 etenim
662 1014 818 1078 semper
846 994 989 1060 habiti
1024 994 1257 1060 suntiortie·

202 1105 312 1178 simi,
344 1103 412 1188 qui
444 1120 637 1169 summum
670 1101 834 1184 imperii
866 1100 1125 1184 potirentur.
1177 1098 1259 1164 Sinin

201 1208 429 1292 antiquioribus
466 1209 624 1274 codicibus
660 1208 803 1272 omnibus
841 1206 1006 1279 scribitur.
1044 1227 1102 1291 pro
1138 1225 1194 1290 quo
1221 1209 1259 1269 sul

202 1333 352 1380 summa
378 1333 415 1379 ex
436 1315 542 1399 paneis
564 1314 783 1380 recentioribus
803 1317 860 1377 aut
881 1332 1050 1378 summae
1071 1331 1090 1378 e
1112 1315 1260 1379 coniectus

94 1421 96 1424 ’
203 1420 410 1487 substituitur.
448 1421 545 1486 Miror
567 1421 683 1485 nemini
705 1419 736 1483 in
760 1421 895 1484 mentem
919 1420 1059 1497 venisse,
1081 1417 1258 1485 scribendm

203 1546 279 1605 esse,
312 1527 570 1610 quemadmodum
598 1546 625 1591 c.
648 1527 677 1603 i,
709 1523 822 1592 summi
853 1525 1038 1606 imperii.
1087 1525 1166 1590 Cum
1193 1525 1259 1588 iro

204 1633 280 1699 calis
315 1633 414 1699 semel
446 1635 559 1716 scripta
593 1635 676 1699 asset
708 1631 1048 1713 (summimperii),
1079 1631 1155 1696 inde
1175 1636 1259 1696 minu

203 1741 474 1806 estsummum.

188 1858 191 1864 ’
305 1845 408 1911 Hanu.
432 1847 467 1911 5:
491 1845 618 1925 Quare
645 1844 716 1910 hoc
736 1863 851 1909 uuum
873 1846 981 1909 satis
1005 1844 1090 1909 erit
1113 1843 1258 1916 dictum,

203 1970 247 2016 ex
275 1969 347 2035 quo
376 1951 566 2036 intelligi
594 1951 743 2035 possit,
770 1952 944 2034 quantus
966 1948 1049 2014 ille
1072 1949 1259 2016 fueritcct

205 2055 335 2124 Prorsus
357 2057 570 2124 scribendum:
592 2059 664 2124 boc
685 2077 800 2123 unum
821 2055 926 2122 satis
948 2057 1036 2122 erit
1058 2056 1161 2124 dictu.

305 2175 371 2240 Att
389 2175 426 2241 3:
445 2177 582 2261 Igitur
601 2177 768 2260 primum
791 2173 899 2240 illud
922 2194 1069 2241 munus
1091 2175 1260 2243 fortuna.

203 2281 306 2364 quod
336 2282 373 2347 in
401 2283 732 2364 eaputissimum
760 2282 855 2346 urbe
884 2283 1116 2360 natusest,
1145 2282 1260 2363 inqua
1307 2293 1308 2320 ³

204 2386 459 2454 domicilium
494 2389 604 2454 orbis
639 2391 838 2454 terrarum
871 2388 983 2452 esset
1018 2387 1202 2472 imperii,
1229 2389 1260 2449 ut

205 2493 368 2561 eandem
390 2499 430 2561 et
450 2495 626 2578 patriam
647 2495 817 2560 haberet
838 2498 877 2559 et
897 2493 1058 2559 domum
1080 2497 1142 2560 cst
1188 2493 1259 2557 blen-

204 2600 276 2666 dum
300 2619 368 2666 esse
399 2604 428 2666 in
459 2602 612 2667 domum
642 2604 725 2668 recto
753 2600 959 2685 Nipperdeius
980 2600 1159 2677 intellexit3
1181 2616 1259 2682 neque

204 2707 284 2772 enim
299 2706 447 2791 patriast
463 2707 571 2774 domus
589 2710 749 2793 tamquam
764 2707 915 2773 contraria
928 2708 1004 2790 poni
1021 2712 1165 2789 possunt,
1180 2722 1260 2788 neque

203 2812 302 2878 Roma
323 2814 428 2879 Attico
451 2814 587 2879 domus
616 2814 692 2892 fuit;
721 2815 753 2879 in
776 2813 955 2898 corrigendo
976 2813 1146 2879 aberrauit
1194 2809 1259 2889 Quid

203 2919 309 2996 lateat
331 2920 518 3003 perspicitur
539 2940 575 2986 er
597 2920 750 3004 superiore
769 2919 891 3002 imperii
914 2919 1087 2985 mentione.
1140 2920 1260 2984 Fortuna

203 3026 235 3090 ct
255 3025 421 3108 prudentia
443 3024 488 3093 sic
509 3027 540 3091 in
565 3028 670 3093 Attico
692 3026 915 3110 conspirarunt,
938 3027 985 3102 ut,
1009 3044 1083 3091 curn
1098 3025 1133 3090 in
1149 3024 1258 3091 ccco

201 3130 332 3213 imperio
353 3133 491 3200 Romano
513 3135 651 3201 subiecta
672 3136 778 3200 sedem
800 3131 937 3216 poneret,
968 3134 1078 3197 tamen
1100 3134 1169 3215 ipse
1189 3147 1260 3214 pere

200 3235 325 3321 grinum
357 3239 518 3323 imperium
557 3259 616 3305 non
652 3240 778 3306 subiret.
836 3236 1044 3304 Scribcudum
1080 3237 1197 3323 igitur:
1228 3237 1261 3300 ut

76 3362 90 3392 x
201 3345 365 3410 eandem
388 3352 427 3412 et
449 3347 620 3430 patriam
643 3347 812 3412 baberet
833 3349 872 3410 et
893 3343 1067 3412 dominam.
1117 3341 1260 3425 Numqui

201 3449 333 3516 Athenis
354 3456 444 3518 natus
467 3455 558 3531 esset,
581 3453 677 3520 aliam
700 3453 863 3518 habiturus
878 3451 945 3517 erat
959 3451 1108 3534 patriam,
1125 3450 1260 3521 Athenai

200 3554 293 3621 aliam
329 3555 495 3639 dominum,
531 3560 672 3625 Romam.
720 3558 831 3635 (Video
871 3576 951 3623 nnnc
990 3557 1089 3622 etiam
1126 3556 1261 3623 Cobetuu

200 3660 398 3729 dominam
427 3665 603 3747 scripsisse;
631 3666 686 3731 sed
716 3664 798 3749 quud
827 3663 1024 3747 transpositis
1056 3664 1162 3730 uerbis
1182 3679 1261 3744 supra

199 3767 340 3851 scripsit:
363 3770 401 3835 in
424 3790 498 3856 qua
520 3772 771 3838 domicilium
795 3775 907 3836 esset
928 3769 1116 3853 imperii,
1145 3772 1209 3836 hie:
1228 3771 1260 3832 et

198 3873 308 3939 orbis
331 3878 530 3942 terrarum
553 3878 769 3956 dominam,
785 3875 1126 3962 uouagituriudttici
1141 3891 1260 3959 persora

199 3975 238 4042 de
260 3978 419 4049 dominatu
444 3985 528 4050 orbis
552 3991 714 4064 terrarum,
745 4003 843 4068 neque
866 3983 993 4050 Atticus
1014 3984 1100 4048 orbis
1121 3985 1259 4048 terrarum

198 4082 353 4151 dominam
377 4087 488 4156 habuit
509 4092 651 4174 patriam,
674 4091 728 4157 ssd
743 4110 842 4157 suam.
878 4091 914 4155 In
930 4091 1033 4156 altera
1046 4083 1105 4156 ill'a
1118 4085 1261 4156 sententis
