2648 5084
480 688 592 794 (iellim.
649 780 651 784 μ
670 738 677 751 ““
968 741 1031 805 613

41 938 128 1003 ziam
152 955 249 1004 nunc
270 938 392 1003 nostri
426 937 531 1003 rolris
562 938 599 1003 in
622 943 782 1004 mentem
805 941 956 1014 reniet,
990 960 1075 1008 uos·

41 1063 80 1108 ue
116 1045 241 1128 magis
280 1044 419 1127 dignos
463 1045 629 1109 creditis
664 1044 896 1123 (credatisil,
935 1049 1075 1131 quibus

49 1150 166 1215 ribus
212 1169 319 1233 quam
368 1151 549 1216 hostibus
593 1152 768 1225 utamini,
817 1157 954 1236 quique
1004 1174 1074 1236 prc

41 1258 116 1323 >bis
139 1258 270 1340 potius
302 1275 411 1339 quam
447 1259 580 1322 contra
611 1276 676 1322 vos
698 1277 926 1342 pugnemus,
951 1280 1074 1344 neque

41 1364 147 1428 nstro
179 1382 297 1445 neque
319 1364 506 1427 maiorum
536 1366 755 1429 nostrerum
788 1366 926 1430 meritc
958 1366 1074 1432 uobis

41 1471 287 1553 [continget
341 1469 416 1547 Quae
447 1468 514 1533 haec
545 1455 729 1551 perversitas
752 1473 811 1551 est,
840 1474 876 1536 ut
896 1472 970 1536 sccii
993 1472 1074 1555 apud

41 1577 159 1658 apulum
192 1578 245 1642 aut
279 1578 420 1640 senatum
451 1576 540 1640 Rom.
575 1576 675 1647 (initio
699 1559 783 1641 ,aelli
817 1577 951 1656 socialis)
983 1579 1076 1643 verba
1149 1568 1156 1578 ’

41 1683 168 1756 cientes,
203 1683 229 1747 si
262 1681 335 1766 quid
366 1682 426 1746 sibi
447 1700 622 1747 concessum
645 1685 687 1747 sit
708 1684 879 1768 civitasque
902 1684 988 1760 (lauta,¹
1016 1686 1076 1769 ipsi

41 1807 66 1854 rc
98 1807 153 1853 suc
188 1790 397 1871 maiorumque
431 1788 541 1853 merito
574 1792 753 1854 eventurum
792 1794 916 1873 negent,
951 1793 1011 1874 ipsi
1042 1813 1075 1857 se
1137 1785 1165 1873 '¹

41 1895 157 1960 :neficic
178 1894 319 1978 indignos
344 1893 469 1960 dicant?
524 1895 669 1972 (Humilis
703 1896 800 1978 culpae
822 1915 885 1961 suae
909 1898 1075 1962 maiorum-

41 2021 68 2066 ιο
111 2001 260 2066 confessio
294 2020 312 2064 a
351 2001 442 2066 suciis
475 2001 556 2065 illius
590 1999 738 2085 temporis
776 2002 967 2068 alienissima
1005 2009 1075 2082 est.)

40 2108 166 2172 imirum
191 2106 276 2172 Sulla
298 2107 435 2190 scripsit:
470 2126 588 2189 ueque
620 2109 759 2173 nostro
791 2127 917 2192 neque
952 2109 1076 2174 maio·
1184 2091 1193 2108 ’

41 2233 96 2277 um
129 2216 346 2279 nostrorum
387 2214 586 2288 immerito,
629 2215 765 2298 antique,
808 2218 842 2278 ut
877 2214 1004 2281 Plautus
1043 2217 1075 2281 iu

41 2320 155 2384 sinaria
189 2321 338 2412 immerito
359 2340 424 2382 meo
462 2319 546 2385 dixit.
603 2322 772 2386 luterum
807 2324 838 2385 et
871 2344 901 2382 m
931 2324 1075 2388 extritum

41 2432 58 2492 t
91 2427 151 2491 im.
195 2427 308 2492 liudem
344 2425 443 2509 capite
480 2431 615 2492 extremo
649 2428 712 2504 (14)
747 2429 791 2491 ita
822 2428 982 2492 scribitur:
1027 2429 1077 2494 Er

41 2553 84 2597 uc
137 2534 174 2597 iu
218 2533 350 2616 plures
400 2532 524 2597 libros
575 2534 717 2598 mendae
760 2533 881 2598 istius
924 2529 1076 2599 indoles

51 2630 191 2703 enavit.
237 2638 311 2718 Quae
334 2640 376 2704 sit
396 2638 515 2704 mendae
538 2638 667 2716 indoles:
700 2658 789 2703 uemc
824 2638 943 2716 dixerit,
977 2641 1076 2705 multe

43 2746 123 2820 inus
146 2745 296 2829 quomodo
317 2745 435 2810 mendae
456 2745 576 2811 indoles
603 2747 715 2811 manet.
754 2744 870 2811 Gellius
894 2747 1075 2828 scripserat:

41 2850 158 2916 ,eudae'
186 2852 307 2917 istius
336 2850 484 2914 suboles
515 2854 559 2929 (et
586 2858 734 2935 propago)
768 2852 951 2917 manavit.
1000 2853 1100 2918 lude-

41 2965 126 3024 ctum
148 2958 267 3023 istius
289 2959 441 3032 ubcles,
464 2961 531 3023 tum
553 2958 586 3022 id
608 2958 689 3022 male
711 2958 905 3040 suppletum:
928 2958 982 3023 cir.
1004 2959 1093 3037 XX‚'

65 3063 113 3127 19.
160 3049 369 3143 (Mirabuntur
391 3063 491 3140 multi,
513 3064 541 3129 si
563 3063 674 3140 dixero,
698 3063 779 3146 qucd
801 3063 942 3129 omuibus
968 3067 1075 3130 uotum

41 3191 81 3236 :se
105 3170 246 3247 debebat,
267 3189 421 3255 nunquam
443 3169 578 3235 indolem
601 3168 682 3252 apud
698 3168 824 3234 Latinus
847 3169 908 3237 dici
929 3171 967 3236 de
988 3173 1076 3256 iuge·

41 3296 62 3341 ιο
84 3279 129 3342 rei
154 3276 366 3360 etqualitate,
399 3276 452 3342 sed
473 3294 596 3359 semper
629 3275 666 3339 de
699 3279 808 3341 natura
831 3276 965 3362 aliquam
987 3297 1075 3361 spem

41 3387 155 3449 anteat
176 3384 304 3449 alicuius
325 3385 448 3448 virtutis
471 3382 575 3448 vitiive
598 3383 713 3466 capaci,
735 3385 771 3447 ut
792 3385 849 3450 sit:
864 3384 922 3449 'die
944 3385 1074 3469 Aulage,

41 3485 92 3553 m:
112 3490 161 3554 dis
184 3490 441 3556 Beschaileuheit.
475 3491 565 3554 Nunc
586 3489 685 3554 libelli
711 3490 941 3567 inscribuntun·
960 3492 996 3554 ut
1016 3490 1073 3555 hcc

41 3615 92 3669 ar,
114 3595 153 3660 de
174 3595 275 3662 indole
298 3596 408 3662 codicis
433 3596 527 3661 huius·
544 3597 593 3660 rel
614 3595 698 3660 illius
721 3597 915 3679 similiaque.)

111 3808 211 3876 Gellio
253 3811 409 3875 communi
452 3807 677 3874 senescentium
721 3813 753 3874 et
797 3808 1074 3888 intermorientium
1147 3838 1149 3842 r

41 3921 184 3981 terarum
208 3920 280 3982 ncta
301 3914 489 4005 adiungitur
503 3913 542 3980 ll.
568 3914 700 3992 Frento,
724 3916 788 3995 sed,
811 3916 884 3981 dum
908 3917 940 3984 iu
961 3915 1075 3999 ingenii

41 4065 42 4079 r
63 4022 244 4105 eloquentiae
265 4021 365 4103 specie
386 4020 445 4085 sibi
466 4021 577 4103 placet,
600 4023 717 4086 inauicr
739 4025 770 4087 et
790 4023 930 4105 ineptior.
981 4020 1074 4087 Cuius

41 4129 114 4194 istes
137 4128 281 4211 reliquias
309 4145 379 4191 cum
409 4145 626 4208 percurrerem,
655 4148 722 4210 quse
743 4148 842 4211 pauca
867 4130 1075 4211 praetermissa

41 4255 48 4298 l
79 4233 154 4309 aliis
172 4236 242 4327 ⁴aut
273 4234 374 4298 minus
401 4236 482 4308 recte
516 4236 648 4299 tractata
680 4235 842 4301 emendare
878 4236 956 4301 mihi
990 4236 1073 4301 risus

41 4363 94 4416 uu,
130 4341 180 4407 hic
211 4341 391 4407 brevissime
413 4340 615 4426 subiungam;
650 4360 721 4406 nam
736 4343 738 4349 '
754 4342 785 4406 iu
815 4344 873 4409 teli
894 4343 1024 4408 materia
1043 4346 1075 4408 et

41 4450 109 4514 ubis
140 4449 173 4513 et
204 4448 317 4513 chartis
346 4465 469 4530 parcere
500 4467 622 4531 :equum
647 4451 703 4512 est.
763 4447 849 4538 Usus,
868 4468 937 4513 sum
958 4449 1073 4514 Naberi
