2678 5018
263 262 378 347 m³
497 232 882 355 ,imnmu

955 375 970 409 Ι

138 545 146 567 ,,
219 486 278 552 sed
312 486 340 550 ei
362 482 472 550 similis
506 481 585 546 alter
617 482 656 546 ad
688 483 810 564 plantas
844 482 1068 564 praeparandas.
1089 523 1092 529 ,
1112 482 1219 566 Neque
1240 484 1283 546 ei·

223 589 306 651 anitii
337 599 363 651 el
388 611 446 673 quo
468 591 568 670 potest
596 589 693 670 accipi
714 587 822 650 similes
844 589 933 672 etque
954 589 980 649 ie
1002 599 1050 663 cal,
1086 612 1154 674 quo.
1199 589 1282 654 Scri·

222 696 357 761 bendum
379 695 474 779 igitur
493 699 585 778 puto:

306 805 388 866 Ante
410 802 511 866 locum
533 802 664 865 similem
689 791 858 883 exquirunt,
883 800 934 865 ubi
955 806 1054 883 prima
1074 805 1199 883 paretur

306 908 462 972 arboribus
484 926 582 991 seges,
604 913 640 987 ec,
665 927 722 990 quc
743 927 812 972 mox
834 907 952 990 digesta
966 907 1119 992 seruarent

323 1014 404 1078 Nam
428 1014 455 1073 ei
475 1031 536 1076 una
558 1012 677 1095 syllaba
697 1032 757 1077 non
780 1011 878 1077 solum
901 1032 919 1077 a
941 1013 1090 1106 Lucretio,
1112 1014 1167 1079 sed
1189 1015 1282 1079 etiam

223 1119 382 1185 aCntullo
412 1113 597 1200 Manilicque
631 1121 763 1202 positum
795 1119 1006 1184 Lachmannus
1039 1119 1079 1184 ad
1111 1119 1231 1185 Lucret.
1252 1139 1281 1201 p.

225 1226 284 1287 152
306 1225 504 1298 demonstrat,
526 1245 582 1290 nec
603 1224 885 1310 idfipronomenhd.
898 1225 1051 1308 Vergilius
1072 1225 1170 1290 vitare
1192 1226 1281 1291 lacile

221 1336 350 1414 poterat.
394 1331 546 1392 Feruntur
568 1333 708 1408 (semine)
730 1333 779 1398 est
799 1330 831 1393 in
853 1330 919 1395 cod.
942 1330 977 1394 P.
987 1333 1011 1407 1)

322 1436 384 1511 111,
407 1438 483 1501 391:

288 1545 416 1609 Munere
441 1545 485 1607 sic
508 1543 594 1605 niveo
616 1541 703 1617 lane,
726 1543 752 1606 si
774 1543 895 1607 credere
918 1540 1044 1625 dignum
1066 1545 1123 1618 est,

287 1651 352 1715 Pan
375 1651 449 1739 dens
471 1647 611 1711 Arcadiae
633 1657 754 1731 captam
771 1658 816 1721 te,
836 1649 931 1722 Luna,
953 1646 1065 1711 fefellit

286 1758 317 1820 in
341 1740 463 1820 namura
485 1755 548 1818 alta
570 1773 698 1831 vocans3
721 1775 777 1818 nec
798 1760 832 1819 tu
855 1756 1016 1834 aspernata
1037 1755 1206 1817 vocantem.

322 1860 510 1924 Aduerbium
537 1862 580 1922 sie
602 1860 677 1924 nihil
698 1861 821 1926 omnino
845 1860 944 1933 babet,
977 1878 1035 1940 quo
1058 1858 1208 1922 referatur
1230 1861 1283 1924 aut

221 1968 306 2052 quod
328 1965 489 2049 significet,
523 1967 664 2049 quoniam
699 1969 770 2031 ante
801 1970 922 2030 tantum
945 1966 983 2029 de
1012 1983 1084 2028 cura
1106 1965 1185 2028 lanae
1207 1964 1283 2029 albae

222 2076 290 2140 sine
312 2074 441 2139 maculis
463 2073 619 2137 servaudae
642 2073 751 2156 agitur.
795 2072 844 2136 Ad
866 2072 1002 2137 fabulam
1035 2089 1152 2154 quoque
1175 2071 1284 2153 ipsam,

220 2200 290 2262 quae
323 2181 521 2264 significatur,
560 2178 701 2261 queniam
725 2197 783 2241 non
807 2177 905 2241 dando
928 2189 1054 2241 munere
1075 2178 1141 2241 Pan
1164 2177 1285 2259 decepit

223 2285 324 2359 deam,
348 2284 400 2348 sed
423 2286 480 2349 sub
503 2284 564 2349 albi
586 2283 690 2348 arietis
713 2283 814 2365 specie
836 2284 948 2358 latens,
971 2284 1071 2366 aptius
1095 2284 1153 2348 erit
1174 2285 1249 2349 hoc:

255 2455 256 2460 ,
322 2391 449 2454 Munere
472 2391 525 2452 snb
549 2392 635 2455 niveo
651 2391 743 2474 lance,
766 2390 791 2454 si
804 2372 937 2473 credere
959 2390 1085 2472 dignum
1108 2393 1164 2466 est,

322 2497 387 2561 Pan
410 2497 484 2562 deus
505 2498 645 2562 Arcadiae
668 2500 791 2579 captam
813 2501 854 2571 te,
877 2496 972 2572 Luna,
994 2496 1112 2561 fefellit.

323 2602 378 2681 lv,
401 2604 441 2665 39
463 2605 514 2685 (de
536 2606 674 2686 apibus):

764 2698 905 2773 certatim
929 2709 1033 2773 tenvia
1052 2729 1121 2774 cera

392 2817 579 2898 spiramenta
599 2817 706 2889 linunt,
729 2817 859 2897 fucoque
881 2818 913 2880 et
936 2815 1060 2880 floribus
1082 2833 1151 2879 oras

392 2922 522 3002 explent.

257 3175 277 3240 ¹)
296 3174 397 3228 Eodem
440 3173 508 3226 libro
545 3173 587 3234 11,
632 3175 681 3227 247
723 3173 902 3226 certissimum
947 3172 1014 3225 mihi
1052 3187 1090 3225 est
1135 3170 1288 3240 Vergilium

294 3267 443 3338 scripsisse:

408 3362 446 3415 Ac
463 3377 541 3430 sapor
560 3360 688 3413 indicium
708 3359 788 3413 faciet
806 3359 964 3414 manifestus
982 3363 1011 3413 et
1025 3376 1070 3413 ora

408 3455 498 3507 tristia
516 3458 696 3522 temptantum
716 3471 793 3507 sensu
813 3453 951 3523 torquebit
968 3475 1061 3514 aurare,

294 3563 345 3600 non
372 3567 478 3611 anreror,
505 3546 575 3615 quad
603 3563 690 3600 errore
715 3552 802 3600 ortum
821 3564 901 3616 pravo
920 3549 1163 3616 grammaticorum,
1182 3560 1242 3598 rara
1260 3548 1288 3598 ct

295 3638 407 3706 antiqua
437 3639 543 3693 incaute
573 3642 740 3703 sectantium,
771 3641 870 3694 iudicio
901 3641 1038 3694 defensum
1070 3644 1127 3704 est·,
1164 3655 1229 3692 nam
1259 3641 1287 3690 et

294 3731 382 3784 minus
412 3735 482 3784 recte
508 3754 582 3800 saper
609 3739 637 3786 et
666 3755 764 3785 αιιιανον
791 3740 918 3802 tanquam
942 3732 994 3787 dno
1019 3732 1232 3801 distinguuntur,
1259 3732 1287 3813 et

295 3824 491 3890 perversissime
521 3826 638 3880 adhaeret
669 3825 767 3880 nudum
795 3826 864 3881 illud
886 3845 955 3875 sensu
980 3827 1091 3893 (urraaror
1109 3846 1153 3876 ora
1173 3818 1287 3898 corausti!

296 3921 383 3979 serua).
415 3917 487 3981 Quid
500 3917 617 3972 accidere
636 3921 818 3984 grammaticis
836 3918 954 3986 antiquis
972 3935 1025 3972 non
1046 3917 1213 3988 ignobilibus
1232 3917 1284 3969 ism

202 4044 207 4052 ·
294 4013 359 4062 ante
390 4008 473 4064 Gellii
506 4016 610 4064 aetatem
648 4012 767 4079 potuerit
796 4013 824 4064 in
861 4003 987 4075 Latinis
1007 4013 1109 4081 poetis,
1152 3996 1285 4065 monstrat

295 4103 448 4171 exemplum
471 4101 586 4156 Cesellii
609 4103 681 4171 apud
701 4103 817 4158 Gellium
836 4105 881 4170 Vl,
901 4108 919 4160 2
936 4107 1053 4175 positum
1071 4104 1187 4174 alisque.
1336 4102 1338 4105 ’
