2648 5084
529 730 641 788 Nonius.
1012 729 1072 793 667

16 928 202 1016 temple
223 950 345 1015 parva
366 930 479 996 facta.
529 928 625 994 Sorib.
659 889 745 996 Haec
778 932 884 1011 adis,
916 952 995 1018 quae
1018 952 1116 998 nunc

19 1041 126 1114 est,
150 1058 192 1103 m.
216 1055 245 1103 a.
269 1038 353 1120 post
374 1037 531 1109 factast,
558 1035 723 1119 deniqne
746 1040 1008 1138 (?)on1niacet.

152 1142 189 1209 P.
212 1144 274 1207 495
296 1143 499 1223 (accusativus
519 1147 593 1221 cet.)
616 1143 748 1209 Attius
765 1143 1114 1226 'Epinensimachet

135 1250 186 1315 Ab
209 1250 306 1315 classe
328 1249 368 1314 ad
389 1249 495 1314 urbem
517 1249 657 1326 tondunt,
680 1267 736 1314 nec
757 1251 916 1334 quisquam
939 1250 1040 1335 potest

134 1356 322 1441 ffilgenfium
343 1375 464 1422 armum
486 1359 624 1422 armatus
648 1356 787 1422 ardorem
810 1356 906 1421 obtul.

19 1456 132 1529 Son:
178 1462 360 1548 fulgentium
383 1480 503 1526 armum
524 1452 834 1529 advoreuoardoreun
855 1463 949 1530 obtul.

153 1568 189 1633 P.
210 1569 273 1633 496
295 1571 466 1653 (genetivus
488 1575 588 1647 casus)
610 1568 781 1636 Titinius
805 1570 993 1635 Psaltria:

253 1675 339 1740 Dicis
360 1678 395 1741 tu
417 1693 519 1760 quaeso
541 1693 600 1758 quo
620 1678 655 1746 tev
674 1675 836 1741 avortisti?
862 1677 924 1741 mei

255 1781 385 1857 fastidis,
407 1799 484 1845 maae
508 1780 649 1845 deliciae?

28 1887 150 1956 Sorib.
254 1888 319 1960 Dio,
342 1888 429 1960 istuc,
453 1905 566 1969 quaeso,
589 1908 667 1971 quor
688 1890 720 1952 te
741 1887 901 1952 avortistil
923 1887 984 1952 Mei

249 1993 385 2071 iastius,
406 2011 484 2058 meae
507 1992 645 2057 deliciae?
744 2077 747 2082 ι

152 2099 273 2189 Roos
296 2101 463 2179 (soluerittt
507 2097 655 2165 Calins
689 2101 819 2166 annali
851 2100 916 2165 lib.
938 2097 1010 2163 Vll
1043 2106 1113 2177 (sor.

27 2206 188 2274 annali
211 2207 311 2286 vill:
335 2207 437 2271 Duos
460 2210 498 2272 et
518 2205 766 2290 septuaginta
787 2207 945 2271 lictores
968 2207 1113 2271 domum

28 2314 322 2397 deportavisse
343 2313 474 2389 lascis,
496 2313 558 2398 qui
580 2311 812 2378 ductoribus
834 2312 1000 2378 hostium
1022 2314 1113 2378 ante

33 2419 249 2488 soluerint
269 2418 374 2484 ferri.
419 2419 483 2484 Sor.
505 2420 683 2484 victores.

151 2525 186 2591 P.
211 2524 272 2589 513
295 2524 436 2609 (dapsilel
460 2525 689 2607 Pomponius
711 2523 885 2589 Rustico:

87 2631 173 2712 Quin
196 2649 277 2696 nunc
299 2632 344 2697 vis
365 2630 454 2696 fieri?
474 2631 602 2695 Verrem
624 2648 711 2694 sume
731 2629 848 2712 dapsile
869 2647 904 2695 ec
926 2629 1069 2696 dilucido.

36 2736 267 2807 Scribonuum:
310 2759 404 2812 ome,
426 2757 513 2803 sume
535 2736 652 2819 dapsile
672 2754 708 2802 ac
729 2735 871 2801 dilucide.

150 2843 184 2907 P.
208 2843 271 2906 514
293 2845 461 2928 (pugnitus)
485 2842 664 2908 Caecilius
685 2830 876 2909 Fallacia:
911 2884 915 2892 »

133 2949 203 3015 Nisi
225 2949 348 3033 quidem
372 2948 476 3032 quise
498 2949 588 3014 malit
608 2949 753 3032 pugnitus
774 2947 974 3032 pessumdari.

37 3059 111 3124 Sor.
158 3056 227 3122 Nisi
250 3056 422 3142 petineat,
445 3056 497 3139 qui
518 3075 551 3121 se
573 3055 663 3120 malit
683 3074 711 3138 p.
736 3076 764 3139 p.

150 3163 217 3228 Ibd.
239 3162 489 3243 (immoitalitus)
510 3161 722 3246 Turpilius
744 3161 919 3225 Hetaera:

200 3268 305 3335 Satine
326 3272 362 3333 ut
382 3288 483 3334 meum
507 3288 560 3334 cor
580 3267 789 3351 voluptatibus
810 3266 885 3333 dat?

70 3408 72 3412 Α
200 3376 422 3442 Immortalitus
443 3394 476 3440 se
498 3376 610 3441 obtulit
630 3375 706 3440 mihi
727 3375 792 3440 haec
813 3374 952 3439 laculm.

40 3481 268 3549 scribendum:

625 3586 730 3659 Satin,
751 3588 786 3650 nt
807 3603 909 3649 meum

103 3756 105 3760 .
245 3713 300 3771 cor
319 3712 353 3759 se
375 3693 577 3776 voluptatibn’
599 3693 657 3765 dec.
679 3690 899 3757 immortalitus

250 3818 317 3866 sese
339 3798 449 3864 obtulit
471 3800 514 3863 mi
536 3799 602 3863 hacc
624 3798 776 3863 facultas?

149 3911 184 3975 P.
206 3908 267 3970 524
288 3907 439 3983 (turbam)
468 3905 600 3970 Attius
621 3904 875 3970 Athamante:

87 4019 140 4082 An
163 4015 269 4079 dubito
291 4014 331 4078 ha
351 4012 425 4096 quid
446 4013 533 4096 agis?
554 4031 626 4076 cane
648 4030 686 4076 ne
707 4012 738 4074 in
760 4009 881 4075 turbam
904 4011 936 4072 to
957 4007 1107 4091 implices.

45 4124 145 4191 Scrib.
194 4121 271 4182 Tum
291 4118 399 4192 molto.
424 4119 471 4194 ha,
494 4119 567 4204 quid
588 4118 677 4202 agis?
702 4132 775 4182 cave
798 4116 854 4180 cet.

149 4228 184 4292 P.
206 4227 267 4289 529
290 4224 434 4302 (fetiales)
476 4225 579 4290 Idem
610 4224 717 4303 (Varro
737 4223 775 4288 de
797 4222 859 4286 vitu
881 4220 985 4303 populi
1003 4220 1108 4319 Rom.)

45 4337 110 4402 lib.
146 4334 220 4398 Ill:
265 4330 302 4396 si
337 4330 442 4396 onina
475 4330 600 4415 legati
621 4329 762 4395 violati
795 4328 943 4400 essent.
975 4327 1042 4411 qui
1072 4328 1109 4392 id

44 4442 245 4516 fecissent,
267 4438 437 4522 quamvis
460 4436 609 4502 nobiles
632 4440 771 4507 essent.
793 4436 849 4500 uti
872 4433 1110 4499 dederentur

45 4547 221 4621 civitati,
248 4544 488 4623 statuerunt,
511 4544 571 4612 cet.
614 4542 676 4607 Scr.
706 4540 846 4606 Sicubi
865 4541 986 4625 legati
1008 4543 1067 4607 oct.
