2648 5084
424 720 702 794 mpelisca-13.
917 718 921 724 '
995 721 1055 787 631
1139 751 1172 795 ι,

30 923 230 1007 perbreviter
250 921 422 986 subiiciens.
461 921 698 1005 (imperatomin
720 921 844 985 uomina
864 940 953 1004 pono,
976 924 1100 990 omissis

28 1031 322 1112 scriptorumque
345 1045 403 1091 non
425 1026 537 1109 ubique
562 1028 646 1091 certa
667 1028 762 1105 sunt.)

142 1135 238 1200 Hudr.
272 1134 310 1197 4:
336 1132 572 1216 Corrupisse
604 1152 684 1198 eum
720 1131 878 1198 'l'rsiani
916 1134 1099 1210 libertos,

27 1258 200 1306 curasse
235 1239 430 1304 delicatos
462 1238 701 1322 eosdemque
734 1239 922 1322 sepelisse
956 1259 1025 1324 per
1060 1257 1102 1306 ea

28 1349 227 1428 tempora,
273 1344 417 1428 quibus
448 1346 486 1410 in
529 1345 618 1410 aula
661 1345 972 1421 familiariorum
1007 1349 1100 1423 fuit,

25 1453 171 1536 opinio
193 1450 316 1515 multa
338 1451 528 1518 firmavit.
586 1452 637 1517 Sic
658 1451 789 1517 codices
832 1451 918 1530 Quod
939 1454 1102 1519 substitui·

25 1562 87 1628 tur
109 1575 209 1641 sape
233 1557 381 1622 lavisse
402 1560 456 1621 avt
478 1558 630 1635 livisse,
663 1577 718 1641 pru
750 1558 950 1643 levi‘gasse
979 1577 1101 1642 prorsus

32 1664 175 1748 fingitur.
199 1661 401 1728 Scribonium
425 1665 532 1747 opinor
554 1665 780 1747 eosdemque
802 1663 991 1747 depilasre
1012 1665 1102 1748 (pilos

26 1771 172 1846 vallinse,
205 1768 378 1833 humillimo
403 1768 572 1836 ministerio
593 1773 625 1836 et
645 1773 801 1840 obsceno).
843 1769 909 1853 [Sic
929 1770 1076 1856 Lipsiae]

140 1874 207 1939 Ibd.
232 1875 283 1938 10:
327 1876 421 1940 Posi
454 1877 531 1941 hac
553 1877 753 1959 proiectus
790 1876 826 1940 in
849 1876 1102 1942 Galliasern-

30 2001 105 2047 nes
128 1983 325 2046 casuariis
347 1982 663 2047 liberalitatibus
685 1983 921 2047 sublevavit
972 1981 1101 2049 Subestr

24 2106 170 2155 omnes
207 2109 316 2149 casus
350 2089 477 2150 curiis
519 2087 585 2152 lib.
629 2089 724 2153 subl.
792 2089 832 2168 Et
873 2088 1002 2154 variis
1038 2089 1101 2153 iam

27 2178 299 2259 nonnosus·

138 2299 199 2365 AEl.
222 2300 292 2364 Ver.
325 2299 361 2362 2:
395 2300 508 2383 quasi
543 2298 703 2382 qnidam
733 2300 956 2384 principum
978 2300 1040 2365 iili
1061 2300 1102 2377 (B

32 2410 76 2478 13
113 2406 139 2470 P
160 2405 253 2481 lilii)
275 2404 353 2469 uiri
376 2408 412 2469 et
438 2405 641 2489 designati
663 2409 851 2492 Augusta
872 2407 1102 2472 maiestatis

30 2495 216 2578 herodes
256 2511 308 2577 Sic
340 2510 472 2588 codices,
505 2529 540 2576 en
563 2513 697 2596 quolit:
731 2513 952 2595 principum
987 2512 1105 2575 liberi

27 2619 187 2703 (lineri)
209 2618 243 2680 'ei
264 2617 460 2702 designati
567 2618 736 2685 heredes.
795 2617 894 2683 Nimis
923 2618 1012 2702 longe
1034 2618 1102 2683 diu«
1221 2704 1224 2708 Δ

30 2725 123 2792 cedit
142 2722 331 2807 Bembsrdyi
352 2725 509 2792 correctio.

140 2831 206 2896 Ibd.
228 2831 265 2895 4:
309 2827 450 2910 Quodsi
484 2848 554 2895 nun
586 2831 694 2894 recte
728 2828 985 2895 constellatio
1018 2830 1102 2894 eius

27 2938 209 3005 collecta
251 2939 326 3013 est,
368 2954 478 3018 quem
523 2935 716 3000 credimus
759 2953 842 3001 esse
884 2936 1103 3001 victurum?

38 3044 141 3110 Serib.
183 3042 300 3124 Quid,
329 3043 361 3108 si
394 3061 464 3106 uon
497 3063 522 3107 r.
545 3043 669 3108 coust
703 3042 790 3107 eius
822 3042 1103 3108 collectaesti

37 3149 146 3229 Quin
168 3149 360 3215 oredimus
382 3166 468 3214 osse
490 3149 705 3213 victurum?

141 3257 255 3320 Anton.
277 3254 357 3320 Phil.
379 3256 416 3318 4:
462 3253 552 3317 Fuit
577 3257 701 3319 autem
725 3254 816 3320 vitra
838 3254 1103 3339 indulgentia,

33 3365 81 3428 ut
103 3364 312 3447 cogeretur
333 3377 604 3442 nonnunquam
627 3360 686 3424 vel
707 3360 745 3425 in
769 3361 1000 3426 venationes
1022 3372 1116 3444 por·'

32 3487 131 3555 gere
153 3468 212 3533 vol
243 3469 280 3532 in
307 3467 506 3531 theatrum
537 3466 783 3532 descendere
803 3467 862 3532 vel
891 3469 1105 3549 spectacu-

34 3577 88 3642 lis
105 3576 317 3641 -interessa
386 3574 483 3638 Pravo
506 3572 616 3638 dicitnr
637 3574 713 3638 luit
733 3573 825 3637 vita
846 3571 1103 3656 indulgentia,

33 3687 97 3758 ut,
120 3681 185 3746 sive
206 3679 436 3753 nominativum,
470 3679 533 3743 sivo
565 3679 734 3744 ablativum
763 3686 918 3763 putamus.
970 3678 1030 3744 Sed
1052 3698 1104 3744 ne·

34 3807 100 3873 qne
121 3786 314 3870 indulgentis
334 3785 406 3850 vitae
427 3802 495 3868 qua
508 3785 560 3857 sit,
584 3802 681 3867 neque
703 3784 775 3867 qnid
797 3787 920 3850 omnino
942 3785 1106 3869 indulgen·

34 3895 86 3960 tia
98 3894 148 3958 hic
160 3896 241 3977 agat,
263 3892 456 3975 intelligitur.
485 3890 622 3955 Primum
635 3893 791 3974 geminato
802 3913 833 3953 m
846 3896 877 3956 et
888 3891 998 3957 lineola
1011 3891 1105 3956 altius

37 4000 204 4085 producta,
226 3997 419 4071 bimulis,
441 3996 566 4060 deinde:
600 3995 687 4061 linit
713 4002 840 4062 autern
863 3996 993 4059 maltos
1009 3995 1127 4059 ulili-¹

35 4105 241 4192 peniteant
262 4107 536 4189 cogereturoet
565 4102 622 4187 [lli
639 4102 943 4188 diligentiaeism
955 4101 1103 4186 Lipsius]
1156 4186 1158 4191 ι

145 4211 210 4275 Ibi.
235 4212 270 4274 5:
298 4211 400 4275 'lunc
422 4209 581 4293 primum
604 4226 669 4291 pre
691 4210 814 4275 Annio
837 4209 1018 4275 Aurelius
1041 4228 1108 4273 coa·
1136 4293 1138 4297 ‚

41 4321 102 4405 pit
123 4319 274 4395 vocari,
309 4317 404 4401 quod
437 4317 472 4381 in
496 4315 710 4384 Aureliam,
739 4314 807 4380 hoc
829 4315 889 4379 est
909 4314 1108 4388 Antonini,

38 4423 275 4505 adoptionis
296 4424 380 4488 iure
401 4414 621 4487 transisset.
661 4422 861 4486 Desideratur
882 4421 1108 4488 substantivum

39 4532 149 4597 etad
180 4528 381 4594 Aureliam
412 4531 445 4594 ot
472 4526 512 4593 ad
550 4529 764 4593 Antonini·
806 4525 879 4593 Post
911 4527 1109 4594 Aureliam
