2678 5018
271 1565 488 1648 Prooemium
512 1566 711 1647 uoluminis
737 1566 897 1647 ulterius.
960 1532 963 1539 ⁸

543 1751 642 1765 «uve-va«

69 1804 219 1916 Absolute
262 1848 421 1930 superiore
462 1849 570 1914 horum
614 1833 856 1914 sdverscn'oru'm
896 1848 1051 1914 volumine
1083 1868 1120 1916 ee

65 1958 189 2022 mutum
210 1954 312 2038 perte,
337 1972 405 2037 quae
429 1953 601 2020 chraeeos
616 1954 779 2037 scriptores
802 1954 986 2037 pertinebat,
1002 1956 1121 2037 praeter

1 2060 2 2064 ’
67 2081 104 2136 es,
125 2081 188 2146 quae
210 2061 313 2143 primo
336 2059 414 2124 libro
436 2057 651 2140 comprehendi
675 2058 878 2124 communiter
899 2058 938 2122 ‘ud
960 2058 1118 2142 utriusque

67 2166 166 2250 lingue
196 2166 368 2246 scriptores
405 2164 591 2248 spectantis,
621 2164 760 2245 poteram
796 2163 927 2229 fortasse
958 2164 1025 2230 sine
1048 2165 1120 2230 ullis

67 2271 191 2353 proemii
227 2268 412 2353 ambagibus
448 2267 630 2350 simpliciter
663 2267 771 2333 eodem
804 2277 908 2334 tenore
931 2268 969 2332 od
993 2255 1119 2335 Lamnus

3 2423 4 2426 ,
68 2375 284 2440 emendationes
321 2372 542 2457 expromendas
577 2373 718 2438 transire.
767 2373 857 2437 'ilem
890 2375 922 2439 et
957 2373 994 2438 de
1021 2375 1119 2458 operis

1 2455 3 2489 ἱ
67 2481 180 2545 oonsilio
228 2483 260 2545 et
290 2479 329 2543 de
364 2478 502 2543 meteriae
534 2476 734 2560 dispositione
770 2477 983 2560 scribendique
1019 2479 1119 2544 forms

66 2588 146 2667 atque
167 2585 261 2648 etiem
295 2583 333 2648 de
367 2581 537 2648 studiomm
567 2597 706 2647 meorum
729 2600 828 2658 eumn,
851 2583 932 2647 undo
955 2584 1021 2648 hmo
1043 2587 1116 2650 nate

67 2693 157 2754 estet
178 2691 311 2754 excreuit
333 2689 435 2771 copia,
463 2687 539 2752 sutis
567 2686 683 2751 dictum
708 2689 757 2751 est
777 2687 875 2769 priore
903 2689 1117 2771 communique

1 2783 3 2859 l
65 2795 210 2875 proemio.
264 2793 358 2872 Queri
380 2794 484 2859 sutem
508 2792 564 2856 hoc
597 2791 664 2856 loco
696 2790 733 2855 de
769 2790 885 2873 operis
905 2793 1003 2874 spatio
1025 2793 1117 2871 ultro,

1 2878 3 2928 Ι
63 2915 148 2980 quum
169 2902 225 2963 out
245 2900 423 2982 optaveram
455 2898 509 2962 eut
527 2914 732 2978 speraveram,
766 2900 860 2962 vaucto
896 2897 1118 2980 suplicemque,

61 3020 146 3085 quam
168 3003 260 3068 leutae
283 3021 333 3068 me
355 3002 476 3068 evolute
498 3020 533 3066 er
555 3001 603 3065 his
621 3000 765 3071 ,minutiis
787 3002 963 3085 cupientem
986 3002 1118 3068 circum·

59 3109 197 3174 steterint
219 3127 311 3173 mcrae
341 3109 373 3173 ot
402 3125 438 3172 er
458 3107 571 3172 loboris
592 3123 706 3190 genere
729 3110 760 3173 et
782 3126 818 3172 er
837 3107 906 3173 eliis
930 3108 1115 3173 extrinsecus

57 3214 154 3281 causis
190 3216 276 3292 ortae,
303 3230 456 3297 quemque
487 3212 547 3277 sim
582 3211 746 3293 sliqunudo
777 3212 817 3278 ud
843 3213 937 3277 linem
967 3213 1015 3278 uel
1046 3231 1116 3278 eum

55 3321 248 3386 festinatione
269 3316 466 3402 perveniendi
487 3315 626 3399 cupidus,
649 3317 721 3399 quid
745 3319 890 3382 cutmen
911 3320 965 3383 aut
985 3318 1116 3383 oliorum
1191 3314 1199 3330 ’

54 3427 172 3492 refert?
217 3424 278 3490 Sed
298 3427 405 3489 temen
426 3424 483 3500 est,
504 3421 586 3506 quod
607 3423 647 3487 cb
669 3421 717 3497 iis,
739 3423 793 3505 qui
813 3422 927 3487 librum
947 3423 979 3487 in
1002 3441 1113 3488 manus
1211 3418 1212 3421 ’

52 3533 184 3608 sument,
209 3528 341 3613 quidque
363 3528 450 3603 leret,
473 3530 618 3611 quaeront,
641 3526 846 3593 animadverti
868 3527 1113 3608 considerarique

51 3638 153 3702 uelim.
192 3635 241 3700 De
254 3633 362 3700 Graecs
382 3633 520 3709 muteris,
543 3632 815 3716 quae'propioribus
837 3633 876 3697 nb
896 3632 954 3698 hoc
971 3635 1115 3712 tempore

50 3744 134 3808 mnis
170 3739 303 3806 collecte
335 3740 392 3813 est,
429 3755 580 3822 perpauca
619 3739 710 3802 nutes
743 3736 858 3802 edendo
898 3736 1115 3809 delibaveram,

49 3848 121 3913 nihil
143 3844 296 3931 peculiari
328 3844 454 3925 scripto.
509 3841 635 3907 Latinos
661 3842 823 3924 scriptores
846 3859 917 3905 cum
939 3839 1116 3904 adolescens

1 3992 2 4040 3
48 3955 214 4019 etiamtum
237 3967 379 4014 enarrare
416 3947 576 4030 coepissem
605 3949 636 4012 et
656 3966 712 4030 per
733 3946 848 4010 multos
870 3964 966 4010 annos
990 3945 1028 4010 ob
1052 3963 1113 4022 ecs,

47 4080 116 4143 quos
151 4060 250 4125 antes
283 4053 416 4138 exposui,
448 4070 555 4118 enuscs
587 4052 619 4117 in
649 4052 687 4116 iis
716 4051 797 4117 solis
831 4050 964 4114 muneris
1001 4049 1115 4132 publici

47 4184 168 4248 opernm
207 4162 416 4239 continerem,
450 4158 539 4223 huius
572 4158 710 4222 moteriae
742 4155 897 4237 uliquomto
928 4156 1012 4236 prius
1035 4157 1115 4219 nctae

1 4327 3 4371 ‚
44 4275 348 4356 ncaequemagnns
370 4261 796 4348 partesicmanteevulgari3
819 4261 883 4325 eius
906 4260 1041 4343 quidem,
1063 4259 1115 4340 qui

1 4378 3 4451 Γ
41 4374 65 4440 iu
90 4381 162 4445 tota
191 4389 291 4458 prosa
313 4371 450 4436 oratione
480 4368 613 4449 primum
636 4366 736 4431 locum
758 4368 853 4443 tenet,
876 4365 1030 4430 Ciceronis
1053 4363 1114 4427 alic

1 4470 2 4543 j
40 4484 140 4567 scripta
189 4479 265 4563 ipse
310 4473 467 4549 recensui,
516 4471 555 4535 ad
597 4471 658 4535 elia
700 4488 754 4552 per
795 4488 878 4534 meos
923 4469 1113 4547 aliommque

71 4586 191 4626 neuwen
205 4586 293 4618 nme
306 4580 357 4613 cm.
378 4579 400 4613 n.
477 4615 480 4620 ,
900 4581 911 4624 1
