2662 5062
387 707 417 760 L.
436 705 535 762 Seneca
553 704 585 760 de
603 704 675 760 brer.
698 706 768 760 rite.
1002 704 1061 767 401

69 907 209 986 aptiora
254 904 471 990 portandis
520 904 713 970 oneribus
762 901 879 969 tarda
927 904 1108 970 iumenta

51 1018 150 1089 sant,
183 1032 242 1079 nou
265 1009 524 1093 exportandis.
576 1010 707 1088 §iria
729 1009 862 1075 debitori
883 1013 997 1094 potest,
1033 1010 1106 1094 quio

64 1121 193 1186 exciderit
224 1116 435 1181 meministi.
501 1115 701 1182 Exclamandi
732 1135 787 1199 per
810 1116 962 1182 infinitam
984 1120 1106 1182 senten·

61 1226 122 1292 tirno
142 1229 241 1292 torma
262 1224 311 1288 bic
334 1223 439 1306 inepte
455 1224 522 1296 est3
556 1223 690 1305 (poterat
709 1222 781 1287 terri
802 1223 893 1306 paulo
915 1226 998 1308 post:
1029 1225 1107 1288 eni·

57 1329 478 1417 tiopaeneconstitisse
623 1328 919 1415 imitationemi)
963 1329 1107 1395 etdebe·

57 1439 100 1506 bot
128 1443 199 1505 tum
235 1434 474 1519 superfuisse
505 1433 583 1509 diei,
619 1453 678 1499 non
711 1452 924 1518 superesse.
985 1429 1107 1510 Contra,

55 1548 124 1630 quod
146 1545 194 1611 sic
215 1542 329 1608 editur:
365 1542 467 1605 intra
493 1557 634 1622 paucos
661 1541 754 1606 ilios
775 1541 880 1613 dies,
909 1539 1044 1622 quibus
1071 1538 1106 1605 0.

54 1636 349 1734 desurperiit,
391 1646 424 1711 si
468 1646 552 1728 quis
587 1645 725 1712 interis
758 1665 891 1712 sensns
927 1648 998 1721 est,
1040 1646 1107 1711 hoc

51 1758 278 1841 pravissime
309 1752 456 1840 terens,
499 1751 835 1837 quoddecedebat
865 1752 1001 1836 populo
1034 1752 1107 1818 lao-

54 1880 150 1930 nano
184 1859 417 1946 superstite,
448 1876 513 1941 pro
548 1857 761 1923 decedebat
795 1859 826 1923 in
869 1858 1025 1924 codicibus
1061 1861 1109 1925 est

53 1966 219 2045 dicebat,
253 1964 332 2051 quod
362 1983 417 2048 ego
450 1963 549 2030 eliens
577 1981 669 2028 mauu
698 1963 835 2030 additum
866 1982 934 2030 esse
963 1967 1107 2047 suspicor,

53 2087 114 2135 carn
150 2068 269 2135 Seneca
308 2070 481 2154 scripsisset
514 2071 653 2135 bntnmt
696 2070 791 2155 quod
826 2089 907 2154 pop.
942 2070 1108 2136 Romano

55 2177 265 2258 superstite
307 2177 469 2259 operoso„
521 2175 677 2240 Decedam
717 2196 776 2242 non
820 2179 926 2261 aptum
971 2178 1010 2243 de
1052 2177 1108 2242 tali
1240 2184 1243 2192 '

57 2283 154 2346 nortis
176 2300 297 2365 genere.

145 2387 213 2453 Ibd.
229 2388 279 2464 19,
293 2391 325 2453 1:
346 2389 430 2474 quis
451 2388 616 2453 animum
638 2392 741 2452 tuum
764 2406 875 2454 casus
897 2392 1107 2471 exspectet,

58 2492 109 2558 abi
127 2514 194 2560 uos
216 2496 254 2559 et
274 2493 501 2576 corporibus
526 2492 707 2558 dimissos
734 2501 868 2560 natura
898 2496 1109 2577 componat.

59 2593 101 2662 Sic
130 2606 159 2664 Δ
196 2602 223 2676 1,
259 2598 291 2664 id
324 2602 387 2664 est:
431 2616 499 2663 nos
527 2618 664 2681 ecorp.
698 2598 899 2666 dimissos.
970 2599 1110 2665 Secunda

61 2716 154 2770 manns
178 2706 368 2780 feritate,
400 2706 556 2789 secutique
578 2723 646 2769 eam
668 2706 760 2770 ceteri
782 2705 913 2780 codices,
946 2707 1001 2770 hos
1023 2706 1108 2773 aior.

2 2869 3 2884 p
62 2808 86 2870 at
102 2810 248 2887 Haasiusp
291 2831 363 2877 nem
385 2811 559 2894 superiores
580 2812 711 2876 editores
738 2813 775 2874 et
801 2797 1006 2888 sustulerant,
1038 2831 1110 2894 pra·

2 2907 4 3007 t
63 2926 119 2980 vain
137 2918 384 3002 praepositionem
405 2917 600 3001 reliquerant.
661 2915 778 2981 Deinde
799 2916 820 3005 ξ
842 2919 860 2980 2
883 2919 927 2984 sic
950 2918 1108 2983 scribitur:

2 3016 3 3048 ¹
64 3013 206 3101 vis-au,
242 3023 379 3088 relicto
412 3024 508 3102 solo,
545 3028 669 3088 mente
701 3024 745 3088 ad
778 3025 855 3090 ists
890 3025 1108 3108 respicere?

2 3071 5 3204 t
65 3136 162 3206 nano,
206 3130 292 3197 dum
333 3129 437 3195 calet
472 3128 649 3213 sanguis,
692 3130 915 3213 vigentibus
951 3130 996 3195 ad
1031 3149 1109 3196 me·

2 3271 3 3281 a
66 3223 141 3300 liora
183 3236 345 3302 eundum
385 3239 455 3301 est
518 3235 728 3318 Exspectat
761 3230 906 3302 te...
945 3236 1107 3303 multum

2 3287 4 3386 Ι
68 3328 227 3408 bonarum
260 3342 397 3407 artium
430 3345 488 3409 oet.
555 3340 622 3407 Non
654 3345 755 3424 potest
788 3343 1012 3425 rigentibus
1045 3344 1106 3410 ulto

2 3450 3 3522 t
69 3443 138 3512 noos
157 3448 444 3515 accommodariad
471 3448 525 3524 tu,
558 3452 605 3513 te.
669 3447 839 3531 Scripserat
859 3449 988 3516 Seneca:
1024 3449 1106 3515 dum

2 3529 4 3621 ἲ
70 3548 151 3619 catat
191 3555 363 3638 sanguis,
406 3553 632 3638 vigentibus
674 3555 867 3627 aeacidem
923 3555 953 3619 id
998 3575 1108 3621 nornen

70 3658 121 3724 post
156 3662 309 3728 entibus
350 3661 470 3728 excidit.
535 3661 680 3736 (Haasins
715 3660 799 3744 pra'et.
839 3661 884 3725 111
921 3680 950 3743 p.
988 3661 1106 3726 XXIV:

70 3753 152 3925 ’ξεῖ
192 3769 358 3849 animus,
423 3767 520 3832 multo
564 3767 807 3850 improbabilins;
873 3767 925 3832 sed
968 3773 1108 3834 senserat

71 3863 211 3952 vl'an-r)

72 4104 243 4137 N„-

91 4285 107 4354 ¹i
123 4297 177 4374 Cap.
195 4311 271 4376 2021
291 4307 439 4363 laudandus
458 4308 597 4364 Fickertus
616 4308 650 4363 ob
668 4310 804 4376 repertum
822 4309 1006 4378 antequam.
1026 4308 1103 4364 modo

124 4392 203 4468 rinna,
226 4402 385 4458 Pincianum
403 4402 557 4472 ceterosque
575 4417 696 4471 sequens,
722 4401 842 4455 homines
861 4416 907 4470 per
924 4400 1104 4471 indignitates

124 4480 413 4551 inconsummationem
431 4513 526 4561 erepere
545 4495 658 4558 sivisset,
678 4510 731 4548 non
751 4513 880 4563 erumpere.

107 4591 355 4648 ”bitrionem-neten.
379 4613 399 4643 ar.
875 4619 906 4664 25
