2662 5062
263 276 326 342 438
624 275 903 348 ursmnuorpnm

221 477 507 543 incendiorum·
525 492 640 541 ceusu
662 473 810 543 fulmen
830 475 920 542 fuit
961 475 992 560 (5
1012 477 1035 540 4
1057 478 1203 545 Senecam
1220 497 1265 543 non
1305 557 1306 560 Ἴ

223 583 381 665 scripsisse
410 582 469 647 hoc
498 599 558 646 uuo
590 580 658 646 loco
686 582 793 648 commu
821 581 922 665 legem
958 582 1091 649 infinitis
1115 585 1193 651 locis
1218 603 1267 650 ser·

226 689 330 752 retum
360 686 407 752 ud
439 685 707 753 exercendum
742 689 881 761 verbe,
917 689 994 754 eutis
1016 690 1138 753 certum
1161 693 1225 762 eet)
1324 721 1329 724 ⁴

325 792 390 857 ibd.
421 809 445 856 c.
469 789 517 852 22
541 793 635 870 extr..
672 790 713 856 23
735 794 799 859 init
842 794 1010 876 Postquam
1037 794 1205 875 expositum
1225 795 1269 866 est

224 897 327 983 ignem
360 899 522 962 ventorum
554 896 708 964 viexcuti
729 916 818 982 posse
840 898 889 963 vel
917 917 953 963 ex
981 898 1058 980 ipsis
1087 899 1138 965 rel
1167 919 1202 966 ex
1219 918 1270 964 cor·

225 1003 349 1087 poribus
370 1001 493 1067 illorum
514 1002 648 1068 mensitu
668 1004 768 1082 tritis,
800 1004 961 1071 subiicitur
991 1004 1023 1070 in
1044 1004 1089 1068 m:
1134 1004 1191 1070 Ne
1215 1005 1272 1069 hoo
1317 1050 1319 1054 -

226 1110 383 1173 tentum
420 1108 460 1171 in
492 1108 555 1173 his
586 1108 732 1174 debere
758 1108 871 1175 credi
900 1108 1164 1188 soricorum,
1196 1127 1273 1193 quo-

226 1233 307 1278 rum
339 1213 485 1295 ingens
511 1213 551 1278 in
580 1214 770 1280 confesso
802 1215 990 1297 potentie
1018 1217 1091 1280 eet.
1135 1213 1274 1291 Sedihic

225 1318 295 1383 nori
317 1318 428 1400 cepitis
448 1318 571 1384 initium
593 1319 630 1384 iit
651 1320 683 1385 in
716 1319 912 1398 editionibus)
947 1319 1134 1388 fortusse
1166 1322 1275 1387 nubes
1324 1357 1326 1360 -

226 1441 381 1507 quoque
427 1423 467 1487 in
506 1424 630 1490 nubes
670 1426 858 1490 incitetae
895 1426 954 1491 cet
1017 1424 1121 1491 Ceteri
1155 1426 1276 1492 codices:
1325 1451 1328 1467 ’-

226 1528 339 1592 Nihil
362 1530 520 1595 tentum
543 1530 594 1608 (B)
614 1531 669 1595 eut
688 1528 801 1594 Nihil
822 1531 956 1595 temen
978 1531 1157 1607 tentum,
1186 1529 1277 1597 deinde
1329 1575 1331 1619 r

225 1657 333 1705 omnes
365 1636 505 1712 debet,
541 1637 609 1700 tum
640 1634 750 1700 Bom.
782 1653 842 1711 eo,
869 1636 923 1700 elii
948 1637 1053 1718 plures
1081 1635 1278 1720 interpolsnio
1328 1693 1330 1710 1

226 1742 474 1810 adduntinri
506 1741 628 1818 (eoin
657 1739 696 1804 si
727 1740 929 1822 siderum).
982 1741 1125 1807 Primum
1155 1745 1279 1808 constare
1328 1739 1330 1758 ⁸

228 1849 332 1926 debet,
363 1848 500 1914 siderum
528 1845 629 1911 nullus
656 1862 725 1911 esse
753 1847 856 1928 peries
877 1846 909 1911 in
930 1846 987 1925 iis,
1023 1865 1093 1931 qum
1115 1848 1154 1913 de
1178 1846 1280 1932 origine

227 1953 307 2037 ignis
342 1954 373 2017 in
405 1952 537 2017 nubibus
565 1951 744 2035 longissime
773 1950 855 2016 infre
879 1951 982 2018 sidere
1009 1952 1120 2034 positis
1141 1953 1278 2019 dicentur.

229 2059 297 2124 Hoc
318 2058 417 2141 posito
433 2058 531 2139 etpro
553 2056 718 2129 debere,
741 2055 872 2139 quodud
893 2044 1005 2122 credi
1025 2059 1280 2125 accommodatum

229 2165 287 2240 est,
310 2181 346 2227 ex
368 2162 394 2226 B
416 2160 617 2244 (ceterisque)
637 2163 777 2227 reuocato
799 2160 933 2238 debet,
966 2163 1099 2228 efficitur
1120 2166 1281 2248 aptissime:

231 2268 310 2331 Nec
330 2268 403 2333 hoc
424 2268 580 2332 tuntum
613 2264 652 2330 in
677 2266 739 2331 his
762 2265 888 2346 (ventis)
918 2267 1040 2333 debet
1060 2270 1176 2336 credi
1198 2267 1284 2333 ceci·

229 2375 324 2448 dere,
354 2390 519 2456 qnorum
549 2370 697 2456 ingens
718 2370 757 2436 in
779 2372 969 2439 confesso
1000 2376 1192 2457 potentie
1221 2377 1284 2445 est,

229 2478 299 2546 sed
319 2478 504 2545 fortusse
526 2475 652 2542 nubes
685 2495 840 2560 quoque
872 2478 911 2543 in
938 2479 1062 2546 nubes
1092 2481 1285 2555 incitate,

228 2581 429 2648 fremente
451 2583 569 2646 rento
590 2584 628 2647 et
648 2581 802 2647 leniter
823 2588 1010 2667 urgente,
1046 2586 1181 2671 ignem
1206 2606 1286 2654 ero·

227 2688 377 2763 cubunt
427 2690 486 2751 cet.
550 2687 705 2752 Distrecto
767 2688 953 2754 occidere
1001 2694 1034 2757 et
1081 2711 1145 2760 nnc
1193 2694 1287 2765 littere

228 2794 349 2859 mutate
380 2791 482 2857 ortum
512 2795 561 2858 est
598 2810 641 2858 uc
670 2792 826 2868 sidere;
861 2794 1021 2878 genetivus
1055 2815 1092 2862 cx
1129 2814 1286 2882 quornm

228 2900 398 2965 natusest.

326 3003 394 3069 ΙΙΙ.
416 3002 474 3080 26,
505 3003 526 3065 4
555 3009 641 3084 (nem
664 3002 704 3065 25
726 3006 802 3069 extr.
826 3007 858 3070 ct
879 3004 938 3082 26,
972 3006 986 3066 l
1011 3007 1178 3072 emendari
1200 3008 1255 3074 vol.
1274 3006 1289 3069 Ι

226 3108 352 3193 p.36):
397 3108 848 3175 Meiorumnostrorum
870 3110 1080 3189 memorie,
1120 3130 1290 3190 ...‚cum

228 3215 367 3280 insule
387 3214 566 3299 inAEgaeo
587 3215 687 3279 meri
707 3215 914 3299 surgeret,
935 3216 1292 3299 spumebetinter·

227 3319 293 3385 diu
323 3337 430 3385 mure
453 3322 493 3385 ct
524 3319 655 3386 fumus
685 3339 728 3385 ex
750 3319 834 3385 ulto
854 3319 1083 3396 ierebetnr;
1117 3340 1206 3388 nem
1228 3323 1292 3388 de-

226 3444 327 3491 mum
349 3424 551 3509 prodebat
571 3425 705 3510 ignem
727 3428 785 3491 oet.
828 3423 1030 3490 Scribonium
1052 3431 1136 3504 (non,
1157 3428 1295 3493 utiles·

226 3531 289 3596 sius
311 3531 396 3607 fecit,
419 3533 554 3608 noctu,
574 3530 658 3607 sed):
680 3551 755 3592 coc
776 3528 928 3595 demum
950 3530 1295 3616 prodebatignem

226 3639 286 3701 cet.
331 3635 427 3712 (Nox
447 3654 502 3719 pro
524 3635 758 3701 num'restitui
780 3635 901 3701 Valerio
924 3635 970 3701 ΙΙ.
993 3636 1052 3716 ΙΙΙ,
1076 3634 1140 3712 76.)
1172 3636 1298 3702 Deinde

226 3744 245 3822 ξ
268 3741 287 3801 7
310 3740 355 3806 sic
376 3738 521 3806 scribitur
540 3740 573 3805 in
594 3739 638 3804 li:
681 3740 791 3806 Adeo
817 3745 880 3805 res
901 3740 984 3806 iste
1005 3741 1147 3819 (nubium
1170 3742 1296 3819 humor)

225 3864 298 3910 noo
317 3832 457 3911 ¹effert
485 3843 608 3909 ullum
639 3863 804 3921 morem,
833 3846 935 3930 quod
966 3847 1008 3926 (B
1030 3851 1125 3930 qum)
1147 3852 1297 3914 contre

226 3967 369 4017 censes
408 3950 563 4033 ignium
599 3950 649 4017 fit
678 3951 716 4028 (B
745 3952 833 4033 sit),
872 3971 968 4036 qnos
1004 3954 1298 4027 considemus

225 4055 400 4119 emicare
435 4054 514 4120 nisi
545 4055 807 4138 impendente
842 4059 956 4134 caelo;
990 4077 1165 4125 serenum
1206 4062 1300 4127 sine

1325 1422 1327 1431 r
