2580 5054
516 713 674 767 Athenaeus.
1050 713 1088 774 75

61 904 131 970 τῶν
152 906 257 972 θεῶν.
300 906 501 990 impudenter
522 909 722 976 Prometheus
741 930 759 976 a
781 910 852 975 Iove
874 911 1016 992 precatus
1039 911 1130 981 esset.

62 1014 98 1076 ut
120 1012 290 1077 voluntaria
311 1033 409 1096 poeua,
433 1015 483 1079 cui
505 1034 538 1080 se
560 1015 627 1099 ipse
650 1016 806 1090 offerebat,
825 1016 892 1080 sine
907 1016 972 1080 ulla
987 1016 1130 1081 molestia

60 1120 153 1182 esset.
202 1117 321 1184 Omitto
351 1137 474 1202 prorsus
496 1120 624 1186 barbara
647 1121 736 1188 τίσιν
758 1126 796 1187 ἐν
818 1115 948 1206 α’λυπίηι
970 1127 1129 1204 κειμένην

60 1222 124 1287 dici
157 1241 212 1306 pro
245 1243 290 1300 eo,
325 1225 405 1307 quod
439 1227 488 1290 est
521 1224 667 1294 ἄλοπον.
711 1228 894 1293 Prometheo
917 1227 1075 1292 humiliter
1097 1247 1129 1292 se

60 1347 159 1411 poeuae
181 1348 258 1396 verae
273 1331 412 1396 offerenti
428 1331 594 1398 clementer
608 1334 746 1418 Iuppiter
760 1335 934 1416 pepercisse
950 1335 1131 1398 narrabatur

58 1435 229 1520 imaginem
262 1442 524 1520 posseseratus,
558 1445 593 1505 ut
625 1460 765 1507 coronam
800 1460 908 1506 nexam
938 1458 991 1522 pro
1022 1441 1130 1505 catena

58 1561 128 1607 esse
149 1542 278 1619 iuberet,
302 1542 563 1625 quemadmodum
587 1565 622 1611 en
643 1548 692 1623 iis,
716 1566 784 1630 quae
806 1549 843 1611 de
859 1546 969 1612 Carum
985 1547 1128 1611 instituto

58 1648 273 1726 subiiciuntur,
316 1649 512 1733 intelligitur.
577 1653 695 1735 ¹Opiuor
731 1652 924 1717 scribendum
962 1671 1045 1717 esse:
1094 1657 1130 1717 tr

57 1746 209 1821 ιίλιίσει
232 1747 455 1845 α’νειμὲνη,
479 1757 511 1821 in
534 1765 640 1822 eatena
662 1759 731 1823 lara
754 1778 808 1822 uec
830 1756 915 1822 dura.

162 1897 196 1961 Ρ.
213 1896 273 1960 678
290 1916 322 1962 c:
344 1900 435 1983 χοροί
454 1889 483 1965 ‹l’
499 1899 562 1965 εἰσί
585 1895 623 1963 τό
646 1902 712 1983 μὲν
734 1891 848 1984 πρόσω
871 1898 1016 1973 παίδων,
1038 1894 1076 1964 τό
1101 1892 1129 1963 δ’

57 2009 92 2079 ἐξ
115 1997 255 2086 α’ρίσιοιι
276 1997 425 2088 α’νιίρων,
440 2006 581 2094 γυμνῶν
595 1998 810 2092 ὀρχουμένων
826 2030 854 2070 κ.
870 2031 899 2071 τ.
918 2007 944 2070 λ.
968 2004 1128 2070 Summanu

57 2109 114 2192 rei,
137 2108 288 2191 triplicem
304 2109 463 2176 chororum
479 2110 669 2189 divisionem,
694 2111 949 2195 Wytteubeolrius
966 2111 1129 2194 perspexit,

57 2213 116 2280 sad
139 2214 241 2296 ipsum
262 2217 424 2282 chororum
447 2218 584 2282 ordinem
600 2221 631 2283 at
648 2217 880 2305 dispositionem
898 2217 1017 2282 iudicat
1032 2218 1127 2300 scrip·

57 2325 130 2386 tura
151 2321 190 2386 ad
214 2322 354 2388 codicum
376 2325 509 2406 vestigia
529 2323 627 2389 multo
649 2324 774 2405 propius
797 2325 960 2390 accedens:
982 2326 1074 2411 χοροὶ
1100 2316 1128 2390 δ”

57 2429 125 2495 εἰσί
147 2442 282 2511 τρεῖς,
304 2423 323 2494 6
344 2433 409 2511 μὲν
432 2434 475 2494 ἐν
496 2432 608 2516 μέσῳ
631 2429 776 2505 παίδων,
792 2425 852 2514 <ὁ
876 2423 905 2497 ‹l'
924 2437 966 2497 ἐκ
990 2432 1129 2510 δεξιοῦ

57 2527 284 2621 deripier),
309 2529 327 2599 ὁ
351 2528 380 2602 δ’
401 2540 434 2612 ἐξ
455 2529 687 2622 οίριστεροιί
709 2529 854 2622 α’νδρων.

162 2678 195 2742 P.
219 2678 279 2740 682
302 2678 322 2742 d
344 2680 386 2752 (in
405 2677 585 2761 Apollodori
606 2678 780 2761 fragmento
803 2678 840 2742 de
862 2678 1010 2761 singulari
1032 2680 1129 2744 torma

56 2784 179 2849 fruticis
211 2784 399 2859 cuiusdamlz
435 2778 575 2851 ἐπειδᾶν
606 2777 671 2869 μοίρ
701 2788 735 2849 ἐκ
765 2779 997 2868 διαστήματος
1024 2778 1128 2852 αιίτο-

55 2887 176 2975 μάτως
198 2886 316 2976 κράδαι
340 2894 568 2976 συμπέσωσιν,
598 2882 759 2975 ἐμψύχων
788 2886 1003 2977 περιπλοκήν
1025 2898 1061 2959 ἐν
1083 2895 1127 2978 τῴ

56 3004 223 3084 μένουσιν
254 2993 425 3084 ἡνωμέναι
460 2991 620 3081 καθάπερ
653 2987 724 3062 α’πό
757 2996 848 3083 ῥίζης
879 2998 964 3081 μιᾶς
992 3023 1021 3063 κ.
1043 3025 1073 3063 τ.
1098 3001 1126 3065 λ.

57 3105 135 3171 Post
157 3110 194 3171 ἐν
214 3105 260 3192 τῷ
289 3105 474 3170 recentiores
503 3104 619 3168 lacuuae
653 3105 757 3167 uotam
793 3110 918 3184 ponunt.
966 3105 999 3169 ln
1022 3102 1150 3170 colico

59 3211 199 3277 Parisino
232 3210 383 3294 epitomes
416 3211 560 3277 scribitur
592 3209 796 3295 περιπλοκῇ.
845 3212 982 3292 Apparet
1015 3209 1128 3275 simili-

57 3317 198 3383 tudinem
222 3336 292 3383 cum
314 3317 495 3382 animalium
516 3313 676 3398 complexu
689 3314 857 3398 significari
873 3315 1128 3399 scribendumque

57 3441 141 3488 esse:
165 3417 325 3511 ἐμψύχων
346 3424 539 3510 περιπλοκῇ
561 3424 777 3508 ἐμφερῶς,
806 3425 970 3507 μένουσιν
992 3448 1020 3488 κ.
1045 3449 1074 3487 τ.
1098 3423 1126 3487 λ.

58 3532 115 3595 aut
135 3531 246 3596 saltem
269 3529 403 3614 proxime
424 3530 463 3595 ad
484 3530 564 3595 hano
584 3530 765 3613 formam.⁸)

161 3647 195 3711 P.
210 3648 272 3712 696
287 3668 305 3713 ιι
320 3653 352 3714 et
366 3649 401 3715 b:
428 3643 534 3716 'Alter'
558 3642 633 3733 μην
656 3649 709 3712 καί
732 3642 770 3713 ‘ro'
794 3640 862 3714 6πό
885 3648 946 3713 τοὺ
971 3649 1128 3730 πολυμα-

58 3745 234 3820 θεστάτου
249 3760 377 3843 γραφὲν
400 3749 656 3839 Ἀριστοτέλους
672 3757 721 3827 είς
738 3750 906 3840 Ἑρμείαν
919 3749 983 3820 τόν
1003 3747 1128 3837 Ἀταρ·

57 3864 118 3927 νία
148 3853 191 3929 σιί
219 3856 328 3930 παισίν
358 3870 461 3940 ἐστιν,
495 3854 539 3935 οἷς
561 3855 579 3927 ὁ
601 3855 668 3947 την
689 3863 753 3946 της
774 3853 935 3947 α’σεβείοις
957 3855 1042 3927 κατιί
1064 3862 1128 3927 τοὺ

58 3965 248 4054 φιλοσόφον
275 3964 412 4057 γραφήν
433 3961 714 4055 οἷπενεγκιιίμενος
736 3963 947 4053 Δημόφιλος,
973 3970 1023 4041 είς
1044 3966 1127 4033 αἰδῶ

57 4079 420 4163 τιιπαρασκενασθείς
446 4069 505 4144 ὑπ’
533 4068 807 4159 Εὐρυμέδοντος,
840 4068 884 4149 τίς
918 4067 1128 4160 αόεβοιίνκος

56 4209 90 4250 ιι.
110 4208 141 4250 τ.
164 4185 195 4249 λ.
244 4185 278 4248 ln
302 4184 415 4250 litteris
436 4202 530 4250 sensu
550 4181 646 4247 caseis
668 4185 717 4254 εἰς
733 4183 816 4249 αἰδῶ
831 4208 869 4248 τε
888 4182 969 4248 lutet
990 4183 1127 4258 verbum,

111 4450 139 4516 *l
157 4449 189 4503 P.
199 4449 252 4505 689
264 4445 286 4506 a'
297 4440 354 4506 etb
367 4443 432 4506 scu:
451 4451 481 4507 ἐν
500 4441 532 4507 tlt
547 4439 684 4523 Περγάμῳ
695 4451 833 4520 πρότερον
851 4449 901 4520 μὶν
919 4451 1057 4523 troppo,
1077 4456 1128 4506 νῦν

143 4541 187 4597 Δδ’
206 4539 239 4598 οὕ
257 4543 318 4615 (pro
338 4542 439 4615 ἐξοχή).
