2626 5070
402 689 434 743 n.
452 688 678 759 summepere
696 689 762 742 arn.
1011 687 1071 752 341

14 858 18 881 ³
85 891 139 959 aaa
158 886 228 950 hae
258 886 358 950 ierat
389 885 514 968 signam
552 883 606 949 sed
634 905 668 950 ex
697 888 736 949 at
756 886 888 951 secunda
911 909 1020 955 manua
1042 890 1117 956 feeit

83 985 114 1050 ad
139 992 190 1073 (ad
219 993 323 1066 haee);
356 992 460 1073 itaque
490 990 546 1055 hoe
577 992 702 1056 transiit
733 992 764 1055 in
795 991 876 1057 llud.
908 995 928 1056 4
961 998 992 1060 et
1013 995 1050 1069 53
1083 996 1114 1060 in

9 1096 10 1100 ’
80 1097 164 1162 estem
185 1097 272 1174 (Col,
295 1098 361 1163 Pal.
383 1097 412 1174 2,
434 1096 464 1174 3,
489 1096 556 1168 (lu,
580 1094 728 1172 Vratisl.)‚
766 1100 802 1160 ut
822 1097 897 1163 haec
917 1100 1117 1167 divelleretur

6 1263 9 1275 ,
76 1203 221 1287 asigua,
244 1204 394 1287 seriptum
416 1206 464 1268 est
485 1202 529 1267 ad
552 1201 894 1277 louinssadnun
938 1206 1114 1291 Eodemque

74 1309 144 1374 modo
153 1329 236 1376 eous.
250 1309 290 1375 ad
301 1309 395 1374 Maro.
413 1311 461 1384 11,
484 1310 504 1370 4
519 1326 588 1372 eum
610 1308 640 1371 in
656 1307 843 1390 Aseriptum
865 1316 949 1376 esset
969 1312 1115 1377 famili·

71 1414 134 1478 aris
155 1400 249 1480 aura
283 1416 321 1479 et
341 1432 396 1496 pro
419 1432 515 1479 aurae
546 1415 598 1490 et,
633 1413 768 1478 secunde
788 1431 896 1480 manus
919 1418 1115 1483 familiari

68 1534 143 1585 aura
164 1513 249 1593 iecit
275 1519 368 1603 idque
398 1520 429 1587 iu
456 1537 562 1584 omnes
590 1521 712 1586 nausiit
739 1524 937 1603 (quamquam
962 1522 1001 1587 de
1025 1523 1113 1588 Pala·

68 1623 134 1699 tais,
168 1631 204 1691 ut
235 1645 326 1708 saepe,
358 1628 503 1702 tueatur).
551 1624 665 1690 Eodem
697 1625 806 1707 eapite,
837 1627 943 1708 paneis
977 1629 1113 1698 versibus

66 1733 122 1796 arte
133 1728 318 1814 [§3Fiek.),
329 1729 382 1795 ubi
394 1731 432 1794 de
444 1748 566 1795 summa
575 1730 706 1796 hominis
717 1732 885 1815 fragilitate
896 1731 1006 1815 agitur,
1019 1735 1115 1817 scrip

65 1840 134 1901 aeret
166 1837 296 1911 Seueea,
325 1838 405 1919 qnod
427 1837 545 1918 primus
567 1836 700 1901 Hessius
723 1837 815 1902 vidit:
862 1839 1045 1903 Miramur
1078 1840 1114 1905 in

65 1938 120 2005 loe
142 1943 325 2019 mortem,
361 1963 438 2026 quse
459 1941 572 2006 unius
604 1942 810 2026 singultus
837 1960 926 2027 opus
948 1946 1029 2010 est?
1071 1946 1115 2011 Er

65 2064 91 2111 eo
113 2048 203 2112 unius
228 2047 338 2111 ductus
371 2047 403 2111 iu
437 2048 537 2121 miuus
559 2050 631 2112 nota
653 2067 724 2114 roos
754 2048 924 2116 mutatione
945 2051 976 2115 in
1002 2051 1068 2116 Al
1100 2087 1116 2100 ·

7 2227 8 2235 ἵ
65 2154 119 2216 tum
139 2155 190 2218 est
210 2154 327 2218 nnius
349 2153 558 2236 singulius,
589 2154 661 2221 inde
691 2155 722 2219 in
747 2154 772 2217 B
794 2155 966 2239 ueterisque
996 2157 1114 2223 unius

6 2279 10 2320 τ
66 2256 222 2341 singulis
237 2265 321 2334 (nam
341 2258 518 2323 inBetiam
540 2261 659 2324 morte
681 2280 787 2343 quem
808 2261 966 2344 seriptum,
981 2263 1012 2327 ia
1032 2263 1113 2328 Med.

66 2362 153 2446 aliquo
186 2362 301 2428 unius
337 2364 485 2430 omissum
521 2368 693 2446 praetereo),
730 2368 781 2449 qni
820 2368 984 2434 verborum
1021 2389 1114 2435 seusu

67 2485 208 2534 russorum
232 2488 324 2535 sonus
346 2469 506 2536 restitutus
528 2475 576 2536 est
598 2489 617 2534 a
637 2471 796 2549 l'ielrerto,
828 2491 898 2538 oum
929 2476 1023 2539 ueteri
1044 2475 1115 2541 inde

68 2574 97 2638 ab
124 2575 252 2641 lirasmo
284 2574 519 2657 transpositione
551 2576 689 2642 adhibita
720 2579 904 2644 sententiam
942 2579 1117 2645 effecissent

67 2678 228 2746 ridiculam:
251 2683 416 2745 morte'm
440 2682 567 2756 unius,
599 2700 670 2765 qna
691 2683 860 2767 singulis
882 2703 974 2767 opus
996 2687 1114 2761 esti¹l

69 2781 127 2850 Hau
137 2790 230 2869 alque
240 2787 349 2851 horum
360 2786 474 2852 similia
491 2787 727 2853 innumerabilia
738 2790 790 2872 qui
805 2794 886 2856 reete
907 2791 1115 2873 aeetimarerit

68 2887 217 2976 intelliget,
241 2893 378 2957 omnium
401 2895 512 2973 prater
532 2894 561 2957 A
583 2893 900 2977 eedieumseripturas
928 2896 959 2958 in
984 2896 1116 2961 Fielrerti

70 3111 249 3127 Ν--ι--ᾳ-η

86 3282 102 3347 ¹)
125 3287 172 3354 Qui
190 3288 270 3356 plura
298 3287 418 3357 exempla
435 3287 576 3352 desiderat
606 3288 697 3343 rideat
715 3287 748 3341 de
767 3288 816 3342 rit.
836 3287 861 3342 b.
883 3293 924 3354 11,
944 3294 968 3351 4.
989 3306 1047 3345 eum
1066 3309 1116 3362 pro

125 3378 209 3435 hiare
235 3384 405 3450 suggestu
431 3397 510 3437 rosa
533 3381 732 3451 spectantis
751 3376 813 3444 (boe
832 3383 881 3445 est,
900 3383 1114 3450 spectantes)

127 3474 278 3543 popinam
304 3488 398 3527 suam
424 3473 450 3527 in
470 3474 492 3526 Δ
511 3471 640 3541 seriptum
669 3475 738 3526 esset
761 3477 787 3539 (o
807 3489 854 3540 pro
874 3493 887 3525 c
904 3478 1020 3543 accepto,
1038 3473 1115 3527 litte·
1191 3518 1196 3523 .

126 3564 159 3616 ria
182 3565 251 3620 male
274 3564 393 3630 divisim:
423 3580 675 3620 aauecessuros
703 3565 957 3634 exspectantis,
987 3565 1115 3635 quemad·

126 3656 228 3711 mudum
249 3656 305 3711 hae
325 3659 354 3711 in
366 3661 466 3712 eeteros
476 3659 634 3713 transierint
651 3662 680 3713 et
696 3659 830 3712 merennt
840 3658 878 3726 (et
888 3659 970 3717 enam
985 3659 1114 3712 Haasium

126 3749 356 3817 perturbaverint),
375 3754 423 3805 aut
440 3750 496 3827 ibd
518 3754 558 3815 15,
578 3753 592 3806 7
614 3750 673 3830 (phi
691 3750 798 3821 egregie
814 3751 928 3805 Hessius
946 3751 1116 3821 suseipia-

128 3844 201 3910 tur),
219 3845 268 3896 aut
289 3844 331 3902 27.
351 3847 377 3903 5,
396 3859 455 3898 eum
476 3843 781 3899 iulllllcibiadem
810 3847 847 3897 et
874 3842 1051 3897 Phndrum
1077 3844 1115 3898 aie
1152 3862 1154 3864 ·

128 3939 275 4003 comuptum
294 3940 380 3990 esset:
408 3935 520 3990 aliubi
548 3934 584 3987 ad
618 3949 651 3988 se
678 3939 714 3989 et
732 3934 891 4004 pudrnm.
919 3951 977 4004 qus
995 3940 1115 3990 monstra

129 4026 220 4080 senum
247 4033 312 4082 nata
338 4029 402 4082 sint.
448 4029 489 4082 Ds
518 4031 624 4096 trauqn.
646 4044 692 4082 an.
718 4031 742 4088 2.
774 4032 786 4082 l
817 4043 875 4081 enm
908 4044 955 4096 pro
975 4044 1020 4084 eo.
1044 4028 1115 4097 qnod

131 4113 236 4172 Hessius
266 4135 358 4174 rerum
383 4136 438 4175 esse
466 4118 615 4174 intellexit:
644 4120 748 4176 etiam
781 4119 967 4190 tranquilli
997 4123 1115 4184 marie.

131 4210 242 4278 utique
266 4227 363 4276 poam.
384 4253 390 4267 .
410 4255 416 4268 .
435 4213 617 4283 requierit.
648 4214 675 4266 in
704 4214 877 4282 ascriptum
905 4217 977 4267 esset
1004 4218 1113 4282 utque

130 4311 206 4365 eum,
234 4303 329 4359 deinde
348 4320 429 4373 supra
447 4286 690 4360 reraumadditnm
716 4305 751 4360 ad
779 4304 905 4360 mendum
924 4304 1114 4360 ooeultandnm

133 4386 231 4457 larus.
255 4396 285 4451 id
306 4397 462 4452 vocabulum
482 4400 511 4454 in
528 4399 624 4453 catena
643 4399 767 4452 omnibus
786 4398 814 4451 in
833 4397 893 4468 ipsa
911 4397 1033 4453 oratioue
1054 4414 1114 4468 per·

133 4484 259 4544 entitur.
