2656 5056
341 730 343 732 ’
381 746 383 750 ’
431 746 537 801 Plinius
556 747 650 802 Maior.
967 747 1028 809 527

53 963 154 1027 mper
170 944 399 1027 inexplebili
422 945 611 1010 aviditate
626 945 692 1009 uni
712 945 935 1024 animalium
952 947 1071 1010 homi-

53 1074 55 1120 :
82 1051 247 1133 quaedam
277 1068 409 1115 rursus
431 1055 488 1116 eet.
524 1049 596 1114 cod.
613 1051 753 1134 palimps.
767 1070 820 1135 pro
837 1052 928 1116 meri
949 1053 1070 1116 tentum

53 1175 83 1220 >r
96 1156 198 1232 habet,
212 1155 330 1220 duabus
342 1155 453 1221 litteris
473 1155 618 1220 evanidis.
632 1155 719 1239 [dod.
732 1156 875 1222 Rieeerd.
895 1157 1070 1240 morbus]

106 1260 171 1326 Lib.
195 1259 265 1333 xil,
308 1260 342 1324 l:
379 1261 611 1325 Animalium
729 1263 999 1327 netnrae..its
1032 1282 1070 1327 se

57 1367 160 1431 bent.
226 1366 389 1431 Restant
432 1386 552 1450 neque
601 1368 684 1450 ipsa
726 1368 850 1432 anime
893 1370 1070 1433 carentis
1134 1447 1136 1451 f

53 1471 322 1554 rsndequidern
356 1471 453 1537 nihil
490 1473 573 1537 sine
607 1491 648 1538 ea
680 1472 797 1555 vivit)
819 1475 925 1538 terra
947 1474 1068 1549 edita,

71 1576 158 1641 inde
180 1581 291 1643 eruta
310 1577 490 1643 dieantur
512 1597 552 1643 ec
576 1578 721 1643 nullum
745 1579 913 1643 sileatur
938 1597 1067 1642 rerum

55 1683 149 1746 turae
193 1701 294 1765 epus.
359 1683 426 1749 Hoc
458 1704 528 1749 vero
565 1685 642 1748 nihil
688 1676 875 1766 perversids:
920 1685 1070 1749 restant

53 1807 111 1852 rrs
145 1788 249 1855 edita
282 1785 336 1868 (nd
372 1783 491 1874 φυτά),
529 1794 568 1855 ut
601 1790 688 1855 inde
722 1792 830 1853 eruta
867 1790 1008 1866 (metelle
1039 1793 1070 1853 et

53 1879 136 1972 ides)
159 1893 349 1985 dicantur.
372 1895 437 1960 Ser.
484 1896 616 1958 Restat
638 1907 675 1955 ut
697 1914 815 1978 neque
838 1895 922 1977 ipsa
946 1896 1069 1959 anime

52 2000 192 2078 nentia,
223 2053 229 2064 .
257 2051 264 2067 .
292 2052 299 2066 .
327 2004 430 2067 terre
474 2001 580 2065 edita
622 2013 687 2063 arnt
729 2001 816 2066 inde
859 2002 968 2069 eruta
1011 1998 1069 2061 di·

53 2109 154 2171 ntnr.
200 2106 357 2191 [Restat
381 2107 472 2171 utin
499 2107 582 2170 codd.
606 2107 682 2191 legit
704 2103 949 2187 Deleeempius]

105 2211 170 2276 lbd.
189 2211 243 2276 20:
267 2214 402 2277 Rarum
418 2212 576 2295 idlgenus
590 2213 700 2290 ebeni),
724 2211 823 2296 quod
838 2210 986 2280 melius,
1008 2228 1068 2274 er-

53 2335 172 2391 reum,
190 2319 272 2383 iure
289 2317 471 2382 etenodis
496 2319 656 2383 materie
674 2319 775 2402 nigri
793 2316 1069 2401 splendor-isac

52 2423 62 2486 Ι
97 2425 180 2488 sine
215 2427 303 2488 erte
335 2422 511 2505 protinus
541 2423 704 2487 ineundi.
756 2422 804 2487 Sic
827 2423 891 2487 cod.
915 2421 1068 2504 palimps,

53 2529 98 2593 eri
127 2529 211 2594 iure
246 2531 282 2594 et
324 2528 419 2592 nodi.
475 2528 683 2594 Detlefsenins
720 2534 804 2607 (nem
843 2529 937 2592 ceteri
980 2528 1069 2609 lenge

53 2633 195 2717 eeduntt:
239 2635 360 2698 tereti
405 2637 441 2699 et
484 2633 595 2697 enodi
639 2635 814 2700 materie.
868 2632 1067 2699 Scribendnrn

53 2742 86 2803 ‚tt
126 2761 234 2824 perce
270 2739 307 2803 et
342 2739 475 2804 enodis
513 2740 701 2813 materia»,
745 2737 845 2822 nigri
885 2738 1067 2820 splende-

53 2848 135 2910 teet.

105 2950 170 3015 lbd.
195 2949 252 3013 22:
284 2948 396 3014 Ficus
418 2948 472 3013 ibi
494 2949 633 3013 eximia
655 2968 777 3032 pomo,
801 2967 838 3014 se
859 2950 946 3032 ipse
968 2964 1069 3012 sern-

56 3077 71 3120 r
104 3073 256 3131 serens,
291 3055 415 3121 vastis
446 3054 683 3119 diffunditur
715 3056 855 3134 ramis,
892 3059 948 3119 eet.
993 3052 1067 3118 Ced.

53 3162 149 3243 impe.
187 3162 246 3227 sni
268 3162 351 3244 ipss
372 3179 519 3244 semper
542 3162 680 3243 (bleret
712 3161 834 3227 uestis
868 3164 928 3227 eet.
963 3161 1069 3225 effici-

61 3289 70 3332 :
119 3268 180 3332 sui
216 3267 300 3350 ipse
336 3285 484 3349 semper
520 3267 642 3343 teres,
679 3268 806 3332 vestis
839 3270 915 3342 eet,
960 3267 1066 3332 eodem

53 3391 105 3439 sn.

103 3478 195 3556 xm,
219 3478 274 3542 24:
297 3497 469 3544 censores
493 3480 677 3554 edixisse,
709 3497 752 3543 ne
775 3479 857 3560 quis
886 3477 1069 3541 venderet
1198 3542 1201 3546 Α

53 3588 208 3670 guenta.
264 3584 411 3668 Palimps.
434 3602 612 3651 censores
634 3585 856 3657 reticuisse,
880 3601 931 3648 ne.
976 3581 1067 3646 Vide·

75 3690 221 3756 subesse:
257 3709 435 3756 eensores
459 3689 629 3752 vetuisse.

103 3793 172 3861 lbd.
196 3796 252 3860 86:
287 3798 323 3862 in
360 3797 410 3862 iis
443 3795 556 3861 libris
584 3797 732 3876 scripta
755 3793 1068 3875 erantphilose·

53 3899 96 3964 ire
119 3900 391 3988 Pythagorieae
406 3903 484 3978 (haee
494 3899 591 3982 ipsius
600 3899 698 3964 Cassii
707 3898 848 3963 Heminae
865 3899 956 3963 verbe
968 3900 1068 3973 sunt);
1200 3981 1205 3988 ι

53 4001 147 4088 sque
182 4009 405 4073 combustos
443 4027 461 4072 e
500 4005 536 4084 Q.
572 4006 715 4072 Petilio
756 4007 936 4088 pree-tore,
981 3999 1069 4085 quie

52 4111 256 4196 ilosoptriae
287 4114 436 4196 scripte
468 4113 606 4177 essent.
648 4111 704 4175 Vix
732 4113 805 4194 pute
838 4110 1004 4174 Heminsm
1036 4108 1067 4172 in

53 4216 88 4282 ris
128 4218 243 4301 scripta
274 4219 367 4285 fnisse
396 4218 520 4293 dixisse,
557 4216 612 4282 sed
649 4234 683 4280 ee
717 4234 787 4289 usu,
825 4233 916 4298 quem
950 4213 1068 4280 Gellius

53 4324 141 4389 tetus
154 4325 219 4389 est:
242 4325 282 4389 in
305 4324 353 4389 iis
376 4324 492 4390 libris
514 4325 786 4406 seriptoeerent
806 4321 1069 4403 philosophiae,

53 4429 198 4512 niumqne
219 4429 302 4495 idern
323 4431 499 4494 tenentem:
529 4429 616 4512 quie
637 4427 895 4511 philosophiae
917 4429 1070 4514 scriptae
1151 4456 1153 4461 Α

53 4538 156 4610 sent3
181 4538 214 4600 et
225 4535 627 4618 annoteturepslimpseste
649 4535 797 4618 scripte
819 4539 983 4600 eessent.
