2626 5070
412 712 536 769 Valerius
553 713 624 768 hieu.
945 714 1007 777 323

20 915 101 979 rtia
137 910 312 993 ancipiti
342 911 498 976 fortuna
529 913 745 994 praestatur.
801 911 883 978 Vitia
910 913 972 978 iam
996 914 1049 980 alii

19 1022 156 1086 pserunt-
200 1017 339 1082 Primum
373 1014 455 1080 enim
492 1015 620 1082 ablativi
651 1034 773 1098 prorsus
805 1021 941 1099 perversi
966 1024 1048 1098 aunt,

19 1127 125 1191 ,oniam
148 1121 317 1190 liberalitas
347 1138 406 1185 unu
438 1120 567 1202 inopia
595 1125 765 1203 prestetur,
799 1124 852 1188 ned
885 1126 967 1210 inopi
999 1128 1048 1192 vel

19 1232 99 1315 npiae,
134 1228 339 1310 similiterque
371 1225 440 1290 duaa
470 1225 594 1309 reliquae
623 1227 770 1300 virtutem
802 1229 934 1295 debehat
954 1231 1049 1314 igitur

19 1338 91 1403 item
112 1338 154 1402 in
174 1334 257 1402 addi.
315 1329 434 1396 Deinde
455 1332 695 1415 supramodum
717 1333 847 1399 ridicula
869 1338 918 1400 est
939 1355 1048 1401 oceu-

19 1441 168 1507 ttinnis'
188 1439 220 1503 iu
243 1439 300 1504 hac
321 1457 355 1503 re
376 1438 457 1502 inter
476 1438 612 1519 inopiam
642 1439 673 1503 et
705 1439 873 1522 ancipitem
894 1441 1047 1507 fortunam

20 1547 107 1625 antio,
130 1547 198 1613 eive
234 1545 262 1610 ei
285 1543 510 1610 humanitatem
544 1544 608 1609 aiae
638 1544 834 1611 clementiam
867 1547 1048 1631 respendere

19 1654 87 1730 utem
110 1651 181 1737 quie
203 1654 252 1717 eat
273 1651 355 1715 euim
377 1650 404 1714 in
425 1650 554 1714 fortunae
575 1650 685 1726 status,
709 1651 825 1734 etquid
847 1652 875 1716 ei
897 1652 1048 1734 precipue

19 1758 109 1824 ibatur
156 1758 379 1841 praecaturiae
431 1754 634 1820 Scribendum
677 1756 827 1839 primum:
883 1757 1046 1835 Quarum

19 1865 104 1928 rima
138 1864 249 1948 inopi
372 1861 496 1926 tertia
522 1861 688 1944 ancipiti
728 1863 936 1944 praestatur
961 1863 1048 1946 sor·

19 1991 95 2047 cnoe3
119 1972 189 2034 tum
211 1955 453 2051 intelligendum
481 1967 689 2050 proximam
714 1985 792 2045 esse,
821 1985 888 2051 qua
910 1969 1049 2051 proxima

19 2076 189 2157 ;peetrema
209 2076 368 2140 nominata
389 2073 441 2148 eit
464 2072 727 2149 clementiam,
755 2073 881 2138 tertiam
903 2073 1048 2139 hnmani-

19 2181 88 2258 tem,
109 2199 179 2264 quae
201 2181 327 2264 ancipiti
355 2198 411 2245 nec
440 2183 545 2246 tamen
568 2179 661 2262 lapsa
683 2180 716 2243 et
736 2177 891 2244 occidenti
919 2179 1047 2243 fortunae

19 2285 116 2364 ebatur,
152 2286 191 2351 ad
224 2274 318 2368 qu'am
349 2287 469 2368 spectat
500 2284 673 2350 clementia.
732 2284 839 2367 Itaque
872 2283 961 2349 huius
986 2285 1048 2350 sol·-

19 2408 64 2456 nn
84 2392 208 2476 generis
229 2391 415 2476 significatio
441 2392 521 2458 latet
543 2392 723 2455 nontamen
745 2389 835 2455 valde
856 2388 994 2455 involuta
1016 2392 1046 2455 in

19 2494 38 2561 te
66 2498 328 2582 occupatione.
383 2498 554 2580 Scripserat
589 2496 671 2562 enim
694 2495 848 2560 Valerius:
888 2515 1046 2577 quarum

19 2604 105 2669 rima
139 2603 262 2685 inopi,
300 2603 467 2686 proxima
499 2601 719 2675 occubanti,
741 2601 859 2667 tertia
880 2601 1046 2683 ancipiti

19 2712 144 2775 trtnne
164 2710 418 2793 prestatur.·¹)

77 2816 145 2880 Ibd.
172 2815 223 2893 (V,
254 2815 287 2893 1)
309 2815 345 2879 n.
379 2816 412 2879 1:
461 2812 553 2892 Quis
592 2813 717 2877 autem
752 2811 861 2877 illam
907 2815 1044 2891 (manum

19 2918 161 3001 ienandn')
197 2920 373 2987 osculati
404 2938 474 2984 nnn
504 2920 663 3001 cuperet
695 2918 751 2994 (aie
787 2916 1046 3000 Perizonius'pre

19 3027 182 3103 uiueret),
218 3046 298 3110 quae
329 3027 402 3091 iam
431 3026 515 3090 fato
543 3042 729 3107 oppressa
755 3023 909 3089 maximi
940 3041 1045 3088 exer·

19 3132 78 3196 tua
108 3132 328 3214 complexui
357 3130 599 3197 humanitate
635 3148 742 3213 quam
774 3130 917 3213 spiritu
947 3129 1045 3194 vivi·

19 3232 89 3302 inre
111 3237 285 3303 suffecit.
330 3237 399 3303 Neu
422 3237 524 3322 agitur
553 3235 592 3301 de
613 3236 805 3301 humanitate
827 3236 977 3318 spiritnve
999 3236 1046 3300 vi-

19 3338 57 3419 do,
77 3342 134 3408 ned
157 3341 197 3406 de
220 3360 315 3408 mann
336 3344 494 3410 morientia
517 3342 629 3420 vivida,
661 3359 723 3407 nou
750 3343 816 3407 tam
839 3341 958 3424 spiritu,
991 3342 1043 3423 qui

19 3447 253 3523 madefecerat,
278 3448 595 3532 quum’humauitate.
652 3446 761 3513 Scribe
797 3447 1045 3512 humanitate

19 3567 90 3617 uam
111 3553 261 3637 spiritu
281 3553 451 3621 vividior
471 3553 644 3619 suffecit.

77 3659 145 3724 lbd.
168 3660 203 3724 Ε.
227 3660 263 3723 4:
297 3658 499 3724 Nemeum
604 3658 795 3723 abscisum
811 3656 1047 3742 eiua(Pyrrhi)

20 3765 99 3842 aput
130 3764 366 3849 Alcyoneus,
400 3765 590 3848 Antigoni
624 3763 727 3848 regis
760 3763 883 3837 filius,
905 3761 948 3827 ad
977 3780 1046 3846 pa·

19 3971 177 3994 *Ἢ-

32 4124 85 4195 ¹)V,
101 4137 125 4196 1,
144 4138 158 4189 1
178 4149 271 4189 uerum
291 4149 347 4187 esse
365 4133 460 4203 nequit
478 4131 509 4184 si
533 4131 627 4185 medo
646 4146 760 4183 terum
779 4133 861 4194 (est).
899 4129 1043 4199 Nunquam

62 4226 122 4279 enim
141 4228 179 4281 eie
196 4226 321 4280 Valerius
350 4225 437 4278 critici
455 4239 594 4293 personam
614 4222 706 4283 sumit,
727 4222 845 4276 emnium
865 4223 976 4276 minime
994 4222 1043 4276 du-

63 4311 187 4372 bitatuma
214 4317 247 4372 de
265 4317 407 4387 splendido
435 4322 544 4372 senatus
572 4313 685 4368 Romani
715 4313 794 4368 facte.
848 4313 900 4368 Sed
918 4315 1043 4383 queniam

65 4402 140 4462 deleta
164 4416 228 4465 aunt
255 4411 354 4465 ueteris
380 4413 517 4480 scripturae
545 4409 573 4462 in
601 4406 624 4460 B
650 4406 779 4477 uestigia,
811 4407 936 4461 mendum
961 4408 1042 4462 relin-

66 4499 182 4560 quendum
201 4506 249 4557 ent.

790 4616 839 4667 21*
