<?xml version="1.0" encoding="UTF-8"?>
<!DOCTYPE html PUBLIC "-//W3C//DTD XHTML 1.0 Transitional//EN"
    "http://www.w3.org/TR/xhtml1/DTD/xhtml1-transitional.dtd">
<html xmlns="http://www.w3.org/1999/xhtml" xml:lang="en" lang="en">
 <head>
  <title>
</title>
<meta http-equiv="Content-Type" content="text/html;charset=utf-8" />
  <meta name='ocr-system' content='tesseract 3.04.00' />
  <meta name='ocr-capabilities' content='ocr_page ocr_carea ocr_par ocr_line ocrx_word'/>
</head>
<body>
  <div class='ocr_page' id='page_1' title='image "./ioniemadvigiiad00madvgoog_0306.png"; bbox 0 0 2626 5070; ppageno 0'>
   <div class='ocr_carea' id='block_1_1' title="bbox 524 696 1086 758">
    <p class='ocr_par' dir='ltr' id='par_1_1' title="bbox 524 696 1086 758">
     <span class='ocr_line' id='line_1_1' title="bbox 524 696 1086 758; baseline 0.005 -3"><span class='ocrx_word' id='word_1_1' title='bbox 524 697 680 755; x_wconf 68' lang='lat' dir='ltr'><strong>Sallustius.</strong></span> <span class='ocrx_word' id='word_1_2' title='bbox 1026 696 1086 758; x_wconf 78' lang='lat'><strong>295</strong></span> 
     </span>
    </p>
   </div>
   <div class='ocr_carea' id='block_1_2' title="bbox 58 895 1187 3088">
    <p class='ocr_par' dir='ltr' id='par_1_2' title="bbox 58 895 1183 2029">
     <span class='ocr_line' id='line_1_2' title="bbox 66 895 1129 982; baseline 0 -20"><span class='ocrx_word' id='word_1_3' title='bbox 66 895 250 965; x_wconf 80' lang='lat' dir='ltr'><strong>Romanos</strong></span> <span class='ocrx_word' id='word_1_4' title='bbox 278 897 546 982; x_wconf 74' lang='lat' dir='ltr'><strong>cupresseris,</strong></span> <span class='ocrx_word' id='word_1_5' title='bbox 578 895 710 962; x_wconf 80' lang='lat' dir='ltr'><strong>futura</strong></span> <span class='ocrx_word' id='word_1_6' title='bbox 740 900 813 974; x_wconf 76' lang='lat' dir='ltr'><strong>est,</strong></span> <span class='ocrx_word' id='word_1_7' title='bbox 849 914 969 980; x_wconf 86' lang='lat' dir='ltr'><strong>neque</strong></span> <span class='ocrx_word' id='word_1_8' title='bbox 999 900 1129 980; x_wconf 86' lang='lat' dir='ltr'><strong>petere</strong></span> 
     </span>
     <span class='ocr_line' id='line_1_3' title="bbox 61 999 1128 1069; baseline 0.001 -4"><span class='ocrx_word' id='word_1_9' title='bbox 61 1003 224 1069; x_wconf 85' lang='lat' dir='ltr'><strong>audeam</strong></span> <span class='ocrx_word' id='word_1_10' title='bbox 245 1002 478 1069; x_wconf 84' lang='lat' dir='ltr'><strong>societatem</strong></span> <span class='ocrx_word' id='word_1_11' title='bbox 496 1005 533 1068; x_wconf 84' lang='lat' dir='ltr'><strong>et</strong></span> <span class='ocrx_word' id='word_1_12' title='bbox 552 1000 699 1067; x_wconf 77' lang='lat' dir='ltr'><strong>frustra</strong></span> <span class='ocrx_word' id='word_1_13' title='bbox 719 999 820 1068; x_wconf 89' lang='lat' dir='ltr'><strong>mala</strong></span> <span class='ocrx_word' id='word_1_14' title='bbox 841 1020 922 1066; x_wconf 91' lang='lat' dir='ltr'><strong>mea</strong></span> <span class='ocrx_word' id='word_1_15' title='bbox 950 1020 1030 1067; x_wconf 92' lang='lat' dir='ltr'><strong>cnm</strong></span> <span class='ocrx_word' id='word_1_16' title='bbox 1052 1003 1128 1067; x_wconf 87' lang='lat' dir='ltr'><strong>tuis</strong></span> 
     </span>
     <span class='ocr_line' id='line_1_4' title="bbox 69 1104 1129 1192; baseline -0.001 -19"><span class='ocrx_word' id='word_1_17' title='bbox 69 1107 174 1173; x_wconf 87' lang='lat' dir='ltr'><strong>bonis</strong></span> <span class='ocrx_word' id='word_1_18' title='bbox 194 1108 355 1191; x_wconf 74' lang='lat' dir='ltr'><strong>misceri</strong></span> <span class='ocrx_word' id='word_1_19' title='bbox 385 1110 546 1192; x_wconf 82' lang='lat' dir='ltr'><strong>sperem</strong></span> <span class='ocrx_word' id='word_1_20' title='bbox 600 1104 716 1171; x_wconf 88' lang='lat' dir='ltr'><strong>Sinna</strong></span> <span class='ocrx_word' id='word_1_21' title='bbox 746 1106 885 1173; x_wconf 84' lang='lat' dir='ltr'><strong>condicio</strong></span> <span class='ocrx_word' id='word_1_22' title='bbox 914 1107 1039 1174; x_wconf 83' lang='lat' dir='ltr'><strong>adesset</strong></span> <span class='ocrx_word' id='word_1_23' title='bbox 1060 1109 1129 1188; x_wconf 77' lang='lat' dir='ltr'><strong>(si),</strong></span> 
     </span>
     <span class='ocr_line' id='line_1_5' title="bbox 64 1209 1129 1292; baseline 0.003 -16"><span class='ocrx_word' id='word_1_24' title='bbox 64 1211 132 1277; x_wconf 76' lang='lat' dir='ltr'><strong>dure</strong></span> <span class='ocrx_word' id='word_1_25' title='bbox 154 1213 226 1278; x_wconf 74' lang='lat' dir='ltr'><strong>alie</strong></span> <span class='ocrx_word' id='word_1_26' title='bbox 245 1232 307 1280; x_wconf 91' lang='lat' dir='ltr'><strong>ncn</strong></span> <span class='ocrx_word' id='word_1_27' title='bbox 329 1213 474 1280; x_wconf 72' lang='lat' dir='ltr'><strong>adessent</strong></span> <span class='ocrx_word' id='word_1_28' title='bbox 495 1211 584 1292; x_wconf 68' lang='lat' dir='ltr'><strong>[nisi</strong></span> <span class='ocrx_word' id='word_1_29' title='bbox 689 1209 750 1291; x_wconf 88' lang='lat' dir='ltr'><strong>ni),</strong></span> <span class='ocrx_word' id='word_1_30' title='bbox 772 1229 833 1276; x_wconf 90' lang='lat' dir='ltr'><strong>non</strong></span> <span class='ocrx_word' id='word_1_31' title='bbox 856 1211 984 1280; x_wconf 78' lang='lat' dir='ltr'><strong>auderet</strong></span> <span class='ocrx_word' id='word_1_32' title='bbox 1006 1213 1129 1279; x_wconf 82' lang='lat' dir='ltr'><strong>Mithri·</strong></span> 
     </span>
     <span class='ocr_line' id='line_1_6' title="bbox 58 1317 1128 1401; baseline 0.003 -19"><span class='ocrx_word' id='word_1_33' title='bbox 58 1317 151 1384; x_wconf 76' lang='lat' dir='ltr'><strong>dsles</strong></span> <span class='ocrx_word' id='word_1_34' title='bbox 174 1320 357 1386; x_wconf 66' lang='lat' dir='ltr'><strong>muscum</strong></span> <span class='ocrx_word' id='word_1_35' title='bbox 376 1319 502 1385; x_wconf 76' lang='lat' dir='ltr'><strong>Arsacis</strong></span> <span class='ocrx_word' id='word_1_36' title='bbox 520 1320 639 1401; x_wconf 81' lang='lat' dir='ltr'><strong>petere3</strong></span> <span class='ocrx_word' id='word_1_37' title='bbox 661 1323 746 1382; x_wconf 82' lang='lat' dir='ltr'><strong>nunu</strong></span> <span class='ocrx_word' id='word_1_38' title='bbox 762 1335 826 1386; x_wconf 83' lang='lat' dir='ltr'><strong>nec</strong></span> <span class='ocrx_word' id='word_1_39' title='bbox 838 1317 898 1385; x_wconf 84' lang='lat' dir='ltr'><strong>illa</strong></span> <span class='ocrx_word' id='word_1_40' title='bbox 917 1319 1005 1386; x_wconf 87' lang='lat' dir='ltr'><strong>adest</strong></span> <span class='ocrx_word' id='word_1_41' title='bbox 1029 1323 1061 1385; x_wconf 85' lang='lat' dir='ltr'><strong>et</strong></span> <span class='ocrx_word' id='word_1_42' title='bbox 1081 1320 1128 1385; x_wconf 88' lang='lat' dir='ltr'><strong>hae</strong></span> 
     </span>
     <span class='ocr_line' id='line_1_7' title="bbox 62 1417 1129 1509; baseline -0.001 -20"><span class='ocrx_word' id='word_1_43' title='bbox 62 1423 193 1502; x_wconf 84' lang='lat' dir='ltr'><strong>adsnnt;</strong></span> <span class='ocrx_word' id='word_1_44' title='bbox 227 1425 330 1509; x_wconf 73' lang='lat' dir='ltr'><strong>itaque</strong></span> <span class='ocrx_word' id='word_1_45' title='bbox 361 1417 468 1508; x_wconf 87' lang='lat' dir='ltr'><strong>petere</strong></span> <span class='ocrx_word' id='word_1_46' title='bbox 506 1422 616 1489; x_wconf 79' lang='lat' dir='ltr'><strong>audet:</strong></span> <span class='ocrx_word' id='word_1_47' title='bbox 663 1420 744 1495; x_wconf 83' lang='lat' dir='ltr'><strong>„Sed</strong></span> <span class='ocrx_word' id='word_1_48' title='bbox 774 1441 871 1507; x_wconf 90' lang='lat' dir='ltr'><strong>neque</strong></span> <span class='ocrx_word' id='word_1_49' title='bbox 904 1425 970 1505; x_wconf 83' lang='lat' dir='ltr'><strong>tibi,</strong></span> <span class='ocrx_word' id='word_1_50' title='bbox 1006 1425 1129 1490; x_wconf 84' lang='lat' dir='ltr'><strong>etiamsi</strong></span> 
     </span>
     <span class='ocr_line' id='line_1_8' title="bbox 64 1528 1129 1613; baseline 0.002 -21"><span class='ocrx_word' id='word_1_51' title='bbox 64 1547 144 1596; x_wconf 93' lang='lat' dir='ltr'><strong>nnnc</strong></span> <span class='ocrx_word' id='word_1_52' title='bbox 166 1530 248 1596; x_wconf 89' lang='lat' dir='ltr'><strong>bello</strong></span> <span class='ocrx_word' id='word_1_53' title='bbox 269 1530 465 1608; x_wconf 77' lang='lat' dir='ltr'><strong>abstinueris,</strong></span> <span class='ocrx_word' id='word_1_54' title='bbox 485 1530 634 1613; x_wconf 87' lang='lat' dir='ltr'><strong>perpetua</strong></span> <span class='ocrx_word' id='word_1_55' title='bbox 656 1546 731 1612; x_wconf 88' lang='lat' dir='ltr'><strong>pace</strong></span> <span class='ocrx_word' id='word_1_56' title='bbox 752 1528 813 1593; x_wconf 83' lang='lat' dir='ltr'><strong>frui</strong></span> <span class='ocrx_word' id='word_1_57' title='bbox 834 1529 948 1609; x_wconf 83' lang='lat' dir='ltr'><strong>licebit,</strong></span> <span class='ocrx_word' id='word_1_58' title='bbox 971 1533 1003 1594; x_wconf 89' lang='lat' dir='ltr'><strong>et</strong></span> <span class='ocrx_word' id='word_1_59' title='bbox 1024 1530 1129 1596; x_wconf 87' lang='lat' dir='ltr'><strong>hostes</strong></span> 
     </span>
     <span class='ocr_line' id='line_1_9' title="bbox 63 1635 1183 1720; baseline 0 -20"><span class='ocrx_word' id='word_1_60' title='bbox 63 1637 229 1720; x_wconf 76' lang='lat' dir='ltr'><strong>opportuni</strong></span> <span class='ocrx_word' id='word_1_61' title='bbox 261 1636 350 1710; x_wconf 77' lang='lat' dir='ltr'><strong>snut,</strong></span> <span class='ocrx_word' id='word_1_62' title='bbox 364 1637 397 1701; x_wconf 91' lang='lat' dir='ltr'><strong>st</strong></span> <span class='ocrx_word' id='word_1_63' title='bbox 427 1636 551 1720; x_wconf 76' lang='lat' dir='ltr'><strong>egregia</strong></span> <span class='ocrx_word' id='word_1_64' title='bbox 570 1636 654 1700; x_wconf 81' lang='lat' dir='ltr'><strong>lame</strong></span> <span class='ocrx_word' id='word_1_65' title='bbox 675 1635 743 1713; x_wconf 80' lang='lat' dir='ltr'><strong>erit,</strong></span> <span class='ocrx_word' id='word_1_66' title='bbox 775 1635 803 1700; x_wconf 91' lang='lat' dir='ltr'><strong>si</strong></span> <span class='ocrx_word' id='word_1_67' title='bbox 825 1635 981 1701; x_wconf 85' lang='lat' dir='ltr'><strong>Romanos</strong></span> <span class='ocrx_word' id='word_1_68' title='bbox 1003 1653 1130 1717; x_wconf 84' lang='lat' dir='ltr'><strong>oppres·</strong></span> <span class='ocrx_word' id='word_1_69' title='bbox 1178 1667 1183 1675; x_wconf 43' lang='lat' dir='ltr'>v</span> 
     </span>
     <span class='ocr_line' id='line_1_10' title="bbox 65 1738 1129 1823; baseline 0 -17"><span class='ocrx_word' id='word_1_70' title='bbox 65 1743 170 1808; x_wconf 84' lang='lat' dir='ltr'><strong>serie“.</strong></span> <span class='ocrx_word' id='word_1_71' title='bbox 228 1741 330 1807; x_wconf 89' lang='lat' dir='ltr'><strong>Unam</strong></span> <span class='ocrx_word' id='word_1_72' title='bbox 362 1740 513 1823; x_wconf 74' lang='lat' dir='ltr'><strong>syllabam</strong></span> <span class='ocrx_word' id='word_1_73' title='bbox 543 1741 584 1805; x_wconf 89' lang='lat' dir='ltr'><strong>ni</strong></span> <span class='ocrx_word' id='word_1_74' title='bbox 611 1738 716 1806; x_wconf 87' lang='lat' dir='ltr'><strong>addidi</strong></span> <span class='ocrx_word' id='word_1_75' title='bbox 748 1744 819 1823; x_wconf 86' lang='lat' dir='ltr'><strong>pest</strong></span> <span class='ocrx_word' id='word_1_76' title='bbox 839 1742 888 1805; x_wconf 92' lang='lat' dir='ltr'><strong>mi</strong></span> <span class='ocrx_word' id='word_1_77' title='bbox 911 1738 1129 1818; x_wconf 86' lang='lat' dir='ltr'><strong>(scelestis-</strong></span> 
     </span>
     <span class='ocr_line' id='line_1_11' title="bbox 66 1844 1129 1929; baseline -0.002 -18"><span class='ocrx_word' id='word_1_78' title='bbox 66 1845 184 1921; x_wconf 84' lang='lat' dir='ltr'><strong>sumi).</strong></span> <span class='ocrx_word' id='word_1_79' title='bbox 243 1844 361 1911; x_wconf 88' lang='lat' dir='ltr'><strong>Deinde</strong></span> <span class='ocrx_word' id='word_1_80' title='bbox 382 1845 400 1929; x_wconf 68' lang='grc'>5</span> <span class='ocrx_word' id='word_1_81' title='bbox 423 1844 443 1908; x_wconf 88' lang='lat'><strong>3</strong></span> <span class='ocrx_word' id='word_1_82' title='bbox 465 1844 660 1913; x_wconf 86' lang='lat' dir='ltr'><strong>scribendum</strong></span> <span class='ocrx_word' id='word_1_83' title='bbox 682 1848 744 1910; x_wconf 86' lang='lat' dir='ltr'><strong>est:</strong></span> <span class='ocrx_word' id='word_1_84' title='bbox 778 1846 813 1911; x_wconf 90' lang='lat' dir='ltr'><strong>si</strong></span> <span class='ocrx_word' id='word_1_85' title='bbox 832 1867 917 1908; x_wconf 78' lang='lat' dir='ltr'><strong>vers</strong></span> <span class='ocrx_word' id='word_1_86' title='bbox 941 1850 1129 1909; x_wconf 74' lang='lat' dir='ltr'><strong>estimare</strong></span> 
     </span>
     <span class='ocr_line' id='line_1_12' title="bbox 62 1950 1041 2029; baseline 0.003 -15"><span class='ocrx_word' id='word_1_87' title='bbox 62 1951 189 2029; x_wconf 72' lang='lat' dir='ltr'><strong>ucles,</strong></span> <span class='ocrx_word' id='word_1_88' title='bbox 213 1968 272 2016; x_wconf 89' lang='lat' dir='ltr'><strong>nen</strong></span> <span class='ocrx_word' id='word_1_89' title='bbox 295 1968 384 2015; x_wconf 83' lang='lat' dir='ltr'><strong>vera</strong></span> <span class='ocrx_word' id='word_1_90' title='bbox 406 1950 648 2016; x_wconf 86' lang='lat' dir='ltr'><strong>existimare.</strong></span> <span class='ocrx_word' id='word_1_91' title='bbox 1040 1977 1041 1981; x_wconf 41' lang='lat'>¹</span> 
     </span>
    </p>

    <p class='ocr_par' dir='ltr' id='par_1_3' title="bbox 64 2046 1187 2243">
     <span class='ocr_line' id='line_1_13' title="bbox 163 2046 1187 2141; baseline 0 -21"><span class='ocrx_word' id='word_1_92' title='bbox 163 2046 356 2140; x_wconf 75' lang='lat' dir='ltr'><strong>Subiungens</strong></span> <span class='ocrx_word' id='word_1_93' title='bbox 367 2054 626 2138; x_wconf 70' lang='lat' dir='ltr'><strong>bagnentcrnm</strong></span> <span class='ocrx_word' id='word_1_94' title='bbox 641 2056 832 2141; x_wconf 86' lang='lat' dir='ltr'><strong>quorundam</strong></span> <span class='ocrx_word' id='word_1_95' title='bbox 844 2056 1031 2122; x_wconf 80' lang='lat' dir='ltr'><strong>minutorum</strong></span> <span class='ocrx_word' id='word_1_96' title='bbox 1049 2057 1128 2139; x_wconf 88' lang='lat' dir='ltr'><strong>apud</strong></span> <span class='ocrx_word' id='word_1_97' title='bbox 1185 2099 1187 2103; x_wconf 27' lang='grc' dir='ltr'><strong><em>ι</em></strong></span> 
     </span>
     <span class='ocr_line' id='line_1_14' title="bbox 64 2159 704 2243; baseline -0.002 -17"><span class='ocrx_word' id='word_1_98' title='bbox 64 2159 199 2226; x_wconf 75' lang='lat' dir='ltr'><strong>Nonium</strong></span> <span class='ocrx_word' id='word_1_99' title='bbox 219 2161 390 2243; x_wconf 86' lang='lat' dir='ltr'><strong>positorum</strong></span> <span class='ocrx_word' id='word_1_100' title='bbox 411 2160 704 2228; x_wconf 81' lang='lat' dir='ltr'><strong>emendabuncnlas.</strong></span> 
     </span>
    </p>

    <p class='ocr_par' dir='ltr' id='par_1_4' title="bbox 59 2265 1131 2981">
     <span class='ocr_line' id='line_1_15' title="bbox 162 2265 1129 2351; baseline 0.005 -21"><span class='ocrx_word' id='word_1_101' title='bbox 162 2267 189 2345; x_wconf 83' lang='lat'><strong>1,</strong></span> <span class='ocrx_word' id='word_1_102' title='bbox 213 2266 253 2329; x_wconf 86' lang='lat'><strong>86</strong></span> <span class='ocrx_word' id='word_1_103' title='bbox 275 2267 304 2330; x_wconf 93' lang='lat' dir='ltr'>D</span> <span class='ocrx_word' id='word_1_104' title='bbox 326 2265 382 2346; x_wconf 86' lang='grc'><strong>(93</strong></span> <span class='ocrx_word' id='word_1_105' title='bbox 402 2266 470 2346; x_wconf 84' lang='lat' dir='ltr'><strong>Kr.)</strong></span> <span class='ocrx_word' id='word_1_106' title='bbox 491 2268 572 2351; x_wconf 88' lang='lat' dir='ltr'><strong>apud</strong></span> <span class='ocrx_word' id='word_1_107' title='bbox 593 2267 729 2334; x_wconf 88' lang='lat' dir='ltr'><strong>Nonium</strong></span> <span class='ocrx_word' id='word_1_108' title='bbox 750 2287 781 2351; x_wconf 84' lang='lat' dir='ltr'><strong>p.</strong></span> <span class='ocrx_word' id='word_1_109' title='bbox 803 2267 867 2330; x_wconf 89' lang='grc'><strong>310</strong></span> <span class='ocrx_word' id='word_1_110' title='bbox 888 2267 997 2334; x_wconf 82' lang='lat' dir='ltr'><strong>llere:</strong></span> <span class='ocrx_word' id='word_1_111' title='bbox 1033 2268 1129 2334; x_wconf 88' lang='lat' dir='ltr'><strong>Pre-</strong></span> 
     </span>
     <span class='ocr_line' id='line_1_16' title="bbox 69 2370 1130 2459; baseline 0.004 -24"><span class='ocrx_word' id='word_1_112' title='bbox 69 2370 204 2437; x_wconf 88' lang='lat' dir='ltr'><strong>iectns</strong></span> <span class='ocrx_word' id='word_1_113' title='bbox 228 2371 310 2451; x_wconf 88' lang='lat' dir='ltr'><strong>(edd.</strong></span> <span class='ocrx_word' id='word_1_114' title='bbox 332 2370 406 2437; x_wconf 85' lang='lat' dir='ltr'><strong>Sall</strong></span> <span class='ocrx_word' id='word_1_115' title='bbox 427 2371 496 2437; x_wconf 89' lang='lat' dir='ltr'><strong>illo</strong></span> <span class='ocrx_word' id='word_1_116' title='bbox 527 2372 632 2456; x_wconf 82' lang='lat' dir='ltr'><strong>prof.)</strong></span> <span class='ocrx_word' id='word_1_117' title='bbox 666 2374 774 2439; x_wconf 84' lang='lat' dir='ltr'><strong>vicos</strong></span> <span class='ocrx_word' id='word_1_118' title='bbox 796 2374 1036 2459; x_wconf 88' lang='lat' dir='ltr'><strong>castellaque</strong></span> <span class='ocrx_word' id='word_1_119' title='bbox 1066 2375 1130 2439; x_wconf 91' lang='lat' dir='ltr'><strong>in·</strong></span> 
     </span>
     <span class='ocr_line' id='line_1_17' title="bbox 62 2477 1131 2564; baseline 0.003 -24"><span class='ocrx_word' id='word_1_120' title='bbox 62 2478 238 2543; x_wconf 88' lang='lat' dir='ltr'><strong>cendere</strong></span> <span class='ocrx_word' id='word_1_121' title='bbox 272 2478 313 2541; x_wconf 84' lang='lat' dir='ltr'><strong>et</strong></span> <span class='ocrx_word' id='word_1_122' title='bbox 332 2477 426 2561; x_wconf 83' lang='lat' dir='ltr'><strong>iuga</strong></span> <span class='ocrx_word' id='word_1_123' title='bbox 446 2478 641 2544; x_wconf 87' lang='lat' dir='ltr'><strong>cultorum</strong></span> <span class='ocrx_word' id='word_1_124' title='bbox 668 2478 829 2546; x_wconf 87' lang='lat' dir='ltr'><strong>deserta</strong></span> <span class='ocrx_word' id='word_1_125' title='bbox 860 2480 942 2564; x_wconf 83' lang='lat' dir='ltr'><strong>igni</strong></span> <span class='ocrx_word' id='word_1_126' title='bbox 975 2480 1131 2545; x_wconf 77' lang='lat' dir='ltr'><strong>vastare</strong></span> 
     </span>
     <span class='ocr_line' id='line_1_18' title="bbox 62 2581 1131 2668; baseline 0.002 -22"><span class='ocrx_word' id='word_1_127' title='bbox 62 2600 184 2666; x_wconf 89' lang='lat' dir='ltr'><strong>neque</strong></span> <span class='ocrx_word' id='word_1_128' title='bbox 220 2583 323 2648; x_wconf 89' lang='lat' dir='ltr'><strong>elate</strong></span> <span class='ocrx_word' id='word_1_129' title='bbox 359 2581 746 2650; x_wconf 82' lang='lat' dir='ltr'><strong>antistnstissimus</strong></span> <span class='ocrx_word' id='word_1_130' title='bbox 783 2587 890 2649; x_wconf 79' lang='lat' dir='ltr'><strong>mein</strong></span> <span class='ocrx_word' id='word_1_131' title='bbox 924 2584 1054 2668; x_wconf 79' lang='lat' dir='ltr'><strong>gentis</strong></span> <span class='ocrx_word' id='word_1_132' title='bbox 1086 2585 1131 2649; x_wconf 88' lang='lat' dir='ltr'><strong>ad</strong></span> 
     </span>
     <span class='ocr_line' id='line_1_19' title="bbox 68 2686 1129 2770; baseline 0.005 -20"><span class='ocrx_word' id='word_1_133' title='bbox 68 2686 167 2754; x_wconf 85' lang='lat' dir='ltr'><strong>furta</strong></span> <span class='ocrx_word' id='word_1_134' title='bbox 188 2688 288 2754; x_wconf 92' lang='lat' dir='ltr'><strong>belli</strong></span> <span class='ocrx_word' id='word_1_135' title='bbox 309 2687 537 2770; x_wconf 86' lang='lat' dir='ltr'><strong>peridoneae.</strong></span> <span class='ocrx_word' id='word_1_136' title='bbox 580 2687 631 2756; x_wconf 90' lang='lat' dir='ltr'><strong>Sic</strong></span> <span class='ocrx_word' id='word_1_137' title='bbox 652 2689 781 2756; x_wconf 88' lang='lat' dir='ltr'><strong>cedices.</strong></span> <span class='ocrx_word' id='word_1_138' title='bbox 827 2689 1045 2755; x_wconf 86' lang='lat' dir='ltr'><strong>Scribendum:</strong></span> <span class='ocrx_word' id='word_1_139' title='bbox 1068 2709 1129 2755; x_wconf 91' lang='lat' dir='ltr'><strong>ne·</strong></span> 
     </span>
     <span class='ocr_line' id='line_1_20' title="bbox 59 2794 1129 2880; baseline 0.003 -22"><span class='ocrx_word' id='word_1_140' title='bbox 59 2812 131 2874; x_wconf 75' lang='lat' dir='ltr'><strong>unc</strong></span> <span class='ocrx_word' id='word_1_141' title='bbox 157 2794 200 2873; x_wconf 76' lang='lat' dir='ltr'><strong>(h.</strong></span> <span class='ocrx_word' id='word_1_142' title='bbox 223 2812 249 2858; x_wconf 91' lang='lat' dir='ltr'><strong>e.</strong></span> <span class='ocrx_word' id='word_1_143' title='bbox 271 2811 374 2876; x_wconf 89' lang='lat' dir='ltr'><strong>neque</strong></span> <span class='ocrx_word' id='word_1_144' title='bbox 395 2797 510 2869; x_wconf 89' lang='lat' dir='ltr'><strong>tamen)</strong></span> <span class='ocrx_word' id='word_1_145' title='bbox 532 2796 613 2860; x_wconf 81' lang='lat' dir='ltr'><strong>late</strong></span> <span class='ocrx_word' id='word_1_146' title='bbox 636 2795 846 2880; x_wconf 70' lang='lat' dir='ltr'><strong>sucessisse</strong></span> <span class='ocrx_word' id='word_1_147' title='bbox 866 2799 992 2870; x_wconf 77' lang='lat' dir='ltr'><strong>nimie,</strong></span> <span class='ocrx_word' id='word_1_148' title='bbox 1027 2799 1129 2862; x_wconf 89' lang='lat' dir='ltr'><strong>metu</strong></span> 
     </span>
     <span class='ocr_line' id='line_1_21' title="bbox 66 2892 315 2981; baseline 0.004 -18"><span class='ocrx_word' id='word_1_149' title='bbox 66 2899 189 2981; x_wconf 81' lang='lat' dir='ltr'><strong>gentis</strong></span> <span class='ocrx_word' id='word_1_150' title='bbox 213 2901 271 2966; x_wconf 86' lang='lat' dir='ltr'><strong>cet.</strong></span> <span class='ocrx_word' id='word_1_151' title='bbox 312 2892 315 2898; x_wconf 85' lang='grc'>’</span> 
     </span>
    </p>

    <p class='ocr_par' dir='ltr' id='par_1_5' title="bbox 161 3003 1128 3088">
     <span class='ocr_line' id='line_1_22' title="bbox 161 3003 1128 3088; baseline 0.003 -19"><span class='ocrx_word' id='word_1_152' title='bbox 161 3005 204 3084; x_wconf 84' lang='lat'><strong>11,</strong></span> <span class='ocrx_word' id='word_1_153' title='bbox 242 3005 281 3068; x_wconf 85' lang='grc'><strong>17</strong></span> <span class='ocrx_word' id='word_1_154' title='bbox 322 3005 360 3069; x_wconf 91' lang='lat' dir='ltr'><strong>D.</strong></span> <span class='ocrx_word' id='word_1_155' title='bbox 394 3004 447 3083; x_wconf 82' lang='grc'><strong>(23</strong></span> <span class='ocrx_word' id='word_1_156' title='bbox 486 3003 575 3082; x_wconf 68' lang='lat' dir='ltr'><strong>Ka),</strong></span> <span class='ocrx_word' id='word_1_157' title='bbox 615 3005 761 3088; x_wconf 79' lang='lat' dir='ltr'><strong>Neu-p.</strong></span> <span class='ocrx_word' id='word_1_158' title='bbox 803 3005 880 3070; x_wconf 77' lang='lat'>538:</span> <span class='ocrx_word' id='word_1_159' title='bbox 924 3024 1128 3072; x_wconf 86' lang='lat' dir='ltr'><strong>occurrere</strong></span> 
     </span>
    </p>
   </div>
   <div class='ocr_carea' id='block_1_3' title="bbox 59 3107 1262 3193">
    <p class='ocr_par' dir='ltr' id='par_1_6' title="bbox 59 3107 1262 3193">
     <span class='ocr_line' id='line_1_23' title="bbox 59 3107 1262 3193; baseline 0.004 -21"><span class='ocrx_word' id='word_1_160' title='bbox 59 3107 146 3175; x_wconf 79' lang='lat' dir='ltr'><strong>unci</strong></span> <span class='ocrx_word' id='word_1_161' title='bbox 183 3112 222 3175; x_wconf 87' lang='lat' dir='ltr'><strong>et</strong></span> <span class='ocrx_word' id='word_1_162' title='bbox 253 3110 433 3193; x_wconf 83' lang='lat' dir='ltr'><strong>proelinm</strong></span> <span class='ocrx_word' id='word_1_163' title='bbox 466 3111 693 3191; x_wconf 78' lang='lat' dir='ltr'><strong>accendere,</strong></span> <span class='ocrx_word' id='word_1_164' title='bbox 737 3112 831 3177; x_wconf 89' lang='lat' dir='ltr'><strong>adeo</strong></span> <span class='ocrx_word' id='word_1_165' title='bbox 871 3112 929 3176; x_wconf 85' lang='lat' dir='ltr'><strong>uti</strong></span> <span class='ocrx_word' id='word_1_166' title='bbox 965 3111 1127 3177; x_wconf 86' lang='lat' dir='ltr'><strong>Metelle</strong></span> <span class='ocrx_word' id='word_1_167' title='bbox 1259 3154 1262 3159; x_wconf 89' lang='lat'><em>-</em></span> 
     </span>
    </p>
   </div>
   <div class='ocr_carea' id='block_1_4' title="bbox 51 3212 1129 4439">
    <p class='ocr_par' dir='ltr' id='par_1_7' title="bbox 59 3212 1129 3616">
     <span class='ocr_line' id='line_1_24' title="bbox 62 3212 1127 3298; baseline 0.003 -22"><span class='ocrx_word' id='word_1_168' title='bbox 62 3212 100 3278; x_wconf 57' lang='lat' dir='ltr'><strong>‘in</strong></span> <span class='ocrx_word' id='word_1_169' title='bbox 122 3232 274 3298; x_wconf 78' lang='lat' dir='ltr'><strong>sagum,</strong></span> <span class='ocrx_word' id='word_1_170' title='bbox 307 3216 506 3281; x_wconf 85' lang='lat' dir='ltr'><strong>Hirtuleio</strong></span> <span class='ocrx_word' id='word_1_171' title='bbox 539 3216 577 3282; x_wconf 90' lang='lat' dir='ltr'><strong>in</strong></span> <span class='ocrx_word' id='word_1_172' title='bbox 609 3216 809 3282; x_wconf 81' lang='lat' dir='ltr'><strong>brachium</strong></span> <span class='ocrx_word' id='word_1_173' title='bbox 836 3216 918 3282; x_wconf 87' lang='lat' dir='ltr'><strong>tela</strong></span> <span class='ocrx_word' id='word_1_174' title='bbox 939 3216 1127 3283; x_wconf 83' lang='lat' dir='ltr'><strong>venirent.</strong></span> 
     </span>
     <span class='ocr_line' id='line_1_25' title="bbox 66 3317 1129 3406; baseline 0.002 -22"><span class='ocrx_word' id='word_1_175' title='bbox 66 3317 259 3398; x_wconf 77' lang='lat' dir='ltr'><strong>DecIamtm,</strong></span> <span class='ocrx_word' id='word_1_176' title='bbox 314 3339 407 3405; x_wconf 86' lang='lat' dir='ltr'><strong>quum</strong></span> <span class='ocrx_word' id='word_1_177' title='bbox 456 3339 490 3387; x_wconf 91' lang='lat' dir='ltr'><strong>se</strong></span> <span class='ocrx_word' id='word_1_178' title='bbox 538 3321 599 3405; x_wconf 85' lang='lat' dir='ltr'><strong>ipsi</strong></span> <span class='ocrx_word' id='word_1_179' title='bbox 646 3321 739 3388; x_wconf 89' lang='lat' dir='ltr'><strong>dnces</strong></span> <span class='ocrx_word' id='word_1_180' title='bbox 786 3341 897 3406; x_wconf 82' lang='lat' dir='ltr'><strong>pugnes</strong></span> <span class='ocrx_word' id='word_1_181' title='bbox 949 3323 1129 3389; x_wconf 82' lang='lat' dir='ltr'><strong>miscuerint</strong></span> 
     </span>
     <span class='ocr_line' id='line_1_26' title="bbox 59 3414 1127 3509; baseline 0.005 -21"><span class='ocrx_word' id='word_1_182' title='bbox 59 3427 93 3489; x_wconf 87' lang='lat' dir='ltr'><strong>-et</strong></span> <span class='ocrx_word' id='word_1_183' title='bbox 122 3414 260 3509; x_wconf 81' lang='lat' dir='ltr'><strong>pericnlc</strong></span> <span class='ocrx_word' id='word_1_184' title='bbox 293 3426 475 3500; x_wconf 83' lang='lat' dir='ltr'><strong>obiecerint;</strong></span> <span class='ocrx_word' id='word_1_185' title='bbox 518 3426 728 3495; x_wconf 88' lang='lat' dir='ltr'><strong>scribendum:</strong></span> <span class='ocrx_word' id='word_1_186' title='bbox 772 3446 979 3495; x_wconf 88' lang='lat' dir='ltr'><strong>occurrere</strong></span> <span class='ocrx_word' id='word_1_187' title='bbox 1015 3429 1127 3494; x_wconf 78' lang='lat' dir='ltr'><strong>duces</strong></span> 
     </span>
     <span class='ocr_line' id='line_1_27' title="bbox 59 3531 619 3616; baseline 0.011 -24"><span class='ocrx_word' id='word_1_188' title='bbox 59 3534 99 3594; x_wconf 86' lang='lat' dir='ltr'><strong>et</strong></span> <span class='ocrx_word' id='word_1_189' title='bbox 119 3533 178 3598; x_wconf 78' lang='lat' dir='ltr'><strong>cet</strong></span> <span class='ocrx_word' id='word_1_190' title='bbox 236 3531 305 3616; x_wconf 87' lang='lat' dir='ltr'><strong>[Sic</strong></span> <span class='ocrx_word' id='word_1_191' title='bbox 325 3532 388 3598; x_wconf 86' lang='lat' dir='ltr'><strong>iam</strong></span> <span class='ocrx_word' id='word_1_192' title='bbox 410 3531 619 3616; x_wconf 71' lang='lat' dir='ltr'><strong>cerbonius]</strong></span> 
     </span>
    </p>

    <p class='ocr_par' dir='ltr' id='par_1_8' title="bbox 67 3635 1128 3934">
     <span class='ocr_line' id='line_1_28' title="bbox 159 3635 1128 3723; baseline 0.005 -22"><span class='ocrx_word' id='word_1_193' title='bbox 159 3635 215 3711; x_wconf 85' lang='lat' dir='ltr'><strong>lv,</strong></span> <span class='ocrx_word' id='word_1_194' title='bbox 247 3635 529 3717; x_wconf 54' lang='grc'><strong>3711102110),</strong></span> <span class='ocrx_word' id='word_1_195' title='bbox 565 3636 645 3703; x_wconf 88' lang='lat' dir='ltr'><strong>Non.</strong></span> <span class='ocrx_word' id='word_1_196' title='bbox 675 3657 707 3721; x_wconf 83' lang='lat' dir='ltr'><strong>p.</strong></span> <span class='ocrx_word' id='word_1_197' title='bbox 731 3638 809 3703; x_wconf 88' lang='lat'>318:</span> <span class='ocrx_word' id='word_1_198' title='bbox 852 3642 979 3723; x_wconf 82' lang='lat' dir='ltr'><strong>Atque</strong></span> <span class='ocrx_word' id='word_1_199' title='bbox 1000 3641 1128 3706; x_wconf 85' lang='lat' dir='ltr'><strong>hiavit</strong></span> 
     </span>
     <span class='ocr_line' id='line_1_29' title="bbox 67 3740 1125 3827; baseline 0.004 -22"><span class='ocrx_word' id='word_1_200' title='bbox 67 3740 197 3808; x_wconf 88' lang='lat' dir='ltr'><strong>humus</strong></span> <span class='ocrx_word' id='word_1_201' title='bbox 234 3744 357 3809; x_wconf 82' lang='lat' dir='ltr'><strong>multa</strong></span> <span class='ocrx_word' id='word_1_202' title='bbox 392 3746 506 3810; x_wconf 83' lang='lat' dir='ltr'><strong>vasta</strong></span> <span class='ocrx_word' id='word_1_203' title='bbox 545 3746 582 3807; x_wconf 85' lang='lat' dir='ltr'><strong>et</strong></span> <span class='ocrx_word' id='word_1_204' title='bbox 617 3743 812 3825; x_wconf 87' lang='lat' dir='ltr'><strong>profunda.</strong></span> <span class='ocrx_word' id='word_1_205' title='bbox 873 3746 964 3824; x_wconf 80' lang='lat' dir='ltr'><strong>Fuit,</strong></span> <span class='ocrx_word' id='word_1_206' title='bbox 1005 3745 1125 3827; x_wconf 87' lang='lat' dir='ltr'><strong>opiner:</strong></span> 
     </span>
     <span class='ocr_line' id='line_1_30' title="bbox 67 3845 1062 3934; baseline 0.006 -26"><span class='ocrx_word' id='word_1_207' title='bbox 67 3845 182 3931; x_wconf 78' lang='lat' dir='ltr'><strong>Atque</strong></span> <span class='ocrx_word' id='word_1_208' title='bbox 205 3847 332 3912; x_wconf 75' lang='lat' dir='ltr'><strong>hiscit</strong></span> <span class='ocrx_word' id='word_1_209' title='bbox 353 3848 488 3914; x_wconf 89' lang='lat' dir='ltr'><strong>burnus</strong></span> <span class='ocrx_word' id='word_1_210' title='bbox 511 3846 651 3911; x_wconf 81' lang='lat' dir='ltr'><strong>lacuna</strong></span> <span class='ocrx_word' id='word_1_211' title='bbox 671 3851 784 3917; x_wconf 85' lang='lat' dir='ltr'><strong>vasta</strong></span> <span class='ocrx_word' id='word_1_212' title='bbox 806 3852 845 3915; x_wconf 88' lang='lat' dir='ltr'><strong>et</strong></span> <span class='ocrx_word' id='word_1_213' title='bbox 864 3849 1062 3934; x_wconf 78' lang='lat' dir='ltr'><strong>profunda.</strong></span> 
     </span>
    </p>

    <p class='ocr_par' dir='ltr' id='par_1_9' title="bbox 51 3950 1125 4439">
     <span class='ocr_line' id='line_1_31' title="bbox 159 3950 1125 4037; baseline 0.004 -21"><span class='ocrx_word' id='word_1_214' title='bbox 159 3952 197 4030; x_wconf 79' lang='lat' dir='ltr'><strong>V,</strong></span> <span class='ocrx_word' id='word_1_215' title='bbox 223 3950 262 4013; x_wconf 91' lang='grc'><strong>13</strong></span> <span class='ocrx_word' id='word_1_216' title='bbox 285 3953 314 4017; x_wconf 93' lang='lat' dir='ltr'>D</span> <span class='ocrx_word' id='word_1_217' title='bbox 337 3953 388 4025; x_wconf 73' lang='lat' dir='ltr'><strong>(lu</strong></span> <span class='ocrx_word' id='word_1_218' title='bbox 413 3952 494 4031; x_wconf 73' lang='lat' dir='ltr'><strong>lin),</strong></span> <span class='ocrx_word' id='word_1_219' title='bbox 515 3952 597 4021; x_wconf 87' lang='lat' dir='ltr'><strong>Non.</strong></span> <span class='ocrx_word' id='word_1_220' title='bbox 618 3973 649 4037; x_wconf 88' lang='lat' dir='ltr'><strong>p.</strong></span> <span class='ocrx_word' id='word_1_221' title='bbox 675 3953 751 4019; x_wconf 81' lang='lat'><strong>236:</strong></span> <span class='ocrx_word' id='word_1_222' title='bbox 796 3955 943 4035; x_wconf 82' lang='lat' dir='ltr'><strong>Quibus</strong></span> <span class='ocrx_word' id='word_1_223' title='bbox 965 3957 1011 4020; x_wconf 93' lang='lat' dir='ltr'><strong>de</strong></span> <span class='ocrx_word' id='word_1_224' title='bbox 1034 3974 1125 4021; x_wconf 91' lang='lat' dir='ltr'><strong>cau·</strong></span> 
     </span>
     <span class='ocr_line' id='line_1_32' title="bbox 69 4055 1124 4143; baseline 0.009 -26"><span class='ocrx_word' id='word_1_225' title='bbox 69 4055 116 4120; x_wconf 91' lang='lat' dir='ltr'><strong>sis</strong></span> <span class='ocrx_word' id='word_1_226' title='bbox 137 4056 290 4122; x_wconf 87' lang='lat' dir='ltr'><strong>Sullam</strong></span> <span class='ocrx_word' id='word_1_227' title='bbox 312 4058 354 4122; x_wconf 88' lang='lat' dir='ltr'><strong>in</strong></span> <span class='ocrx_word' id='word_1_228' title='bbox 386 4059 554 4125; x_wconf 83' lang='lat' dir='ltr'><strong>victoria</strong></span> <span class='ocrx_word' id='word_1_229' title='bbox 586 4058 817 4125; x_wconf 85' lang='lat' dir='ltr'><strong>dictatorem</strong></span> <span class='ocrx_word' id='word_1_230' title='bbox 840 4061 904 4126; x_wconf 89' lang='lat' dir='ltr'><strong>uni</strong></span> <span class='ocrx_word' id='word_1_231' title='bbox 926 4062 1124 4143; x_wconf 84' lang='lat' dir='ltr'><strong>sibiequo</strong></span> 
     </span>
     <span class='ocr_line' id='line_1_33' title="bbox 65 4157 1123 4250; baseline 0.008 -28"><span class='ocrx_word' id='word_1_232' title='bbox 65 4157 312 4235; x_wconf 75' lang='lat' dir='ltr'><strong>descendere,</strong></span> <span class='ocrx_word' id='word_1_233' title='bbox 362 4163 577 4248; x_wconf 83' lang='lat' dir='ltr'><strong>adsurgere</strong></span> <span class='ocrx_word' id='word_1_234' title='bbox 631 4165 745 4239; x_wconf 81' lang='lat' dir='ltr'><strong>sella,</strong></span> <span class='ocrx_word' id='word_1_235' title='bbox 797 4169 915 4250; x_wconf 84' lang='lat' dir='ltr'><strong>eaput</strong></span> <span class='ocrx_word' id='word_1_236' title='bbox 968 4166 1123 4250; x_wconf 88' lang='lat' dir='ltr'><strong>aperire</strong></span> 
     </span>
     <span class='ocr_line' id='line_1_34' title="bbox 51 4266 1125 4339; baseline 0.012 -13"><span class='ocrx_word' id='word_1_237' title='bbox 51 4266 232 4333; x_wconf 81' lang='lat' dir='ltr'><strong>¹solitum.</strong></span> <span class='ocrx_word' id='word_1_238' title='bbox 286 4268 388 4333; x_wconf 80' lang='lat' dir='ltr'><strong>Serib</strong></span> <span class='ocrx_word' id='word_1_239' title='bbox 436 4269 581 4336; x_wconf 84' lang='lat' dir='ltr'><strong>Sullam</strong></span> <span class='ocrx_word' id='word_1_240' title='bbox 628 4270 809 4334; x_wconf 74' lang='lat' dir='ltr'><strong>victorem</strong></span> <span class='ocrx_word' id='word_1_241' title='bbox 858 4294 901 4334; x_wconf 82' lang='lat' dir='ltr'><strong>ae</strong></span> <span class='ocrx_word' id='word_1_242' title='bbox 950 4272 1125 4339; x_wconf 82' lang='lat' dir='ltr'><strong>dictato-</strong></span> 
     </span>
     <span class='ocr_line' id='line_1_35' title="bbox 71 4379 217 4439; baseline 0.062 -8"><span class='ocrx_word' id='word_1_243' title='bbox 71 4379 217 4439; x_wconf 77' lang='lat' dir='ltr'><strong>remeet</strong></span> 
     </span>
    </p>
   </div>
   <div class='ocr_carea' id='block_1_5' title="bbox 0 0 1318 5070">
    <p class='ocr_par' dir='ltr' id='par_1_10' title="bbox 0 0 1318 5070">
     <span class='ocr_line' id='line_1_36' title="bbox 0 0 1318 5070; baseline 0 0"><span class='ocrx_word' id='word_1_244' title='bbox 0 0 1318 5070; x_wconf 95' lang='lat' dir='ltr'><strong> </strong></span> 
     </span>
    </p>
   </div>
  </div>
 </body>
</html>
