2678 5016
264 318 325 380 166
541 299 561 306 ”
622 315 682 371 ne.
692 314 755 370 vn.
783 315 847 386 cap.
859 315 883 370 1.

195 512 198 515 ”
220 515 417 600 propagando
453 514 643 588 aeciderunt,
674 513 753 578 ratio
790 512 879 576 facile
913 510 980 576 siue
1007 511 1067 576 ista
1109 511 1286 578 coniectura

220 620 308 686 reddi
340 621 444 704 pobesb
478 638 513 683 en
542 620 609 701 ipso
641 617 787 681 Varronis
823 617 946 700 ingenio
976 616 1104 682 minime
1125 617 1285 683 inmobile

223 714 396 808 spernentis
429 727 461 790 eb
483 743 519 789 er
538 723 588 799 iis,
623 741 698 805 quas
735 741 827 804 supra
848 720 924 799 dixi,
958 717 1070 787 causis.
1080 723 1104 801 ¹)
1151 725 1200 802 (In
1223 743 1283 789 uua

221 832 402 916 suspicionis
425 831 512 914 pario
533 827 601 911 quis
623 827 767 893 Muelleri
787 827 898 891 fuisseb
920 845 1014 901 error,
1038 826 1099 892 disi
1130 829 1162 892 iu
1185 828 1282 892 altera

221 935 376 1001 Ciceronis
397 933 544 999 librorum
567 933 604 996 de
626 933 736 997 linibus
758 931 898 1008 editione,
931 950 1060 997 excursu
1080 933 1125 997 IV
1147 936 1284 998 extremo

220 1061 252 1124 p.
274 1039 359 1116 824.)
416 1039 481 1124 Ego
504 1057 572 1121 quae
603 1039 675 1101 ante
710 1022 819 1121 riginbi
853 1037 943 1119 paulo
966 1037 1034 1118 plus
1057 1056 1154 1103 anuos
1177 1056 1284 1102 emen·

222 1145 292 1210 dari
303 1163 361 1209 nee
372 1143 492 1227 posbab
503 1142 572 1207 aliis
584 1144 732 1224 occupata
752 1142 825 1217 vidi,
841 1161 878 1207 oa
895 1142 1057 1218 brevitate,
1069 1162 1136 1226 quae
1154 1142 1285 1209 fortasse

219 1269 314 1335 prope
335 1248 501 1332 imperiose
522 1266 559 1312 ac
581 1247 711 1330 superba
732 1246 830 1311 videri
851 1247 966 1328 possit,
990 1267 1177 1331 proponam
1209 1267 1285 1312 nem

220 1357 252 1421 in
274 1356 365 1420 rebus
398 1352 492 1418 aridis
526 1356 558 1418 eb
590 1351 767 1426 bilibres,
805 1369 879 1434 quos
904 1352 994 1434 pauci
1015 1353 1191 1436 perlegunt,
1214 1371 1289 1434 por·

221 1459 391 1526 sinentibus
434 1458 597 1523 verborum
642 1455 735 1539 copiae
771 1457 957 1539 parcendum
994 1457 1123 1524 videtur.
1183 1458 1286 1522 Locos

221 1564 334 1631 notabo
366 1563 439 1629 solis
470 1563 652 1647 paginarum
685 1561 843 1644 Biponiini
876 1562 1008 1645 exempli
1029 1562 1175 1636 numeris.
1207 1581 1289 1644 qno-

221 1670 305 1734 niam
337 1668 359 1731 ii
387 1668 418 1731 eb
446 1667 527 1750 apud
555 1666 752 1750 Spengelium
777 1669 808 1731 et
836 1667 918 1749 apud
938 1667 1121 1733 Muellerum
1144 1667 1176 1731 in
1198 1686 1287 1731 mar-

221 1773 344 1856 ginibus
366 1772 458 1854 positi
479 1773 596 1851 sunb.²)

322 1877 389 1940 Lib.
413 1876 441 1939 V
464 1875 552 1958 (olim
580 1875 610 1939 in
632 1874 817 1941 editionibus
846 1875 903 1953 IV)
928 1895 960 1957 p.
983 1875 1002 1939 3
1024 1877 1110 1960 Bip.:
1153 1895 1172 1943 a
1196 1876 1288 1959 qui·

221 1982 291 2047 bus
316 1980 431 2045 rebus
459 1980 644 2045 vocabula
667 1979 849 2064 imposita
879 1981 960 2045 sini
992 1982 1029 2046 in
1050 1982 1188 2065 lingua
1210 1981 1289 2047 La·

221 2087 318 2160 bina,
341 2087 378 2150 eb
400 2104 457 2163 ea,
489 2104 568 2168 qnae
591 2086 679 2151 sunt
705 2086 744 2150 iu
766 2088 954 2151 consuetu
964 2086 1051 2151 dine
1074 2086 1174 2169 apud
1196 2105 1288 2169 poe·

221 2195 291 2258 bas.
336 2190 538 2256 Scribonium
562 2192 624 2255 est:
648 2193 685 2255 eb
707 2209 766 2267 ea,
805 2209 882 2272 quae
904 2194 994 2257 sunt
1016 2192 1052 2255 in
1075 2193 1288 2257 consuetu·

221 2298 308 2362 (line
341 2306 374 2358 et
405 2296 502 2378 apud
530 2297 672 2378 poetes.
731 2295 851 2377 Duplex
872 2295 1088 2360 vocabulorum
1110 2314 1206 2380 genus
1228 2316 1287 2380 po-

222 2404 315 2481 nitur,
338 2419 450 2476 eorum,
485 2420 553 2483 quae
574 2400 607 2463 in
629 2401 783 2464 communi
807 2418 865 2464 usu
886 2402 976 2476 suni,
1012 2403 1179 2479 eteorum,
1219 2421 1290 2485 qua

221 2508 301 2592 apud
322 2509 440 2591 poetas.
484 2506 520 2569 In
542 2505 684 2570 codicum
706 2505 857 2588 scriptura
879 2507 911 2569 et
933 2506 972 2569 in
995 2506 1289 2572 consuetudine

220 2631 345 2695 prorsus
377 2613 483 2676 onuba
503 2608 755 2674 consuetudinem
788 2608 921 2692 ponitur,
941 2614 973 2675 eb
994 2609 1141 2676 voeabula
1162 2612 1288 2693 poetica

250 2987 270 3045 ¹l
289 2984 345 3041 Cir.
365 2984 526 3054 Spengelius
555 2983 583 3036 in
609 2984 719 3053 seriptis
742 2982 816 3038 acad.
838 2982 1007 3039 Monacensis
1031 2985 1147 3053 generis
1165 2985 1286 3057 philoso-

291 3077 364 3146 pbici
382 3080 411 3132 eb
429 3075 588 3146 philologici
608 3075 661 3130 r‘ol.
679 3076 732 3131 v11
750 3093 776 3146 p.
795 3078 846 3131 431
866 3092 924 3145 sqq.

249 3168 271 3236 ²)
291 3167 395 3223 Omitto
414 3171 465 3233 bie,
484 3175 516 3224 ui
535 3186 651 3240 semper,
681 3166 846 3239 improbatas
873 3183 890 3220 a
916 3182 958 3221 me
977 3167 1103 3221 Muelleri
1130 3168 1286 3237 scripturas,

289 3275 337 3330 pro
355 3260 453 3329 quibus
471 3266 519 3318 aut
538 3263 658 3318 codicum
675 3259 857 3315 restituendas
885 3258 976 3314 indico
1004 3262 1053 3314 aab
1070 3276 1142 3339 ques
1155 3259 1204 3314 alii
1222 3276 1285 3316 corr·

289 3351 392 3406 iectura
410 3357 590 3424 reppererant,
620 3357 648 3409 in
676 3369 729 3422 quo
747 3367 844 3420 genere
873 3366 926 3405 non
950 3352 992 3407 ibe
1016 3367 1100 3422 pauco
1118 3350 1212 3407 futuro
1230 3353 1286 3407 edi·

289 3443 344 3497 tori
362 3446 518 3516 corrigenda
535 3448 608 3511 sunt,
627 3442 758 3499 nonnulla
775 3442 916 3508 eiusmodi,
934 3442 965 3497 irs
983 3442 1081 3512 quibus
1100 3446 1220 3499 erratum
1239 3445 1285 3508 sit,

289 3535 361 3604 qnod
378 3535 407 3589 in
426 3539 542 3594 minnffis
560 3555 592 3592 ex
611 3534 768 3605 vulgaribus
786 3535 873 3590 musis
892 3533 996 3589 mendis
1023 3534 1152 3590 subtilius
1178 3536 1286 3607 aliquid

289 3630 460 3695 quareretur.
494 3629 577 3685 Velut
595 3629 633 3683 VI
652 3646 678 3698 p.
697 3630 732 3683 74
749 3628 818 3696 Bip,
838 3624 885 3680 ubi
903 3625 977 3695 qnod
992 3625 1023 3680 in
1043 3625 1180 3682 codicibus
1198 3628 1284 3698 serip-

246 3725 251 3735 ·
289 3720 348 3772 tum
377 3721 432 3774 est:
472 3720 528 3775 nbi
555 3724 656 3776 noebn
689 3720 723 3774 in
750 3719 916 3787 templum
944 3733 1090 3773 censura
1126 3721 1283 3790 auspica-

289 3811 396 3874 verit,
424 3816 517 3866 netum
535 3828 566 3866 ex
583 3811 765 3881 geminatione
788 3809 888 3866 uocalis
906 3809 952 3878 (e),
978 3809 1071 3865 addite
1089 3814 1152 3883 post
1169 3800 1285 3867 alterius

288 3903 446 3969 mutatione,
474 3906 545 3958 reete
574 3902 608 3957 ab
627 3896 695 3958 aluo
713 3902 885 3958 emendatum
911 3904 981 3956 erube
1009 3919 1130 3959 censor
1161 3905 1285 3975 euspi-

288 3993 433 4056 oaverib‚
452 3994 599 4049 Muellerus
617 3994 709 4064 posuit
727 4009 878 4048 censure
897 4009 1009 4064 cnsp,
1037 3994 1144 4050 subicio
1173 3995 1285 4050 nomine

288 4084 443 4149 necessario,
462 4084 541 4139 illato
559 4085 651 4141 dativo
670 4101 761 4154 pravo.
