2662 5046
240 299 300 364 m
597 296 857 368 mmmm

200 497 277 564 ritur
300 500 333 563 et
343 516 398 580 pro
414 506 513 558 nmen
526 493 671 560 scribitur
681 494 734 557 eod
744 496 852 557 mmm.
885 491 1104 561 scribendum:
1127 496 1255 566 hcc...

198 600 467 669 commorabar
501 597 704 664 attentius
733 597 821 676 (etsi
855 614 984 665 rerum
1007 645 1014 661 .
1037 645 1078 667 ..
1108 604 1262 687 magni.

196 705 292 771 tudo
313 723 338 772 s.
359 722 420 770 me
442 704 511 770 det
539 701 764 780 retinebat),
802 703 902 787 qaod
933 706 1066 769 tamen
1101 706 1261 774 iudici·

196 829 301 876 orum
330 808 436 876 ratio
468 809 528 873 cet.
584 806 682 873 Recte
702 807 766 872 iarn
795 808 851 870 otri
868 809 999 874 refertur
1019 809 1059 874 ad
1081 810 1261 880 huiusmodi

197 916 392 990 senteutiam,
415 932 483 998 qua
503 911 641 977 auditur:
671 915 726 987 „ut
745 913 831 978 nulla
852 913 913 979 alia
934 931 1027 980 causa
1047 933 1123 999 opus
1145 921 1258 996 esset“,

198 1020 309 1087 deiude
328 1037 422 1086 causa
442 1017 612 1084 subiicitur.

296 1124 393 1190 Paulo
418 1123 507 1207 plura
527 1121 568 1187 ad
588 1121 756 1190 Oratorem
777 1122 959 1217 proferende
981 1127 1064 1204 suut,
1084 1128 1168 1203 nate,
1190 1148 1261 1196 curn

199 1229 390 1296 Orelliauum
428 1227 602 1311 exemplum
634 1245 769 1293 seorsum
806 1228 924 1294 editum
961 1240 1003 1303 (a.
1042 1229 1138 1311 1830)
1168 1235 1260 1318 paulo

195 1336 268 1418 post
287 1352 508 1420 percurrerem,
541 1332 600 1399 etsi
621 1328 768 1399 nonnulle
789 1352 888 1417 nuper
909 1330 1060 1419 praerepta
1084 1339 1167 1405 sunt.
1212 1340 1261 1406 Iti

194 1459 330 1524 primum

294 1545 460 1629 §tiuhisz
475 1541 620 1623 Quodsi
634 1561 744 1627 quem
764 1547 830 1611 aut
848 1548 989 1612 natura
1009 1565 1078 1613 sua
1099 1549 1169 1613 aut
1189 1550 1261 1617 illa

127 1637 137 1655 ⁰
194 1651 428 1735 praestantis
459 1648 610 1734 ingenii
641 1648 705 1714 vis
726 1649 829 1715 forte
851 1649 1017 1717 deficiet
1037 1654 1107 1718 aut
1126 1655 1259 1721 minue

193 1757 416 1822 instructus
457 1755 535 1821 erit
571 1771 793 1838 magnarum
829 1754 979 1820 artium
1016 1757 1261 1842 disciplinis

195 1864 257 1928 oet.
290 1862 400 1926 vitiose
431 1868 545 1922 notare
575 1880 632 1921 oea
663 1861 695 1924 et
716 1859 832 1944 inperii
851 1859 915 1933 ort,
951 1880 1020 1945 quae
1041 1863 1147 1930 eodem
1170 1884 1260 1948 spoc-

194 1967 274 2040 tant,
305 1968 452 2049 tauquam
485 1963 544 2030 duo
577 1964 730 2030 contraria
755 1966 909 2047 ponuntur
935 1967 1049 2033 artium
1079 1969 1262 2054 disciplinis.

194 2071 300 2137 Cicero
323 2070 503 2154 scripserat:
548 2069 696 2150 Quodsi
717 2087 826 2153 quem
848 2072 913 2135 aut
934 2073 1079 2139 natura
1099 2095 1169 2142 sua
1188 2077 1262 2142 illa

194 2176 428 2260 praestantis
461 2176 612 2262 ingenii
643 2175 704 2240 ris
733 2175 835 2240 forte
867 2175 1056 2255 deiiciet;
1090 2181 1141 2263 qui
1172 2182 1262 2249 abla-

193 2281 294 2347 tivum
317 2287 393 2360 (not.
415 2288 455 2355 a.)
476 2301 530 2365 pro
552 2279 743 2347 nominativo
765 2278 894 2363 accepit,
916 2292 970 2344 out
989 2283 1116 2351 eddidit.
1157 2286 1262 2368 (Quod

199 2386 351 2470 Sauppius
384 2386 530 2453 advocato
561 2385 731 2452 Columella
758 2387 820 2451 tria
852 2387 947 2451 verba
977 2397 1031 2450 out
1060 2400 1175 2454 namra
1202 2415 1263 2457 aaa

194 2492 294 2559 deleri
319 2493 427 2568 iussit,
460 2492 545 2558 nulla
567 2490 732 2576 excogitari
760 2492 878 2575 potest,
914 2510 969 2558 cnr
1000 2493 1067 2577 quis
1094 2494 1261 2573 addiderit,

193 2615 304 2672 eausa,-
341 2596 511 2663 Columella
534 2597 634 2662 totum
666 2597 766 2662 locum
793 2597 919 2664 literius
941 2617 959 2664 e
981 2599 1130 2665 memoria
1152 2602 1262 2669 citarit

194 2707 229 2770 et
248 2704 396 2769 mutaritr
421 2703 485 2768 vel
505 2701 577 2767 illa
598 2704 726 2784 praest
747 2702 824 2787 ing.
839 2703 898 2770 vis
919 2705 985 2770 vel
1009 2705 1262 2790 inclytarum

194 2810 340 2876 artium
361 2807 555 2874 deiecerit
577 2807 915 2889 instrumentum.)

296 2911 364 2979 lbd.
389 2913 447 2979 37:
470 2913 758 2991 laudationum,
790 2914 1050 2998 scriptionum
1073 2919 1111 2982 et
1128 2916 1263 2985 histo·

187 3018 344 3086 ‘riarum
367 3020 408 3084 et
434 3017 579 3085 talium
599 3019 840 3095 suasionum,
873 3020 1027 3103 qualern
1049 3023 1262 3089 Isocrates

192 3124 292 3190 iecit
311 3122 586 3206 panegyricum
607 3125 806 3209 multique
827 3126 915 3206 alii,
937 3129 1003 3210 qui
1026 3130 1119 3196 sunt
1140 3129 1262 3193 nomi·

194 3229 279 3297 nati
314 3229 519 3314 sophista,
564 3230 882 3316 reliquarumque
914 3251 1045 3299 rerum
1080 3233 1262 3310 formam,

194 3353 276 3421 qua
298 3335 442 3401 absunt
472 3353 492 3400 a
517 3334 669 3401 forensi
701 3336 1009 3404 contentione..
1027 3387 1044 3414 .,
1066 3358 1143 3405 non
1165 3357 1264 3404 com·

194 3442 344 3526 plectar
375 3442 444 3508 hoc
477 3443 659 3524 ternpore.
726 3442 878 3519 Verbum,
918 3442 999 3525 quod
1031 3446 1080 3509 est
1119 3445 1265 3529 emptio·

194 3568 279 3625 oum,
308 3548 381 3613 ferri
416 3566 478 3613 non
510 3565 601 3631 posse
629 3549 865 3623 annotaveram3
900 3551 1044 3614 notarunt
1077 3548 1161 3615 idem
1197 3551 1264 3616 iam

195 3652 265 3729 alii;
300 3652 355 3717 scd
375 3655 527 3734 praterea
547 3654 638 3736 paulo
666 3655 738 3737 post
758 3653 808 3718 vir
829 3654 911 3718 reete
932 3653 1107 3719 defenditur
1127 3652 1265 3739 reliquo·

192 3778 265 3818 ram
294 3775 413 3832 rerum,
450 3760 622 3842 praescrfim
647 3778 751 3821 rorum
764 3758 920 3844 foranum
948 3756 1053 3841 itaque
1080 3758 1172 3825 valde
1193 3776 1265 3826 sue·

194 3860 279 3943 picor
299 3878 336 3926 er
355 3860 410 3926 illo
430 3863 506 3942 loco,
528 3883 599 3930 curn
620 3862 771 3946 scriptum
792 3862 917 3929 fuisset:
940 3862 1264 3946 reliquarumque

192 3965 448 4049 scriptionum
469 3967 651 4048 formam,
673 3968 854 4035 vocabulum
869 3969 972 4036 nescio
995 3986 1054 4053 quo
1076 3985 1179 4034 errore
1201 3967 1263 4034 huc
