2656 5056
250 285 309 348 m
605 277 882 350 mmmm

207 481 307 547 tentia
328 478 493 546 maniisatu
506 477 662 561 pustulat:
682 479 721 542 et
750 495 833 544 cum
856 477 968 545 etiam
994 479 1211 563 Pompeius
1227 485 1268 544 cat

209 585 363 672 [Orellius
387 585 467 650 1845
489 582 614 667 item]

308 691 388 758 lbid.
416 692 438 776 ξ
466 689 523 754 20:
557 686 940 771 qnidamhcminea
976 695 1023 757 at
1055 692 1179 760 iidem
1206 693 1269 767 illi,

208 816 306 881 quus
335 816 441 880 aspa
473 793 735 879 significatio
767 813 894 879 neque
930 799 1124 880 appello.
1175 800 1269 865 datae

208 903 317 986 primm
349 921 458 969 manna
491 901 642 983 scriptura
670 920 781 968 manns
801 902 904 968 altera
927 905 1159 988 interpolando
1179 905 1269 970 adem:

209 1027 311 1092 saepe
351 1010 450 1073 nutu
493 1006 892 1091 significationeque
931 1011 1123 1094 appelle.
1186 1010 1269 1094 Nauna
1305 1098 1308 1102 Δ

208 1121 308 1180 nntn
329 1112 495 1199 significari
517 1112 680 1197 qnisquam
702 1114 735 1179 in
761 1114 893 1196 epistula
907 1118 1025 1197 puteat
1048 1137 1151 1202 nequa
1171 1117 1269 1203 signi·

208 1219 408 1286 ficaticne
439 1218 651 1303 appellari.
704 1220 889 1285 Emendatio
913 1220 1082 1289 facillima
1104 1228 1168 1291 est:
1195 1242 1269 1310 quur

209 1343 310 1408 saepe
331 1323 478 1409 significa
499 1344 625 1408 nequa
645 1325 817 1408 appello.
1203 1385 1207 1390 Α

311 1430 389 1504 ibid.
413 1431 464 1509 1v,
488 1433 516 1511 9,
539 1433 576 1497 4;
599 1431 798 1516 Denique,
825 1431 859 1497 si
888 1432 975 1498 luit
1007 1437 1148 1520 magni
1170 1438 1268 1502 animi

209 1557 285 1609 uun
307 1556 395 1603 essa
416 1538 640 1620 supplicem
664 1538 827 1614 victuri,
843 1537 1022 1615 aidane
1047 1544 1211 1626 superbi
1229 1543 1268 1608 sit

210 1643 422 1725 aspernari
446 1642 624 1709 eiusdem
647 1642 973 1717 liberalitatem.
1007 1648 1054 1710 et
1083 1648 1268 1731 sapientia

210 1755 272 1816 eet
304 1767 441 1815 carere
473 1750 624 1834 patria,
656 1750 745 1816 duri
774 1769 848 1815 uon
878 1747 1148 1831 desiderare,
1179 1756 1268 1829 etsi

209 1855 439 1939 republica
467 1857 699 1939 nonpossis
732 1856 829 1935 frui,
863 1857 1046 1922 stultum
1083 1861 1149 1925 est
1180 1860 1269 1925 nella

209 1961 380 2044 privata.
425 1961 476 2028 Sic
497 1962 590 2029 codex
612 1959 696 2028 Mad.
720 1962 814 2027 Recte
833 1963 906 2035 ante
927 1961 1147 2044 sapientia
1166 1967 1268 2032 additur

210 2066 261 2142 si;
283 2085 397 2146 vereor,
420 2086 459 2134 ne
480 2067 576 2133 simul
598 2072 669 2150 post
689 2068 893 2153 sapientis
915 2056 1128 2138 tulli'debaat
1149 2075 1217 2148 est
1235 2076 1269 2145 ut

210 2172 468 2255 quemadmodum
485 2175 557 2256 post
571 2173 659 2240 duri
678 2175 801 2240 auditur
822 2173 895 2253 sit,
918 2175 964 2240 sic
979 2175 1011 2240 in
1028 2177 1136 2259 priurc
1150 2179 1268 2244 membru

209 2276 352 2344 audiatur
373 2280 463 2346 fuit
495 2281 622 2358 Verum,
644 2282 716 2346 utut
734 2280 791 2346 hcc
805 2284 863 2356 est,
878 2279 1040 2358 mendum,
1058 2283 1144 2366 quud
1159 2286 1270 2369 apparat

209 2385 240 2448 in
272 2384 447 2451 stultum
480 2389 559 2464 eet,
592 2388 771 2464 occultatur,
805 2406 862 2453 nnn
891 2386 1018 2452 tollitur
1052 2390 1173 2457 omisso
1203 2394 1266 2461 est;

208 2508 278 2557 nam
311 2495 343 2556 et
374 2490 505 2557 stulti¹
533 2510 601 2559 sese
623 2493 763 2569 debebat,
794 2496 827 2558 ct
854 2492 922 2575 ipsa
942 2493 1096 2560 stultitiae
1116 2496 1268 2579 appellatio

207 2615 333 2680 gravem
355 2597 449 2663 habet
471 2597 613 2664 Marcelli
642 2597 848 2677 offensionem,
877 2617 945 2682 qua
968 2599 1060 2666 nulla
1083 2605 1141 2667 ant
1162 2603 1267 2669 modica

208 2708 255 2770 est
284 2705 314 2769 in
344 2703 572 2786 comparatione
601 2704 760 2787 sapientiae
789 2709 821 2770 et
849 2703 980 2769 duritiae.
1037 2705 1152 2793 Itaque
1181 2711 1266 2773 tutum
1308 2775 1309 2779 ,

206 2810 264 2876 hnc
296 2809 469 2876 stultum
502 2811 564 2875 est
595 2829 614 2876 a
647 2810 772 2876 librario
804 2810 970 2892 aucupium
1010 2817 1099 2894 putu,
1134 2815 1187 2898 qni
1217 2832 1265 2878 nnn

206 2915 391 2982 attendisset
412 2916 551 2998 copulari
575 2935 649 2981 nnn
672 2917 906 2982 desiderare
928 2920 959 2981 et
981 2917 1152 2998 nollem

306 3033 518 3112 lbid.13‚7:
546 3053 629 3117 qum
651 3035 684 3099 si
706 3033 896 3118 colliges,
918 3035 958 3099 et
979 3036 1177 3118 sperabis
1198 3057 1265 3102 cm·
1316 3065 1318 3149 4

204 3140 269 3212 uia
311 3138 461 3222 optime
504 3141 559 3216 et,
603 3159 686 3221 qum
723 3139 925 3213 accident,
960 3142 1265 3227 qualiacumque

196 3246 339 3322 erunt,
372 3245 583 3330 sapienter
616 3246 733 3310 ferae.
789 3247 883 3311 ltecta
913 3245 1028 3311 dicitnr
1058 3249 1163 3317 bene
1186 3267 1265 3333 spa·
1316 3318 1318 3339 ἶ

202 3369 308 3427 rure,
346 3370 437 3433 prava
474 3353 604 3417 omnia
639 3352 737 3417 bane
773 3369 950 3434 sperare,
995 3372 1067 3419 cum
1107 3357 1263 3440 praesertim
1317 3343 1318 3423 l

203 3459 388 3524 contrarium
411 3457 576 3523 inferatur:
610 3476 694 3541 quae
722 3457 928 3536 accident,
959 3460 1262 3546 qualiacumque

201 3566 329 3627 erunt.
392 3563 592 3631 Scribeudum
627 3565 813 3630 necessario:
851 3565 890 3628 eu
921 3568 1113 3646 sperabis
1147 3569 1264 3636 omnia

201 3669 322 3752 optima
344 3676 397 3747 et,
421 3689 503 3754 quae
524 3670 731 3749 accident,
754 3674 813 3737 cet.
848 3668 893 3735 cf.
909 3671 962 3748 Vl,
979 3672 1020 3734 13
1046 3679 1124 3739 extr.

253 3923 280 3988 ¹¹)
300 3901 379 3989 Quod
401 3926 426 3993 b,
453 3926 471 3980 ὁ
499 3926 527 3981 in
554 3927 671 3996 epistula
689 3927 776 3984 Servii
795 3927 910 3998 Sulpicii
928 3936 1126 3987 mutaveram
1154 3930 1258 3987 scriban-

301 4014 364 4069 dnm
383 4032 452 4086 esse,
480 4034 543 4073 uun
570 4035 640 4075 cum
666 4035 702 4074 re
726 4020 866 4089 publica
881 4021 1048 4079 floruisse
1064 4025 1127 4096 (pru
1145 4025 1259 4090 inisset

299 4107 378 4161 video
396 4108 450 4163 iam
463 4126 480 4165 a
493 4111 619 4166 Lambini
631 4115 794 4184 annalibus,
808 4114 906 4171 deinde
920 4132 938 4171 a
952 4117 1080 4176 Weiskiu
1092 4125 1256 4190 praecaptum
