2662 5062
468 695 500 751 1..
518 693 618 750 Seneca
636 694 696 750 de
687 711 737 752 rra.
1014 690 1095 761 '393

66 897 290 961 teneamus.
333 891 393 970 (De
413 890 464 975 §4
484 910 537 958 rao
537 893 716 960 tcHaasius
736 894 821 976 praef.
842 894 904 964 vol
916 816 1007 980 lIIp.
1018 825 1164 1029 XXal

67 1002 168 1068 ctiam
189 999 277 1064 dec
302 997 351 1077 16,
372 996 509 1064 entelli
530 998 568 1065 de
589 1001 685 1065 const
707 1001 787 1084 sap.)

171 1105 241 1171 Ibd.
266 1103 323 1183 15
354 1103 374 1167 3
397 1103 448 1188 (de
468 1106 621 1186 potestate
647 1105 805 1171 seruitutis
827 1107 884 1172 sub
905 1108 1045 1193 tyrannis
1066 1110 1137 1176 fini-

67 1211 189 1288 endae):
234 1208 537 1275 Ostendemus
527 1228 566 1275 ιι
600 1211 706 1276 omni
738 1211 930 1278 servitute
962 1218 1137 1298 apertam

65 1315 253 1383 libertati
274 1314 389 1392 riam;
412 1315 445 1386 si
465 1334 562 1401 aeger
583 1317 789 1382 animus'ct
809 1335 875 1383 sno
897 1320 997 1386 sitio¹
1019 1323 1138 1390 miser

67 1425 148 1500 est,
189 1421 278 1487 huic
311 1419 494 1491 miserias
525 1421 650 1486 finire
681 1439 807 1487 secum
840 1422 945 1490 li'cet.
989 1424 1136 1506 Imo‚.si

67 1547 153 1614 aeger
175 1527 297 1592 animus
319 1528 390 1603 est,
406 1527 550 1590 ‘mortem
578 1526 770 1593 consciscere
789 1542 851 1594 non
872 1528 981 1607 audet;
1014 1550 1080 1612 nec,
1101 1536 1138 1599 nt

67 1634 212 1701 miserias
233 1632 322 1697 bubo
350 1630 458 1709 liceat,
488 1647 616 1696 necesse
637 1633 694 1710 est,
716 1650 772 1698 sno
794 1634 869 1700 vitio
890 1635 1038 1701 misemm
1059 1656 1135 1705 essa.

68 1742 195 1825 (ltaque
217 1738 353 1811 Hessius
383 1755 454 1804 non
486 1738 559 1801 ante
586 1755 652 1802 sno
679 1735 821 1817 addidit.)
871 1738 988 1806 Seneca
1015 1742 1135 1811 miseris

69 1847 197 1913 omnino
219 1843 374 1910 libertatis
392 1844 475 1909 viam
498 1842 649 1919 cstendit;
687 1843 716 1908 si
736 1862 773 1910 ea
794 1845 841 1911 uti
861 1845 978 1926 nolint,
1000 1848 1134 1930 ipsorum

67 1970 136 2018 ease
160 1951 285 2035 culpam
312 1949 398 2016 dicit
440 1948 612 2032 Scripserat
643 1952 747 2015 autem
776 1950 835 2016 sic:
879 1949 1134 2023 Ostendemus

66 2060 103 2124 in
132 2056 243 2124 omni
278 2055 472 2121 servitute
500 2055 672 2138 apertam
700 2054 881 2121 libertati
912 2057 1027 2138 viam,
1059 2060 1136 2123 nisi

67 2181 169 2248 aeger
195 2160 350 2230 animus
372 2162 439 2225 cst.
491 2158 565 2226 Suo
586 2160 683 2226 citio
703 2162 820 2227 miser
841 2163 917 2242 est,
939 2165 999 2226 cci
1018 2164 1134 2231 mise·

67 2267 146 2333 rias
168 2266 289 2341 linire
311 2283 442 2332 secum
463 2265 571 2344 licat.
606 2266 735 2332 Excidit·
750 2268 787 2332 ni
809 2267 851 2345 (in
872 2251 963 2348 nisi)
991 2270 1063 2353 post
1085 2293 1134 2346 m;

68 2371 189 2448 deinde,
211 2372 375 2437 sententiis
398 2372 480 2438 ιιιιιι
501 2371 659 2437 distractis
680 2374 788 2438 natum
810 2376 860 2440 est
879 2374 980 2441 buin
1067 2360 1070 2361 ⁷

166 2472 236 2544 lbd.
278 2477 337 2553 23,
374 2478 394 2541 6
428 2477 479 2558 (de
514 2478 656 2561 Angusto
697 2478 752 2544 irae
789 2479 820 2545 in
852 2478 1021 2564 Timagene
1051 2483 1133 2547 tem·

68 2585 225 2665 perante):
258 2581 406 2649 Postea
427 2582 661 2666 Timagenes
681 2583 718 2647 iu
741 2584 993 2650 contubernio
1014 2587 1132 2653 Polli·

67 2693 149 2756 cuis
180 2689 314 2755 Asinii
348 2688 554 2754 consenuit
579 2707 621 2754 ac
646 2688 730 2755 tota
761 2689 924 2756 civitate
955 2690 1132 2774 direptus

67 2800 132 2865 eat
182 2796 345 2862 Nullum
367 2795 432 2860 illi
462 2794 585 2860 limen
607 2794 796 2878 praeclusa
817 2793 980 2861 Caesaris
1002 2796 1132 2864 domus
1213 2798 1216 2801 ‘

68 2902 243 2970 abstulit
276 2902 473 2968 Historias
495 2904 645 2984 postea,
667 2920 763 2984 quas
785 2902 1013 2984 scripserat,
1036 2905 1132 2968 reci·

67 3009 171 3074 tavit
192 3009 231 3074 ιι
253 3008 481 3086 combussit,
502 3008 543 3072 et
557 3007 679 3073 libros
695 3006 1132 3094 actaOaesarisAngusti

70 3114 318 3189 continentes
339 3115 377 3179 in
400 3114 527 3198 ignem
558 3113 696 3195 posuit
744 3111 886 3177 Ridicule
907 3114 1134 3199 coniunguntur

68 3222 261 3287 recitarit
289 3222 321 3286 et
347 3217 573 3297 combussit,
606 3235 734 3300 qnorum
756 3218 846 3301 prius
862 3220 997 3301 pertinet
1017 3221 1057 3286 ad
1079 3220 1133 3286 de·

70 3325 247 3400 clarandnm
268 3325 446 3392 libertatem
475 3322 592 3407 ingenii
623 3323 812 3407 proferendi,
844 3323 976 3390 alterum
998 3325 1038 3391 ad
1059 3344 1132 3392 con·

70 3432 200 3498 trariam
236 3433 371 3514 partem:
414 3448 487 3494 nam
529 3429 642 3496 alteros
684 3430 792 3507 libros,
835 3431 944 3513 quibua
979 3430 1132 3498 Caesarem

70 3537 271 3621 (Augustum)
305 3535 502 3613 laudaverat,
528 3534 626 3601 iratus
654 3534 766 3600 Caesari
795 3537 828 3600 et
853 3535 993 3603 inridens
1026 3537 1132 3621 gloriae

68 3639 130 3724 igni
153 3640 250 3715 dedit,
272 3642 305 3706 et
324 3641 390 3707 haec
409 3641 478 3723 ipsa
498 3640 648 3726 contraria
669 3644 836 3724 ponuntur,
870 3660 981 3707 novum
1003 3660 1079 3725 opus
1099 3642 1132 3707 in

69 3747 180 3832 uulgus
212 3745 329 3812 editum
362 3748 408 3826 (et
442 3746 629 3829 superfuisse
669 3748 778 3830 postea
813 3746 1029 3831 lectitatosque
1065 3766 1132 3813 esse

71 3851 216 3919 historias
248 3852 428 3937 Timagenis
457 3853 597 3930 ecimus),
630 3851 761 3917 alterum
790 3850 936 3918 deletum.
984 3855 1131 3938 Apparet,

70 3960 107 4023 et
128 3958 348 4026 combussit
381 3961 436 4024 aut
456 3961 525 4042 post
545 3956 623 4022 illud
649 3956 688 4021 in
717 3957 845 4042 ignem
873 3959 1005 4041 posuit
1030 3961 1133 4026 trans·

70 4062 229 4129 ferendum
261 4083 329 4130 essa
359 4065 414 4130 aut
445 4064 618 4130 tollendum
644 4066 790 4146 tauquam
820 4063 960 4129 additum
990 4064 1030 4129 ad
1055 4063 1133 4129 illud

74 4169 296 4252 explicandum,
320 4171 355 4235 nt
375 4169 442 4236 baec
463 4170 691 4254 relinquantur:
744 4168 943 4236 Historias
978 4170 1132 4252 postea,

73 4291 160 4355 quas
176 4277 401 4359 scripserat,
417 4276 619 4353 recitavit3
642 4275 763 4340 libros
779 4272 1038 4341 actaCaesaris
1060 4276 1132 4340 Au·

75 4381 176 4459 gusti
198 4381 446 4448 continentes
466 4384 505 4448 in
527 4383 614 4467 igne
636 4381 694 4463 (sic
715 4378 821 4465 scrib.)
844 4382 981 4464 posuit

167 4487 235 4556 Ibd.
259 4489 317 4566 27,
341 4490 376 4553 l:
420 4487 570 4567 Quanto
605 4487 738 4554 satius
774 4491 834 4553 est
869 4488 998 4554 sanari
1030 4486 1133 4552 inin·
