2678 5016
532 677 654 735 Ovidius.
866 687 871 693 ”
992 636 994 640 v
1046 689 1086 755 81

60 874 277 942 buibendun:

260 981 322 1046 Hie
345 982 427 1047 male
450 981 557 1048 dotata
580 1002 696 1067 pauper
717 991 788 1051 oum
810 987 939 1072 coniuge
960 991 1056 1070 vivit3

303 1104 430 1153 uxorem
445 1088 546 1172 facito
569 1088 676 1155 eredat
697 1090 806 1157 adesse
829 1114 927 1156 mm.

62 1192 173 1257 Facito
196 1195 242 1267 tn,
262 1195 365 1276 poeta,
388 1193 606 1275 precipiendo.-

161 1297 229 1363 lbd.
252 1297 314 1360 719
336 1296 387 1377 lde
402 1299 523 1380 seriptis
538 1299 692 1379 delendis)
715 1300 835 1367 oodiem
856 1321 916 1369 non
931 1305 1125 1391 interpolati:

169 1403 282 1469 Omnia
303 1422 384 1488 pone
404 1403 485 1468 lema
506 1423 600 1486 pones
621 1405 737 1471 invitus
761 1407 802 1484 (R
823 1407 961 1488 inhiabo)
984 1411 1016 1475 in
1037 1412 1126 1497 ignes

230 1512 263 1575 et
283 1511 348 1575 dio:
379 1509 496 1574 ardoris
517 1511 559 1577 sit
580 1528 672 1594 rogus
694 1512 754 1577 iste
775 1513 846 1589 mei,

60 1632 157 1699 equo
179 1616 235 1680 fit:
529 1703 532 1708 Α
648 1660 650 1665 ,

213 1721 326 1786 Omnia
347 1740 424 1805 poue
439 1722 511 1806 fero
533 1727 641 1803 (penos
663 1722 793 1804 invitus)
815 1724 847 1787 in
869 1723 947 1807 ipae.

62 1826 263 1892 Parenthesis
286 1845 408 1909 prorsus
430 1826 582 1892 Ouidiano
604 1845 689 1893 more
710 1828 891 1911 interposita
916 1831 973 1894 est.

161 1932 261 1999 Venio
289 1931 329 1996 ad
356 1932 561 1998 elatissimam
591 1932 694 1998 Ovidii
721 1952 817 2016 opus,
847 1935 896 1998 oui
918 1934 985 2016 ipse
1006 1954 1125 2020 quoque

61 2039 152 2124 paulo
186 2039 256 2122 plns
290 2057 382 2121 qnam
411 2040 522 2105 noteris
554 2039 594 2115 (si
626 2039 774 2121 epistolas
809 2038 967 2105 heroidum
1000 2041 1126 2124 excipio)

61 2144 156 2210 studii
178 2144 293 2220 tribui,
324 2144 623 2231 metamorphoseon
648 2144 754 2210 libros.
798 2145 835 2210 In
856 2144 894 2210 iis
917 2145 1021 2227 quales
1051 2149 1125 2214 snb·

62 2269 128 2316 esse
149 2249 272 2334 possint
293 2250 324 2314 in
349 2249 507 2326 omnibus,
534 2250 630 2315 etiam
651 2250 786 2331 optimis,
812 2250 968 2317 codicibus
989 2251 1126 2336 interpo-

59 2356 201 2435 h’dones,
222 2355 358 2421 ostendit
378 2357 571 2438 protraotum
593 2354 671 2421 illud
698 2357 802 2420 nosha
825 2355 949 2421 demum
972 2358 1065 2423 atate
1085 2358 1125 2424 ab

59 2462 196 2546 Hauptio
218 2482 237 2527 e
257 2461 452 2544 grammatici
474 2462 589 2543 scripto
610 2461 642 2525 in
656 2458 741 2526 'libro
764 2460 850 2538 VIII,
870 2461 933 2525 1237
957 2462 1120 2530 limoso...

60 2569 98 2632 ab
119 2569 207 2645 elice,
241 2584 375 2651 proquo
409 2566 613 2631 substitutum
642 2567 710 2631 erat
738 2566 778 2631 ad
810 2585 876 2632 rem
904 2567 1124 2647 absurdissime

59 2696 183 2738 maone
204 2673 245 2735 ab
266 2671 343 2734 ilice.
399 2671 499 2750 Quam
533 2673 660 2755 antique
680 2672 724 2737 sit
746 2672 840 2737 etiam
862 2671 958 2737 libera
980 2675 1012 2738 et
1032 2674 1124 2757 longe

58 2798 221 2866 progressa
242 2776 449 2859 interpolatio,
478 2777 614 2842 ostendit
640 2776 752 2842 oodiois
774 2776 972 2843 Laurentiani
994 2796 1057 2843 seo.
1078 2776 1125 2841 XI

59 2885 95 2965 [L
109 2884 196 2968 apud
206 2882 408 2957 Merhehum)
421 2899 491 2946 oum
506 2883 610 2947 oodioe
622 2881 778 2947 Marciano
792 2881 852 2961 (hl)
866 2883 1035 2958 eontentio;
1050 2901 1124 2947 nam

58 2987 1124 3075 hunooeterislongepraestareintegritatopostHeinsiumMerkelius

57 3096 219 3163 intellexit.
268 3095 390 3161 Oodieia
410 3094 436 3158 L
461 3112 529 3159 eam
558 3096 691 3176 partem,
713 3110 809 3175 quum
828 3091 949 3157 Keihus
970 3110 1031 3157 non
1053 3110 1125 3158 eon·

56 3204 171 3271 tnlerat
192 3200 323 3276 (alibro
336 3197 383 3264 IX
395 3199 435 3265 ad
448 3197 518 3271 ΧΠ,
540 3198 594 3263 uhi
615 3197 753 3280 desinit),
775 3198 841 3280 ipse
853 3216 881 3262 a.
899 3195 980 3258 1869
995 3197 1124 3265 contuli.

155 3309 194 3373 In
228 3307 327 3390 primo
365 3305 444 3370 libro
481 3304 559 3369 nihil
599 3302 772 3369 oonieotura
807 3300 985 3378 emendum
1017 3302 1124 3387 itaquo

58 3420 180 3492 tantum
201 3412 366 3487 annotabo,
388 3431 417 3475 v.
431 3408 493 3473 663
515 3408 722 3475 emeliorihus
745 3408 903 3475 oodioibus
918 3406 1122 3471 revocandum

58 3540 120 3588 mse
141 3518 301 3589 moretm
322 3535 414 3600 prave
435 3516 530 3590 enim,
553 3534 623 3580 eum
645 3513 717 3580 inde
740 3534 759 3579 a
780 3533 810 3578 v.
833 3511 895 3575 653
920 3511 1028 3576 lnaohi
1049 3531 1123 3595 quo·
1173 3498 1176 3503 ’

58 3629 124 3693 rela
162 3623 296 3697 fuerint,
340 3620 503 3687 subiicitur
534 3620 585 3684 de·
605 3621 639 3686 lo
672 3619 749 3682 tolia
779 3626 961 3681 merentem.
1029 3617 1124 3694 (Nam

10 3789 11 3800 2
59 3733 207 3800 menum
229 3729 333 3812 Argus
353 3726 535 3792 submovero
565 3744 625 3791 non
651 3725 778 3809 potuit.)
824 3721 926 3787 Verba
946 3723 1051 3787 autem
1079 3723 1124 3789 sio

10 3842 11 3849 ’
62 3838 228 3905 eohaerent:
264 3832 352 3899 'falia
390 3832 534 3896 moerenti
566 3831 648 3914 patri
684 3831 787 3914 Argus
820 3827 980 3894 submovet
1016 3828 1123 3893 natam

63 3947 257 4028 nepmmque
279 3939 399 4003 diversa
421 3938 455 4002 in
476 3953 591 4018 pasena
611 3935 771 4001 abstrahit.
819 3931 922 3996 Etiam
971 4008 974 4014 Ι

12 4078 13 4081 “
154 4051 198 4129 ΙΙ,
216 4047 277 4111 153
291 4063 308 4109 e
323 4042 478 4109 codicibus
492 4041 687 4107 scribendum
701 4041 758 4114 est,
772 4037 904 4104 rectiore
916 4037 1119 4120 copulatione:

190 4156 316 4220 Interea
335 4149 472 4214 volueres
496 4148 603 4232 Pyrois
625 4150 657 4212 et
677 4147 759 4229 Eous
781 4147 814 4208 et
837 4142 962 4208 AEthon.

232 4261 271 4325 In
295 4254 479 4322 editionibus
501 4253 592 4346 prius¹
607 4263 633 4315 et
655 4250 819 4318 omittitur.

157 4367 196 4444 Π,
219 4364 282 4427 774
303 4361 405 4427 editur
427 4359 627 4441 pravissime:

125 4471 271 4556 ingemuit
293 4465 441 4549 (Invidia)
463 4449 643 4546 vultumque
664 4460 729 4525 deae
750 4459 790 4525 ad
812 4456 943 4540 amphio
958 4454 1054 4519 duxit.

111 4575 214 4612 nomen
225 4578 305 4612 uma.
319 4573 370 4608 cua·
393 4569 415 4606 ¹¹.
905 4569 920 4611 b
