2580 5054
240 299 282 360 50
483 295 545 350 Lib.
564 296 585 351 Ι.
605 294 670 364 Cep.
689 295 739 349 lll.
776 296 999 351 Demosthenes,

199 495 296 561 iuberi
318 488 472 581 α’ναιρεῑν
493 490 535 560 ἰα’
558 494 671 580 yeppes,
706 497 741 558 ut
772 493 811 558 iis
844 496 984 560 remotis
1015 514 1141 562 vacuum
1169 495 1234 558 ionn

198 602 389 683 liberumque
422 600 557 685 spatium
589 602 702 685 populo
737 601 855 681 pateat,
891 603 979 684 quod
1015 605 1049 668 et
1075 621 1121 680 ea,
1146 622 1198 685 qna
1212 601 1251 687 le¹

199 707 326 775 consilio
360 711 404 775 rei
436 709 651 787 subiiciuntur,
684 708 860 791 significent
889 711 923 772 et
959 728 999 774 er
1034 717 1112 776 orat.
1143 711 1183 781 18,
1202 708 1236 769 iil

199 815 396 899 perspicitur;
426 835 614 899 quamquem
642 814 684 879 ibi
707 815 862 898 prytanea,
887 817 923 878 ut
945 817 1053 881 forum
1077 818 1175 898 pateat
1191 835 1237 879 ue
1251 823 1254 904 [

199 922 276 988 tioni
306 940 372 987 cras
398 922 557 994 habende,
585 915 626 1004 cc*
650 923 748 1006 γέῤῥα
780 939 840 984 non
868 921 973 986 solum
1002 924 1127 993 tollunt
1153 921 1237 986 sadiu

199 1028 345 1095 cendunt.
401 1029 517 1094 Eodem
540 1031 670 1110 spectat,
692 1028 773 1112 quod
795 1026 834 1091 ad
857 1029 1048 1112 suffragium
1072 1030 1191 1111 populns
1206 1026 1238 1091 al

199 1136 283 1201 mitti
315 1135 449 1210 iubetur,
482 1137 647 1227 antequem
680 1133 828 1218 peregrini
863 1133 918 1198 die
954 1136 1142 1215 procedente
1174 1136 1238 1198 lemn

200 1241 359 1321 impleant.

652 1525 738 1606 Gap.
761 1524 818 1587 lV.

654 1678 810 1734 Athenaeus.
919 1696 924 1702 ·

299 1831 448 1899 Athenaei
470 1833 767 1917 Δειπνοσοφιστών
798 1830 891 1896 libros
925 1852 999 1896 cum
1037 1841 1139 1912 anteo,
1170 1839 1199 1896 ut
1221 1830 1242 1893 il

197 1937 230 2002 in
253 1938 311 2002 iali
332 1956 431 2019 opere.
453 1938 583 2021 sparsim
605 1941 727 2003 tantum
749 1936 937 2020 attigissem,
962 1940 1061 2004 editis
1083 1934 1242 2004 adversariis

201 2043 323 2110 Oritiois
345 2043 426 2108 totos
452 2046 652 2128 perlegendos
678 2043 804 2127 sumpsi,
827 2045 861 2107 ut
884 2047 915 2108 et
938 2048 1120 2112 universam
1145 2048 1243 2110 lernau

200 2149 496 2234 descriptionemque
518 2151 689 2218 accuratius
712 2162 927 2233 cognoscerem
951 2155 993 2228 et,
1011 2153 1131 2235 siquid
1150 2152 1241 2222 lateret

199 2274 257 2340 qno
289 2255 321 2320 in
355 2255 426 2321 aliis
459 2258 571 2325 studiis
606 2257 650 2323 uti
683 2275 816 2339 possem,
850 2258 1028 2339 reperirem.
1084 2259 1158 2338 Quae
1177 2259 1242 2321 inea

197 2361 330 2441 lectione
358 2363 496 2428 subuatae
524 2370 594 2429 sunt
621 2364 862 2448 fragmentorum
890 2366 1087 2446 quorundam
1111 2367 1241 2448 poetaram

198 2467 375 2534 Graecorum
398 2470 637 2544 emendationes,
667 2489 730 2549 eas,
753 2471 903 2552 quatenus
924 2477 980 2535 eut
1004 2475 1102 2537 certae
1124 2474 1175 2537 aut
1193 2486 1241 2551 pro

197 2573 316 2641 habiles
339 2574 531 2648 videbantur.
560 2581 670 2660 praeter
692 2595 803 2659 paucas
826 2577 856 2640 in
880 2576 958 2641 libro
982 2580 1146 2646 memoriae
1166 2572 1241 2642 Carol

198 2680 300 2747 Graux
322 2681 471 2767 philologi
494 2682 577 2749 Galli
599 2685 648 2766 pie
672 2684 811 2749 dedicato
840 2681 922 2748 edidi
950 2686 1048 2767 atque
1082 2686 1162 2761 inde,
1187 2699 1241 2766 que

196 2790 280 2854 niam
303 2789 446 2872 exiguum
469 2790 602 2872 spatium
624 2791 780 2873 occupant,
802 2789 863 2854 huc
876 2789 1035 2855 transtuli.
1082 2792 1127 2856 lix
1148 2786 1241 2861 cahat

197 2914 265 2978 quae
298 2896 353 2958 aut
384 2895 415 2958 in
448 2913 543 2977 prosae
571 2896 718 2961 orationis
746 2896 927 2977 scriptorum
952 2898 1139 2978 fragmentis
1160 2892 1241 2961 auth

195 3001 292 3083 ipsius
316 3000 458 3067 Athenaei
481 3001 580 3066 rerhis
603 3003 727 3079 correxi,
751 3021 857 3086 pauca,
889 3020 957 3084 quae
984 3010 1040 3066 aut
1063 3009 1185 3086 propter
1202 3017 1242 3063 res

196 3126 264 3191 quae
297 3108 499 3192 attinguntur,
533 3111 587 3172 eut
617 3111 742 3190 propter
773 3110 870 3191 ipsam
904 3109 1109 3175 correctionis
1138 3111 1241 3174 forman

196 3216 286 3299 paulo
313 3213 498 3280 notabiliora
527 3215 677 3289 videntur.
701 3215 753 3280 hic
772 3215 978 3296 interponam,
1001 3216 1131 3300 reliquis
1152 3214 1244 3280 brevis

196 3322 272 3386 eima
293 3319 326 3383 in
349 3320 518 3404 marginem
542 3322 697 3407 coniectis.

294 3461 330 3532 P.
352 3465 371 3526 h
394 3461 414 3526 d
437 3461 566 3529 Casaub.
590 3466 633 3537 (in
658 3465 795 3530 versibus
817 3462 959 3528 Platonis
982 3466 1126 3542 comici):

279 3563 498 3644 πουλύποδος
520 3566 649 3657 aleuas)
673 3565 749 3638 δ’ἆν
772 3573 844 3638 ἐπεὶ
869 3564 963 3659 λήψῃ
988 3566 1079 3636 καται
1103 3563 1220 3658 καιρόν,

278 3672 369 3758 ἑφθή
392 3677 453 3760 τῆς
475 3669 596 3763 ὀπτῆς,
620 3676 664 3765 ἢν
687 3671 710 3770 ᾖ
731 3679 868 3765 μείζων,
892 3676 983 3745 noir)
1008 3683 1179 3765 κρείττων.

195 3803 383 3868 Particulam
414 3801 457 3871 ἅν
490 3810 561 3876 ierri
593 3830 655 3879 non
688 3828 778 3894 posse
812 3807 986 3875 Dindorfins
1016 3812 1194 3884 annotavit
1221 3821 1251 3869 ea

194 3908 275 3973 unde
297 3913 365 3974 orta
386 3912 435 3982 sit.
457 3918 626 3996 apparebit,
650 3918 676 3982 ai
696 3916 865 3982 attenderis
879 3915 938 3982 hoe
955 3934 1017 3981 uno
1031 3916 1102 3984 loco
1119 3904 1250 3993 πλεκιὴν

194 4014 351 4097 appellari,
386 4036 454 4100 quae
485 4019 559 4085 alibi
592 4042 713 4107 semper
745 4015 919 4106 πλεκτάνῃ
956 4024 1140 4106 appelletur
1161 4025 1192 4090 et
1208 4020 1252 4086 de·

193 4120 344 4188 minutiae
367 4117 585 4194 cieucc'moa.
635 4129 837 4195 Scribendum
859 4130 969 4214 igitur:
