2626 5070
435 707 623 765 Inoerh‘Bell.
643 707 755 779 Hispan.
1024 707 1084 772 291

51 930 126 977 noe
150 907 356 993 depellant
377 905 566 1009 quitelis.
609 903 738 971 Fnemt:
847 905 1052 992 Pompeius
1072 919 1123 990 ot,

54 1016 234 1102 quamvis
258 1022 396 1096 magna
416 1009 668 1076 multitudine
701 1012 884 1107 adducta,
911 1018 1030 1097 panor·
1057 1014 1128 1081 ho·

55 1115 465 1187 mines...defendere
486 1119 653 1199 possent.
699 1116 872 1215 subeunt
891 1118 928 1183 in
961 1120 1127 1191 adventu

56 1229 184 1290 nostri
215 1220 489 1308 depelleretque
524 1223 628 1289 telis.
672 1223 708 1288 In
729 1223 778 1298 iis,
799 1239 867 1308 qum
888 1227 1025 1308 proxime
1048 1246 1127 1310 pre·

57 1331 185 1408 eodum
208 1330 338 1420 sulplslis
371 1330 514 1413 qnettuor
545 1328 657 1407 verbis,
691 1347 758 1412 qnae
790 1330 872 1397 mole
892 1332 1023 1416 repetita
1041 1336 1126 1413 sunt,

57 1437 213 1521 mliqnum
235 1435 381 1502 mendam
401 1432 526 1500 residet.
674 1439 677 1442 ’
897 1479 901 1487 .

162 1647 213 1711 Ad
235 1645 381 1713 Sallasdl
416 1645 585 1715 catilinam
620 1649 675 1712 ant
704 1646 897 1731 Iugurtham
928 1648 1126 1731 perexiguum

60 1753 175 1826 habeo,
198 1751 278 1835 qood
299 1751 463 1834 proferam,
484 1753 565 1828 novi,
587 1770 655 1829 neo,
684 1753 711 1818 si
733 1752 805 1836 qnid
828 1770 864 1817 ex
885 1752 934 1826 iis,
967 1771 1034 1836 quoe
1053 1754 1128 1820 olim

59 1861 102 1941 (a.
139 1857 236 1936 1837)
270 1875 329 1922 non
368 1851 468 1923 molta
498 1877 568 1924 enm
602 1857 761 1925 Boiesenio
798 1857 1037 1936 communicavi,
1066 1878 1127 1925 non

58 1967 144 2029 recte
164 1963 341 2047 neglectum
364 1961 494 2040 videtur,
516 1972 586 2030 eam
606 1983 672 2030 rem
687 1981 768 2028 nune
790 1962 898 2029 multis
919 1981 1022 2048 egem,
1042 1966 1129 2031 volnt

59 2070 92 2134 in
116 2067 210 2135 catil.
234 2086 261 2133 o.
284 2067 324 2131 22
345 2086 440 2151 prave
460 2068 523 2137 illis
555 2069 755 2154 apernisse
786 2067 994 2134 consilinm
1017 2088 1127 2136 soom

58 2174 188 2258 adiungi
211 2191 272 2239 non
293 2174 389 2258 ipsios
412 2174 553 2241 Catilina
587 2174 827 2242 deelarslionem
850 2174 968 2240 consilii
990 2182 1044 2253 (eo
1065 2175 1128 2243 ie·

61 2282 187 2356 risse),
224 2280 295 2358 eod,
330 2280 511 2364 interposita
532 2281 649 2365 oopola,
670 2280 827 2363 seriptoris
850 2280 888 2346 de
911 2281 1037 2347 oonsilio
1056 2301 1128 2349 nar·
1230 2362 1234 2369 ‚

59 2385 214 2451 rationem
235 2388 369 2473 (atque
392 2404 433 2451 eo
454 2386 624 2465 lesisse);
660 2386 763 2470 itaque
791 2385 963 2453 necessario
995 2407 1012 2453 e
1044 2389 1129 2455 oodi·

61 2509 132 2557 enm
154 2492 340 2574 optimorum
363 2492 502 2575 vestigiis
535 2493 664 2574 (atque
693 2509 736 2557 eo
757 2491 949 2558 dictitare
969 2494 1130 2576 iecisse)

62 2582 257 2664 efficiendum
295 2615 362 2663 esse
393 2597 518 2662 verbum
551 2595 695 2663 Ostilinoe
729 2597 904 2663 'orationem
943 2598 1129 2682 significans,

62 2705 97 2768 nt
140 2701 327 2778 Sallustius,
378 2703 452 2786 qnid
495 2702 549 2768 ille
593 2701 720 2776 dixerit,
764 2706 868 2768 narret
911 2705 1042 2788 (atque
1086 2723 1129 2772 eo

64 2809 212 2871 discisso
232 2827 311 2870 eom
332 2829 410 2871 rem
430 2808 572 2874 lesisse
592 2810 648 2873 aut
668 2807 771 2873 simile
792 2807 894 2891 qnid);
916 2809 948 2873 in
973 2810 1130 2894 Iugurthae

64 2917 167 2980 entem
191 2931 218 2979 o.
240 2913 282 2975 47
304 2931 444 2996 perverse
466 2932 545 2979 serae
567 2913 724 2995 scriptura
745 2931 764 2978 a
784 2932 835 2979 me
858 2915 1048 2996 monstrata,
1075 2915 1132 2983 sed

65 3024 135 3085 ente
157 3019 199 3083 ab
226 3018 337 3086 Ursino
369 3019 647 3102 (frequentiam
680 3021 932 3085 morosiorem
968 3024 1009 3087 et
1036 3043 1129 3085 cono

64 3134 189 3188 meato
210 3128 436 3189 invaseram
465 3124 678 3189 exereitum
712 3127 752 3188 et
781 3124 856 3190 iam
888 3127 1038 3209 paratis
1067 3145 1129 3192 re-

64 3229 137 3298 bus
160 3232 402 3297 munimento
434 3231 528 3310 fore)
555 3229 714 3313 praeletam
737 3247 806 3295 esse
828 3248 908 3310 eam,
942 3251 1010 3316 qnos
1030 3251 1129 3317 neque

65 3335 170 3404 mendi>
193 3337 343 3422 originem
373 3327 520 3402 ostendet
551 3338 584 3401 et
606 3334 736 3419 dnpliois
763 3334 907 3403 utilitatis
929 3338 1131 3424 significatio·
1218 3413 1226 3419 ,

66 3461 133 3509 nem
155 3441 249 3508 tollat
269 3444 302 3508 et
322 3459 476 3508 somniem
498 3441 658 3506 sententie
682 3440 868 3524 pravitatem
898 3441 1021 3522 hebeat,
1054 3462 1130 3527 quo-

65 3550 146 3615 ninm
180 3548 250 3615 sola
281 3548 439 3613 hominnm
469 3545 651 3630 frequentia,
683 3562 744 3611 non
765 3551 1004 3626 eommeetnnm,
1037 3549 1130 3615 rebus

52 3637 180 3737 ¹peratis
203 3655 394 3720 munimento
426 3670 495 3719 osse
523 3653 660 3734 poteret;
693 3669 765 3718 nam
795 3672 821 3717 o.
850 3654 910 3716 110
932 3654 983 3736 qni
1003 3671 1130 3737 persua·

67 3777 169 3827 mrnm
204 3778 271 3826 me
292 3758 415 3826 amdam
451 3757 623 3824 hominibus
656 3757 828 3840 simplicem
860 3759 1024 3825 veritatem
1061 3780 1130 3826 am·
1208 3843 1212 3847 ,

66 3866 158 3950 pleoti
179 3884 240 3932 non
264 3864 457 3939 audentibus,
491 3866 527 3929 ut
558 3863 838 3947 antiquissimorum
867 3864 1008 3930 oodionm
1031 3867 1127 3949 serip-

67 3974 167 4040 loram
211 3971 379 4057 sequantur
414 3971 550 4049 (fuerit
580 3969 675 4034 mihi
714 3969 869 4053 egnisse
916 3970 1128 4052 aliqnando

68 4077 236 4157 pretinm
258 4081 336 4141 tnae
359 4074 566 4152 amicitia,
587 4071 644 4140 hoe
665 4078 724 4153 est,
746 4093 782 4140 eo
804 4074 846 4140 sit
866 4077 972 4158 empta
992 4075 1130 4142 amicitia

69 4182 119 4246 loa
139 4181 247 4265 pretio,
269 4180 490 4264 utaliquando
512 4180 672 4266 memmi,
692 4178 796 4243 inanis
817 4177 948 4244 artifieio
962 4179 1130 4246 adiiciant?

72 4282 175 4370 llaqne
195 4286 244 4354 his
266 4286 390 4353 omissis
411 4305 491 4353 nono
512 4287 646 4371 primum
668 4282 768 4348 dioam

166 4391 263 4459 dedi.
275 4405 303 4457 o.
317 4393 366 4472 14,
389 4392 420 4469 6,
434 4392 489 4459 nbi
504 4391 619 4457 editor:
641 4389 835 4475 postremo
857 4406 981 4473 neque
998 4409 1129 4475 sump-

76 4492 128 4558 tni
147 4496 488 4582 neqae'modestiae
510 4516 584 4563 sose
604 4512 789 4580 peroere,
823 4494 909 4561 dnm
936 4496 1040 4564 illos
1062 4499 1130 4565 ob·

877 4602 926 4654 no*
