2678 5016
260 312 319 375 106
619 310 679 368 Lib.
698 312 746 367 VI.
765 309 830 381 Cap.
842 303 881 367 11.

302 508 377 574 Inde
399 509 491 574 deum
514 509 656 585 colimus,
679 507 865 590 devectaque
889 523 976 571 sacre
997 505 1136 589 Pelasgis

344 612 471 679 Flamen
493 612 592 675 odluuo
613 613 713 696 prisco
727 630 819 677 ,moro
842 611 941 678 Dialis
962 611 1032 674 odd.

211 762 219 776 a
318 719 380 794 ΙΙΙ,
406 719 481 782 124:

353 823 414 889 Seu
448 823 519 905 quie
551 823 598 888 bis
633 827 724 908 quino
757 825 870 890 femine
902 838 1006 886 mense
1028 820 1118 901 parit.

217 929 287 995 Non
310 929 409 1013 magis
431 928 489 994 hoc
518 928 678 993 ferendum
705 935 778 1013 puto
807 949 900 1014 quam
928 928 1003 989 deno
1031 946 1130 987 mense
1151 945 1207 1008 pro
1231 926 1284 987 de-

219 1035 306 1108 cimo,
328 1034 597 1117 reponendnmque
621 1035 665 1096 bie
684 1036 797 1119 quirico,
824 1036 859 1099 ut
880 1034 933 1108 VI,
956 1032 1016 1095 768
1039 1031 1196 1096 scribitur:

368 1137 500 1218 Quartus
523 1140 561 1204 sb
584 1142 719 1206 extremo
741 1158 846 1205 rnense
868 1139 916 1204 bis
938 1137 991 1202 ille
1013 1136 1086 1201 dies.

317 1243 384 1308 lbd.
408 1242 469 1307 208
502 1244 547 1328 (in
579 1246 700 1311 Sabinae
723 1244 804 1327 apud
825 1244 959 1327 reliquas
981 1241 1110 1306 Sabinas
1134 1240 1282 1307 Romanis

218 1351 330 1432 nuptas
352 1348 486 1423 vertier:
890 1352 891 1356 ’

215 1446 218 1451 ’
417 1452 484 1518 Non
506 1455 587 1519 ultra
607 1455 691 1519 lente
713 1460 876 1536 possumus
900 1471 965 1518 esse
989 1452 1053 1535 pise.

216 1559 321 1642 Neque
352 1558 426 1622 leuce
452 1559 526 1642 pius
547 1560 629 1624 recte
659 1559 781 1637 dicitur,
813 1576 927 1640 noque,
962 1556 988 1622 si
1015 1556 1185 1635 diceretur,
1224 1555 1281 1621 hoc

217 1663 391 1748 negandum
414 1662 535 1729 Sabinae
559 1668 659 1739 esset,
688 1684 778 1747 posse
800 1684 833 1729 se
855 1663 1001 1746 pietatem
1023 1662 1106 1726 lente
1129 1679 1280 1738 exercere,

218 1770 272 1834 sed
282 1769 349 1846 hoo,
372 1787 459 1851 posse
481 1787 514 1834 se
527 1770 592 1835 sine
603 1771 761 1854 impietate
778 1771 877 1835 lentas
890 1788 967 1844 esse,
988 1766 1072 1832 lento
1095 1770 1127 1832 ot
1152 1768 1283 1849 patienti

218 1874 320 1940 unimo
341 1874 455 1938 bellum
477 1877 598 1957 patrum
628 1878 659 1941 et
688 1875 869 1944 maritorum
904 1876 1052 1957 spectare.
1111 1872 1284 1954 Scripserat

218 1979 324 2061 poeta:

417 2081 487 2147 Non
509 2084 590 2147 ultra
614 2083 700 2147 lentes
721 2104 882 2167 possumus
905 2103 971 2149 esse
992 2084 1051 2167 pie.

320 2187 385 2252 Ibd.
410 2187 489 2251 451:

260 2292 401 2359 Creditur
422 2294 472 2358 hio
493 2293 654 2377 (Pegasus)
678 2316 763 2361 oaesae
785 2295 912 2379 gravida
933 2294 1048 2360 cervice
1071 2290 1210 2358 Medusae

303 2399 455 2484 Sanguine
478 2400 624 2483 respersis
646 2401 824 2483 prosiluisse
842 2400 932 2466 iubis.

216 2505 355 2571 Ridicule
378 2505 478 2569 cervix
499 2503 626 2588 gravida
648 2505 768 2584 dicitur,
790 2525 847 2570 non
870 2504 1010 2583 Medusa,
1032 2523 1126 2588 prave
1150 2501 1284 2569 Medusa

213 2597 308 2689 cesa,
330 2628 390 2675 non
414 2610 524 2675 cervix.
572 2610 790 2676 Scribendum:

252 2790 256 2794 ὁ
574 2737 659 2778 ἲοαῑθα
681 2716 819 2800 pravidos
841 2715 960 2781 cervice
982 2715 1128 2780 Medusae.

318 2819 384 2884 lbd.
408 2820 470 2883 500
491 2820 532 2899 (in
555 2820 699 2886 Ariadnae
721 2821 881 2904 querelis):

368 2925 521 3008 Ceporunt
542 2928 673 2992 matrem
696 2926 822 2991 formosi
844 2944 957 2991 cornua
978 2926 1068 3001 uun,

396 3050 445 3095 me
467 3032 531 3095 tua.
556 3034 587 3095 et
608 3032 658 3096 hic
680 3030 774 3106 leedit,
797 3031 849 3096 ille
871 3030 1030 3114 pudendus
1052 3048 1147 3094 amor.

217 3134 267 3199 Sic
299 3134 463 3200 Merkelius
501 3134 597 3200 edidit
629 3155 699 3200 curn
734 3136 837 3212 obelo,
870 3154 961 3201 versu
983 3134 1093 3200 vitioso
1123 3134 1167 3213 (in
1190 3134 1282 3200 serbo

219 3239 329 3318 loedd),
368 3240 521 3305 sententia
550 3260 643 3323 prava
676 3240 855 3319 (dicendum
884 3241 967 3305 enim
995 3243 1061 3305 erat
1089 3255 1115 3301 et
1144 3238 1283 3304 tio...et

217 3342 277 3421 ilde,
299 3347 331 3408 et
352 3343 489 3410 eiusdem
504 3346 625 3429 generis
649 3345 789 3409 dicamur
811 3365 878 3411 esse
898 3365 1026 3420 amores,
1045 3330 1123 3429 ¹quos
1141 3363 1283 3427 separare

217 3449 351 3515 Ariadne
373 3450 451 3515 vello
474 3449 585 3526 debet),
615 3452 722 3514 eontra
749 3450 896 3515 indicium
919 3451 1072 3525 codicum,
1100 3450 1282 3532 inquorum

216 3555 330 3637 optimo
354 3556 402 3619 est
422 3575 469 3614 mc
489 3554 554 3614 uiui
578 3571 605 3615 ec
627 3553 731 3635 dedit,
767 3557 798 3620 in
832 3557 942 3621 ceteris
975 3556 1046 3619 hinc
1077 3577 1125 3617 me
1152 3556 1237 3618 iuoot
1258 3566 1283 3618 ei

218 3658 307 3723 ledit.
348 3658 483 3742 Longius
510 3660 614 3723 tumen
637 3660 720 3736 abit,
757 3661 835 3744 quod
868 3660 1014 3725 Heinsius
1037 3661 1282 3727 commendavit:

217 3786 264 3826 me
286 3774 347 3826 ssa.
391 3764 433 3825 Aa
455 3762 501 3826 so
517 3743 613 3826 'uude
632 3775 682 3839 er,
705 3766 756 3828 ere
771 3789 807 3850 p.
830 3789 858 3833 a.
903 3766 1002 3831 Mure
1025 3766 1124 3832 lenius
1147 3767 1212 3832 esa:

416 3890 465 3934 me
488 3880 548 3934 tua.
597 3870 636 3932 Te
658 3871 759 3945 eodm
782 3873 835 3936 ille
856 3892 887 3955 p.
909 3892 948 3947 8.,

217 3974 273 4039 hoc
294 3978 356 4039 est:
386 3973 535 4040 Iniuriam
561 3976 619 4041 tibi
640 3977 705 4060 ipse
726 3976 812 4055 fecis,
834 3996 904 4042 curn
927 3996 1030 4042 meum
1053 3994 1187 4041 amorem
1212 3995 1281 4041 curn

217 4079 357 4162 pudendo
401 4079 453 4144 illo
491 4099 648 4163 comparas
685 4083 716 4146 et
752 4082 879 4165 spernis.
958 4082 1028 4148 Non
1067 4082 1281 4148 animadversa
