2580 5054
477 704 589 759 Homeri
608 704 680 760 llius.
1053 704 1071 766 7

40 923 97 968 eas
132 901 325 980 conficerent,
359 903 589 985 comparaverit.
646 901 706 968 Sed
738 902 830 985 longe
863 901 1025 967 molestius
1055 906 1114 978 est,

37 1008 129 1093 -qnod
152 1008 296 1079 narratio,
319 1008 418 1091 qualis
440 1026 520 1073 nuno
542 1007 682 1091 traditur,
698 1008 857 1090 perspicue
872 1008 969 1089 poetas
986 1007 1112 1073 consilio

45 1117 262 1199 propositoque
291 1115 451 1200 repugnat.
499 1115 627 1180 Hecuba
649 1114 722 1191 dee,
752 1112 833 1197 qnod
855 1111 1110 1196 pretiosissimum

46 1222 334 1304 studiosissimeque
376 1221 568 1287 reconditum
604 1221 700 1286 habet
736 1222 958 1293 ornamentum.
1000 1220 1114 1286 donum
1145 1306 1151 1313 .

45 1330 143 1395 offert.
187 1329 262 1394 Haec
283 1330 387 1393 autem
404 1328 540 1393 muueris
554 1326 735 1409 prestantia
748 1344 963 1410 summumque
978 1326 1111 1409 pretium

44 1437 75 1500 in
100 1455 137 1501 eo
158 1436 291 1518 ponitur,
315 1433 397 1517 quod
420 1434 523 1517 ipsum
553 1451 623 1499 cum
654 1434 763 1499 ceteris
786 1432 923 1498 restibus
946 1432 1111 1526 reconditis

28 1526 194 1626 ¹singulari
216 1560 288 1607 casu
310 1560 346 1605 ea
368 1538 535 1624 longinqua
556 1546 638 1605 terra
662 1538 790 1605 allatum
806 1540 858 1613 sit,
874 1539 956 1605 uude
972 1540 1109 1605 eiusdem

43 1649 166 1733 generis
185 1648 246 1714 aiia
267 1666 325 1712 non
349 1645 437 1713 facile
460 1648 572 1713 arcessi
595 1646 731 1731 possint;
754 1646 948 1711 imminuitur
971 1665 1111 1730 prorsus·

34 1775 104 1840 wque
127 1755 246 1821 tollitur
269 1753 339 1818 doni
361 1755 503 1835 pretium,
524 1751 552 1816 si
575 1751 871 1818 huiusmodiuestes
894 1753 924 1818 in
948 1754 1014 1837 ipsa
1034 1744 1110 1820 urbe

41 1863 217 1928 Troianae
241 1859 419 1925 mulieribus
443 1878 477 1923 eo
500 1858 637 1924 advectis
653 1857 859 1926 conficiantur.
907 1859 1010 1925 Pauca
1025 1879 1110 1942 quae-

41 1971 113 2034 dam
147 1968 238 2039 huius
267 1965 430 2048 singularis
463 1967 556 2048 atque
590 1964 729 2030 Troianis
761 1965 874 2048 ignote
907 1966 983 2031 artis
1016 1984 1109 2050 opera

31 2075 164 2141 ‘Troiam
188 2072 282 2137 allata
304 2091 371 2137 esse
394 2073 629 2154 oportetatque
651 2072 690 2137 ab
707 2071 831 2138 Hecuba
853 2073 890 2138 ob
912 2074 1010 2154 ipsam
1031 2074 1108 2139 rari-

40 2183 150 2258 tntem‚
174 2178 314 2262 quodque
337 2176 421 2242 nulla
446 2195 550 2242 eorum
574 2176 844 2259 comparandorum
867 2180 1040 2245 communis
1061 2181 1106 2246 fa·

38 2287 142 2354 cultas
164 2286 214 2358 sii,
237 2284 396 2350 carissimu
418 2283 523 2349 haberi
546 2301 727 2366 summaque
750 2303 823 2350 cura
843 2285 968 2352 servari.
997 2287 1105 2371 ltaque

27 2394 78 2460 ab
113 2393 180 2475 ipso
213 2401 313 2473 poeta
338 2410 386 2457 res
419 2390 507 2456 aliter
541 2391 662 2456 narrata
690 2392 764 2466 erat
786 2392 832 2457 ita
854 2395 966 2473 tamen,
990 2397 1025 2458 ut
1045 2413 1107 2461 uua

34 2503 161 2566 tautum
185 2499 290 2563 littere
322 2496 365 2571 id,
399 2497 480 2580 quod
513 2516 592 2563 nunc
624 2498 779 2573 scribitur,
817 2519 834 2563 a
870 2500 970 2581 prima
1008 2501 1107 2567 forma

34 2603 212 2672 deflexerit:

123 2729 199 2813 ἔνθ)
221 2743 302 2812 ἔσαν
324 2751 355 2812 οί
379 2748 515 2818 πέπλοι,
539 2745 755 2830 παμποίκιλα
778 2743 860 2832 ἔργα
882 2749 1054 2833 γυναικών

124 2854 299 2931 Σιδονίων,
322 2847 417 2926 roric
440 2845 544 2925 ον’τδς
566 2845 786 2938 Ἀλέξανδρος
808 2848 968 2939 θεοειδής

120 2957 227 3047 ἤγαγε
251 2959 460 3045 Σιδονίηθεν
483 2985 509 3024 ιι.
531 2984 560 3025 a.
584 2960 612 3024 λ.
692 2985 694 2994 ’

22 3101 301 3182 Quemadmodum
324 3102 450 3166 minima
479 3099 694 3183 facillimoque,
723 3102 759 3165 ut
786 3099 930 3167 Plautino
956 3100 1102 3168 uocabulo

32 3213 116 3282 utar,
140 3208 340 3291 incogitantia
361 3208 526 3290 obrepente
548 3225 713 3288 pronomen
737 3208 775 3273 ab
797 3207 896 3292 peplis
919 3209 958 3274 ad
977 3207 1102 3292 propius

31 3315 208 3402 γυναικών
229 3331 340 3379 nomen
363 3313 521 3378 transferri
535 3312 681 3395 potnerit,
697 3315 772 3380 nihil
788 3333 864 3398 opus
879 3318 927 3381 eet
942 3315 1100 3399 explicare.

136 3455 195 3520 His
218 3455 334 3520 duobus
356 3454 431 3518 iocis
454 3453 581 3519 tertium
602 3455 802 3525 adiuncturus
824 3476 918 3531 erem,
948 3458 998 3536 lv,
1030 3459 1100 3537 191,

29 3563 87 3630 uni
110 3561 256 3626 facillimo
278 3564 332 3626 aut
361 3561 577 3642 pronuntiandi
607 3563 661 3626 aut
688 3562 840 3628 scribendi
869 3583 969 3630 errore
999 3567 1100 3629 ortum

17 3670 91 3747 est,
114 3667 194 3749 quod
216 3685 296 3732 nunc
317 3664 432 3731 editur:

135 3802 282 3896 φάρμαχ’
305 3805 326 3874 δι’
351 3834 408 3874 κον
431 3803 579 3897 παύσῃσι
601 3803 797 3895 μελαινάων
818 3803 983 3890 ὀδυνάων,

26 3971 87 4036 pro
110 3968 155 4022 eo,
178 3952 256 4033 quod
279 3950 450 4032 antiquitus
473 3951 623 4034 scriptum
644 3952 738 4018 fuisse
760 3953 879 4019 certum
900 3956 963 4019 est:

134 4083 282 4177 φάρμαχ’
304 4086 326 4156 οἰ’
349 4115 407 4156 νιν
429 4085 570 4178 παύσῃ
592 4117 635 4159 οε
657 4087 853 4178 μιλαινοίων
875 4088 1040 4163 ὀδυνάων.

23 4235 139 4315 Neque
161 4233 242 4297 enim
259 4231 436 4314 pronomine
459 4251 560 4299 carere
584 4237 680 4301 oratio
701 4236 765 4303 ulio
788 4238 877 4305 modo
899 4239 1015 4322 potest;
1041 4239 1095 4305 sed

24 4339 119 4407 video
150 4341 196 4405 ita
227 4338 319 4404 etiam
350 4339 380 4403 in
408 4339 510 4406 codice
537 4359 596 4406 uno
620 4342 651 4406 et
672 4344 769 4409 attero
792 4346 942 4428 scriptum
964 4363 1039 4419 esse,
1061 4348 1097 4409 ut

13 4445 205 4513 coniectura
225 4444 301 4509 nihil
324 4446 366 4511 sit
386 4464 472 4528 opus.
