2662 5062
287 778 289 781 .
343 692 346 698 '
404 689 436 745 la
454 688 554 746 Senem
571 690 678 759 quent
696 691 787 745 natur.
1025 690 1087 753 447

56 890 171 952 ditur
191 888 354 963 veritam
377 889 459 952 oerte
481 886 714 953 obtenditur
733 887 867 969 scripsit.
912 887 992 954 'l'um
1013 889 1083 972 §16
1098 891 1128 957 in

57 994 219 1060 oodioibus
251 992 320 1076 (sed
344 1009 483 1056 caremus
517 993 626 1074 optimi
647 991 832 1065 testimonio,
863 993 896 1058 in
924 1011 983 1076 quo
1014 995 1131 1078 aliquot

58 1119 171 1166 vorsus
193 1116 295 1164 errore
315 1098 605 1180 pretermittantur)
636 1097 681 1163 sio
710 1098 870 1163 scribitur:
912 1098 994 1164 Non
1017 1099 1129 1167 debu·
1170 1107 1172 1109 ’

60 1207 131 1270 bat
160 1203 254 1270 milri
286 1222 404 1288 parvo
434 1222 496 1268 res
523 1204 634 1269 tanta
664 1205 858 1281 constare,
889 1206 959 1270 neo
987 1208 1129 1272 erami-

60 1311 173 1375 nauit
200 1328 256 1375 me
291 1308 441 1392 quidem
464 1307 541 1374 diu:
576 1327 697 1391 neque
724 1309 821 1374 enim
851 1311 963 1393 paria
982 1310 1130 1393 pende·

62 1417 175 1487 bant,
208 1417 332 1480 utrum
354 1414 478 1479 satius
507 1417 613 1480 esset
644 1432 699 1479 me
731 1415 861 1498 perire
892 1436 961 1499 pro
981 1417 1061 1482 fide
1082 1436 1128 1483 an

63 1521 183 1587 iidem
216 1539 281 1602 pro
311 1539 379 1585 me.
434 1520 514 1584 Mire
543 1538 592 1585 res
621 1519 733 1585 dioitm
759 1521 915 1587 hominem
937 1523 1128 1600 examinare;

64 1644 195 1710 pravum
217 1629 266 1691 est
291 1645 348 1692 me
370 1625 524 1710 quidem
547 1626 645 1710 (quasi
667 1625 735 1690 aliis
753 1624 870 1693 Seneca
889 1627 940 1693 hie
962 1630 1129 1694 conterius

65 1732 221 1813 ponatur),
243 1730 649 1812 neeparuamoliensionem
662 1732 755 1798 habet
775 1732 882 1816 paria
904 1733 1130 1817 pendebant

66 1855 136 1902 oum
169 1836 325 1901 sententia
356 1835 512 1919 pendenti.
559 1836 742 1903 Emendatio
774 1838 941 1905 manifesta
972 1842 1034 1905 esta

61 1945 260 2017 constare;
298 1962 342 2004 ns
366 1941 586 2005 examinavi
605 1942 755 2027 quidem
779 1943 845 2008 diu
867 1949 1005 2027 (neque
1027 1945 1127 2011 enim

60 2045 431 2132 pariapendebant),
463 2051 588 2112 utrum
619 2049 746 2115 satius
775 2053 884 2115 esset
910 2052 968 2114 est.
1014 2050 1128 2116 Statim

60 2172 94 2219 se
128 2154 162 2217 et
191 2153 257 2217 sine
286 2153 480 2219 hesitatione
514 2153 686 2219 decrevisse
717 2155 800 2221 dicit
849 2154 905 2221 Ne
932 2155 1001 2223 eod.
1028 2155 1128 2224 Gnsli.

62 2258 301 2341 (Examinari
336 2257 430 2323 etiam
462 2258 625 2325 Michaelis
656 2260 765 2328 Philol.
794 2261 839 2326 IX
868 2281 898 2344 pr
918 2260 992 2339 332,
1024 2261 1078 2328 sed
1098 2262 1130 2327 in

62 2366 187 2450 reliquis
209 2364 358 2446 abemat.)

163 2470 229 2536 lbd.
252 2468 281 2543 2,
307 2467 327 2531 6
350 2467 400 2546 (de
420 2469 594 2537 hominibus
616 2488 708 2554 pareo
738 2472 861 2556 navigio
882 2491 937 2556 per
959 2476 1129 2540 oataraetas

62 2576 128 2642 Nili
156 2575 441 2657 descendentibuslz
484 2595 698 2662 magnoque
730 2577 988 2661 spectantium
1025 2583 1129 2644 metu

63 2682 102 2750 in
125 2684 390 2766 repromissi,
412 2703 495 2750 oum
517 2684 594 2749 iam
617 2681 885 2765 adploraueris
907 2697 1130 2768 mersosque

64 2792 181 2871 atque
213 2788 370 2856 obrutos
400 2793 513 2855 tanta
541 2788 640 2853 mole
670 2788 908 2864 credideris,
942 2790 1054 2874 longe
1086 2790 1130 2854 ab

65 2913 119 2973 eo,
142 2895 180 2959 in
201 2913 309 2977 quem
331 2894 575 2972 oeciderunt,
608 2893 693 2960 looo
719 2895 922 2979 navigant,
943 2897 1001 2963 oet.
1045 2895 1130 2960 Nihil

65 3000 94 3066 h.
116 3000 138 3065 L
164 3003 213 3065 est
234 2999 413 3086 adplosum,
447 3000 528 3085 qnod
550 3000 647 3067 semel
667 2999 749 3081 apud
770 3000 935 3066 Horatium
957 3001 1071 3085 legitur
1092 3000 1130 3065 de

65 3107 213 3189 plorando
255 3108 337 3191 apud
370 3108 502 3192 aliquem
544 3108 576 3170 et
614 3125 684 3171 enm
718 3124 765 3172 eo.
818 3107 996 3190 Requiritur
1026 3108 1131 3191 aperte

66 3211 342 3297 deploraveris.
398 3214 494 3279 Panlo
526 3213 597 3276 ante
630 3230 666 3277 er
697 3211 856 3280 Eeditnr
888 3232 982 3277 nuno:
1024 3212 1131 3277 inter

67 3317 240 3400 rapidam
281 3318 469 3385 insaniam
515 3316 599 3383 Nili
640 3319 677 3382 et
713 3319 934 3402 reeiprooos
974 3317 1130 3402 quidem

66 3421 214 3490 fluetus
247 3425 431 3500 volutati,
463 3423 617 3507 partionla
648 3423 800 3507 quidem
821 3422 1055 3507 perversissime
1077 3441 1131 3506 po-

65 3531 134 3598 sits.
190 3530 319 3597 Videtur
350 3530 446 3599 fuisse
489 3531 713 3613 reciprooos
754 3529 791 3591 in
833 3529 930 3592 idam
970 3530 1132 3595 fluetus.

65 3636 148 3701 lufra
177 3640 198 3718 ὅ
231 3637 270 3701 10
303 3657 374 3703 oum
405 3656 466 3702 uno
489 3637 598 3703 Haasii
631 3635 771 3718 exemplo
804 3639 916 3710 uterer,
946 3635 1132 3719 scripseram

66 3743 246 3819 oonieotura,
279 3744 360 3827 qnod
391 3742 464 3808 inde
495 3743 534 3808 ab
556 3742 687 3808 lirasmo
722 3742 795 3806 ante
818 3741 993 3807 Fickertum
1025 3758 1133 3806 omnes

65 3851 146 3913 reete
162 3851 340 3914 tenuerant:
363 3847 736 3930 minimumque(non
757 3846 1008 3930 nimiumque)
1029 3848 1068 3912 in
1091 3866 1136 3912 eo

65 3955 131 4029 sit,
156 3954 252 4038 quod
277 3953 403 4019 solum
425 3952 638 4036 temperat:
670 3951 769 4016 multo
790 3951 907 4035 maiora
926 3951 1033 4017 Nilum
1056 3971 1135 4035 prae·

66 4061 146 4126 stare
168 4054 370 4143 significatur.
413 4058 592 4123 Nimium
626 4076 724 4142 neque
757 4058 858 4140 ipsum
890 4077 1014 4123 sensum
1040 4057 1135 4124 habet

67 4183 163 4249 neque
185 4165 225 4230 ad
246 4164 280 4231 id
303 4164 531 4231 accommodari
563 4164 626 4229 ullo
662 4163 751 4230 modo
787 4164 888 4248 potest
924 4183 1034 4238 eausa,
1067 4183 1134 4247 qun

68 4271 226 4336 subiicitur
247 4271 461 4354 (debetque
483 4269 549 4336 illi
569 4269 761 4354 AEgyptns
782 4289 858 4335 non
880 4271 1034 4335 tantum
1056 4270 1134 4334 ler-

68 4376 266 4442 tilitatem
292 4378 519 4454 terrarum,
556 4376 624 4442 sed
651 4376 788 4460 ipsas).
836 4376 916 4441 Tum
945 4379 965 4456 ξ
995 4375 1052 4452 20,
1080 4375 1136 4440 ubi

70 4480 179 4549 Seneca
202 4483 339 4565 exponit,
372 4479 499 4548 flumina
529 4482 640 4564 prater
668 4482 775 4547 Nilum
797 4482 904 4548 astate
929 4502 990 4549 nun
1011 4499 1135 4548 servare
