2656 5056
465 677 603 731 Ciceronis
623 677 733 732 Brutus.
1032 676 1090 740 103

56 874 161 938 iuerat
183 874 310 938 verbum
333 873 458 958 aliquod
488 894 541 957 per
569 893 601 940 se
631 875 695 938 sius
722 877 850 948 obiecto,
875 874 948 957 quid
974 874 1005 938 in
1028 875 1134 940 Penno

59 979 157 1043 tuerit
178 980 346 1055 facultatis,
369 980 537 1046 declarans.
582 980 752 1062 Scripserat
780 980 898 1046 Cicero:
919 980 1055 1059 'facile
1077 997 1131 1046 ao·

56 1085 173 1152 titavit
206 1086 244 1150 iu
279 1087 508 1162 tribunatu,
530 1085 690 1168 paulum
714 1086 746 1154 C.
771 1087 990 1153 Gracchum
1013 1089 1132 1152 aetate

61 1192 308 1256 antecedens
344 1195 402 1257 cet.
458 1191 562 1257 Facile
593 1190 715 1256 Pennus
748 1212 817 1258 cum
856 1190 947 1274 plebe
986 1192 1131 1258 actitasse

56 1297 296 1381 tribuniciisque
320 1298 490 1364 actionibus
514 1303 605 1380 aptus
627 1298 722 1364 luisse
744 1298 907 1365 dicitur.*›

171 1438 250 1503 lbid.
275 1439 351 1502 116:
384 1439 586 1504 Habemus
618 1437 750 1522 igitur
781 1439 819 1502 in
853 1437 1009 1503 Stoicis
1042 1456 1133 1503 ora·

58 1546 224 1611 ¹toribus
248 1543 670 1621 Rutilium‚Scaurum
693 1543 731 1608 iu
755 1544 955 1627 antiquis3
977 1545 1133 1609 utrum·

57 1670 137 1735 que
159 1654 290 1716 tamen
314 1651 540 1729 laudemus,
566 1650 754 1734 quoniam
779 1669 847 1732 per
868 1650 965 1715 illos
986 1669 1032 1714 ns
1054 1650 1133 1716 haeo

61 1756 224 1841 quidem
256 1757 295 1822 in
332 1756 506 1822 civitate
533 1776 681 1840 genera
709 1756 781 1822 hac
811 1756 992 1821 oratoria
1014 1755 1133 1821 laude

58 1867 290 1928 caruerunt.
341 1865 382 1928 Et
412 1863 565 1929 rhetorica
593 1862 741 1927 orationis
769 1863 868 1928 forma
890 1866 921 1926 at
942 1861 1040 1945 ipsius
1062 1880 1132 1925 son·

61 1972 168 2035 tentiae
211 1989 317 2036 cursus
361 1974 393 2035 et
433 1969 606 2053 progressio
644 1968 780 2033 ostendit
816 1966 1009 2033 scribendum
1048 1984 1132 2033 esse:

62 2075 243 2143 Habeamus
266 2077 396 2160 igitur
415 2121 422 2136 .
440 2121 446 2136 .
464 2122 470 2137 .
487 2121 504 2144 ..
523 2078 736 2157 utrumque
759 2074 890 2140 tamen
912 2072 1131 2139 laudemus.

59 2181 169 2265 Neque
202 2184 282 2246 enim
317 2185 477 2264 tamquam
512 2199 616 2246 rernm
638 2181 762 2264 ponitur
789 2178 944 2245 Rutilium
965 2178 998 2244 in
1020 2177 1132 2243 Stoicis

62 2289 235 2354 oratoribus
268 2288 441 2352 habendum
474 2306 551 2362 esse,
585 2304 714 2369 quorum
750 2287 874 2351 omnino
911 2286 1029 2351 nullum
1066 2287 1133 2348 erut

62 2398 184 2459 eertum
206 2413 301 2477 genus
325 2396 381 2457 aut
395 2411 523 2469 nomem
539 2393 594 2458 sed
608 2410 644 2457 ex
659 2391 707 2471 iis,
723 2410 792 2476 qnae
807 2391 993 2476 precedunt,
1009 2409 1131 2457 summa

62 2502 107 2566 sic
129 2499 332 2576 concluditur,
356 2502 401 2577 ut,
425 2500 451 2565 si
473 2499 610 2565 Rutilius
633 2498 666 2564 et
687 2498 818 2563 Scaurus
840 2501 975 2565 oratores
998 2495 1131 2562 habendi

58 2607 137 2685 siut,
159 2607 239 2671 alter
261 2606 372 2672 Stoicis
395 2606 604 2683 ascribendus,
627 2606 704 2670 alter
726 2604 864 2687 antiquis
886 2606 1015 2671 dicatur.

164 2725 1133 2796 lbid.131:DoctusctiamGraecisT.Albuciusvel

59 2835 345 2918 potiuspsene
379 2835 554 2908 Graecus:
592 2834 749 2916 loquor,
789 2837 831 2898 ut
870 2833 1028 2914 opinor;
1064 2832 1133 2897 sed

62 2941 165 3006 licet
186 2960 228 3005 ex
249 2940 506 3006 orationibus
527 2938 720 3006 iudicare.
753 2937 842 3017 Quod
865 2938 966 3003 verbis
988 2938 1131 3004 doctus

58 3046 214 3113 Graecis
236 3047 402 3132 significari
430 3046 480 3112 hic
509 3048 644 3129 putatur,
672 3043 783 3110 Latine
805 3043 867 3108 dici
892 3042 1033 3109 doctus
1055 3042 1132 3109 lit-

118 3304 144 3370 *)
164 3308 178 3369 ξ
198 3304 250 3359 110
276 3311 352 3359 recte
378 3305 460 3362 Peter
485 3308 549 3373 post
575 3302 675 3356 Aldum
706 3308 734 3357 st
762 3302 912 3356 Victoriam
940 3308 1013 3357 erat
1036 3299 1073 3357 ad
1092 3317 1132 3357 se·

164 3398 277 3465 quentia
295 3397 380 3450 traxit
397 3397 572 3464 restituitque
591 3411 606 3450 e
625 3394 765 3450 codicibus
788 3395 822 3448 in
842 3394 1042 3463 quibusdam
1060 3395 1132 3450 lau·

164 3491 283 3546 dandis
297 3491 382 3544 viris
444 3489 637 3559 probabilis
655 3529 679 3542 ..
694 3487 876 3557 industria3
896 3488 945 3544 sed
960 3488 1132 3545 scribendum

163 3590 236 3638 erat:
266 3599 403 3651 quorum
428 3589 547 3637 neuter
565 3582 680 3637 summi
699 3581 847 3637 oratoris
864 3582 983 3637 habuit
1001 3582 1132 3640 laudem

159 3683 196 3731 et
214 3682 356 3744 uterque
372 3676 407 3730 in
420 3675 536 3731 multis
555 3675 667 3730 causis
680 3676 966 3742 versatus<est>.
985 3677 1133 3732 Eratcet.

163 3770 226 3824 Est
244 3785 325 3837 quam
345 3784 418 3838 saepe
436 3776 501 3839 post
519 3785 557 3824 us
576 3767 718 3837 exciderit,
737 3767 793 3822 dixi
811 3774 917 3824 etanta
930 3769 1031 3827 multos
1046 3785 1133 3825 annos

163 3861 191 3916 in
209 3861 361 3931 appendice
379 3862 537 3917 Asconiana
554 3880 583 3932 p.
601 3861 619 3916 4
637 3868 666 3916 et
683 3861 714 3916 in
731 3861 800 3916 Adv.
820 3862 887 3916 Crit
905 3863 935 3917 II
952 3880 978 3932 p.
991 3862 1052 3919 sta.
1080 3862 1134 3918 Hic

159 3954 273 4022 quidem
302 3970 423 4009 errorem
452 3955 534 4011 etiam
563 3955 665 4009 obiecit
692 3970 841 4010 concursus
868 3956 1011 4011 verborum
1036 3961 1087 4010 est
1106 3962 1135 4010 et

164 4053 245 4103 erat.
270 4048 440 4104 Sententiam
459 4050 547 4118 ipsam
564 4064 661 4119 pamm
680 4054 755 4103 recte
769 4048 851 4104 Peter
869 4049 1012 4105 enamavit
1037 4049 1132 4104 Cicero

162 4140 238 4208 quod
268 4140 301 4196 de
330 4141 432 4197 Scauro
461 4150 490 4197 et
516 4141 619 4198 Rutilio
645 4141 722 4208 dixit,
742 4141 883 4197 transtulit
902 4141 1080 4198 commrmiter
1099 4140 1134 4196 ad

164 4235 233 4291 alios
261 4234 395 4303 quosdam
424 4235 546 4292 eiusdem
574 4235 665 4290 oetatis
692 4234 773 4303 viros,
803 4235 831 4290 in
861 4234 960 4303 quibus
987 4232 1133 4290 laudandis

159 4328 250 4397 magis
282 4329 425 4384 industrie
458 4345 540 4399 quam
571 4327 675 4397 ingenii
707 4328 842 4384 rationem
869 4327 991 4384 habitam
1017 4327 1133 4395 iudicat;

160 4422 262 4477 deinde
282 4422 387 4478 duobus
406 4430 497 4478 tamen
515 4422 579 4491 illis,
603 4422 705 4477 Scauro
729 4427 758 4477 et
781 4420 894 4488 Rutilio,
912 4436 967 4476 non
985 4427 1042 4476 tam
1059 4419 1137 4490 inge·

88 4547 90 4553 s
165 4515 239 4570 nium
257 4515 366 4570 omnino
386 4514 505 4571 defuisse
525 4531 606 4584 quam
625 4514 774 4570 oratorium
792 4514 933 4584 ingenium
951 4520 1054 4570 censet.
