2626 5070
305 307 367 370 328
664 305 723 359 Lib.
731 304 809 360 VIII.
822 302 887 373 Cap.
903 303 927 359 1.

363 504 429 570 Ibd.
451 504 483 582 3,
504 501 539 565 4:
578 505 740 580 monuit,
764 505 822 579 ut,
849 501 991 567 omissa
1013 500 1241 584 eupiditate,

263 611 376 697 gredi
397 609 506 674 modo
529 609 919 690 controversiaquam
941 607 1132 690 progredi
1155 606 1246 672 mall

264 717 415 797 Quoniam
441 713 707 779 controversia
740 715 772 777 in
797 713 823 777 Β
851 712 1190 794 supermundanus,
1220 732 1249 795 qr

263 824 405 889 librarius
428 837 516 883 voees
540 835 639 882 erroro
663 837 679 882 e
701 818 841 901 margine
868 820 1005 901 receptas
1038 821 1145 884 notare
1167 820 1249 893 solet

264 929 390 994 sublato
405 927 508 1008 ipsum
539 924 648 989 modo
683 923 720 989 de
753 925 819 1008 agri
850 924 940 989 modo
970 924 1002 987 ot
1023 943 1168 989 mensura
1199 925 1249 989 int

264 1035 385 1106 debere,
421 1035 456 1095 ut
487 1029 519 1093 in
541 1030 580 1095 iis
601 1030 686 1104 loeis,
720 1049 794 1112 quos
816 1030 959 1094 Halmius
992 1029 1032 1094 ad
1062 1029 1179 1097 rhetor.
1211 1029 1249 1093 La

265 1141 336 1218 379,
361 1137 400 1201 13
421 1135 580 1210 indicavit,
603 1135 763 1201 Geertzius
785 1137 869 1200 recte
891 1135 1010 1200 statuit.

303 1260 304 1263 ’
364 1243 432 1309 Ibd.
468 1242 502 1302 7:
537 1240 681 1305 Fabius
714 1241 846 1304 autem
878 1240 1084 1318 Maximus,
1119 1243 1227 1313 ouius

265 1351 449 1416 dimicare
472 1348 628 1411 vincere
649 1346 734 1410 fuit.
778 1345 888 1410 Latine
910 1364 970 1411 non
993 1345 1105 1411 dieitur
1126 1346 1237 1412 Fabii

264 1455 466 1529 (liminare,
499 1454 534 1516 ut
562 1453 604 1516 sit
626 1452 733 1525 „Fabii
754 1451 920 1516 dimicandi
943 1452 1089 1526 vitatio“;
1121 1453 1249 1518 roofissir

265 1566 295 1625 et
317 1558 555 1625 usitatissimum
579 1560 645 1622 est:
683 1557 833 1621 coinon
855 1556 1042 1622 dimicare
1074 1558 1235 1622 vincere

265 1667 330 1745 (oui
352 1663 517 1730 dimicandi
540 1664 647 1728 vitatio
667 1662 803 1728 victoriae
824 1662 890 1726 loeo
909 1661 991 1742 fuit).
1047 1661 1116 1728 Soio
1140 1663 1247 1728 eodem

264 1771 353 1834 modo
375 1789 457 1833 nuno
481 1769 576 1850 (apud
597 1768 759 1845 Haasium)
781 1766 844 1851 legi
866 1768 1014 1850 seriptum
1042 1785 1060 1831 e
1086 1767 1242 1834 codicibus

264 1874 397 1956 optimus
419 1871 518 1954 deest)
552 1875 583 1937 in
606 1873 730 1939 Soneoae
752 1873 805 1937 lib.
828 1872 868 1937 ad
892 1872 998 1956 Polyb.
1022 1873 1071 1949 16,
1094 1873 1129 1936 2:
1161 1874 1233 1938 hoo

265 1979 349 2042 eius
390 1977 524 2062 lugere
561 1979 711 2064 viginti
754 1979 947 2062 legionum
986 1979 1173 2061 sanguine
1217 1980 1249 2044 fr

264 2086 481 2166 parentare.
526 2085 586 2150 Sed
619 2086 663 2149 ibi
696 2103 816 2166 quoqne
838 2087 920 2148 reete
945 2084 1130 2166 superiores:
1165 2085 1236 2149 hoo

265 2191 300 2254 ei
321 2190 468 2273 lugere.

366 2293 435 2359 Ibd.
488 2296 522 2369 4,
577 2296 610 2358 1:
666 2294 853 2360 Omnibus
905 2294 1151 2360 militaribus
1206 2313 1247 2360 oo

265 2402 404 2466 Tullus
440 2400 640 2466 Hostilius
677 2401 842 2465 Fidenas
871 2400 1098 2484 adgressus,
1132 2420 1212 2483 quae
1243 2421 1249 2464 s

265 2501 399 2592 gentis
431 2506 584 2588 imperii
620 2507 748 2571 nostri
782 2506 1025 2572 incunabula
1177 2507 1249 2590 tor]

264 2630 386 2694 passae
409 2631 481 2678 non
504 2613 595 2676 sunt
625 2611 894 2695 finitimisque
929 2613 1085 2695 tropaeis
1193 2611 1247 2675 ali

266 2718 451 2782 virtutem
474 2718 554 2782 eius
588 2737 676 2801 spes
707 2737 795 2784 suas
826 2718 995 2783 ulterius
1022 2734 1246 2800 promovere

264 2827 436 2900 suerunt,
455 2823 617 2887 Mettius
630 2823 814 2898 Fufetius,
831 2824 901 2888 dur
915 2823 1161 2900 Albanorum,
1177 2820 1249 2887 dub

347 2929 464 2994 fidem
488 2930 649 3010 repente
671 2930 707 2993 iu
730 2929 815 3013 ipsa
838 2930 920 2994 aoie
945 2929 1105 2993 deterit.
1161 2928 1233 2992 Iure

264 3033 345 3098 mins
377 3033 512 3108 dubitat,
545 3035 704 3100 tantamne
738 3034 956 3119 negligentiam
989 3034 1129 3099 Valerius
1159 3033 1249 3099 admit

263 3139 378 3205 Facilis
402 3141 450 3204 est
473 3142 618 3205 eorrectio
641 3143 674 3207 ot
693 3141 772 3206 lonis
794 3159 851 3205 neo
873 3139 983 3204 dubia:
1018 3139 1120 3204 Omn.
1136 3158 1162 3203 o.
1177 3139 1249 3203 'Ful

264 3245 467 3312 Hostilius
490 3247 652 3312 Fidenas
675 3245 886 3330 adgressus
909 3254 977 3323 eet,
1004 3264 1081 3329 quae
1187 3244 1249 3309 do<

263 3354 369 3425 runt3
393 3353 643 3417 trronMettins
659 3351 837 3416 Fudetius
854 3354 913 3415 eet.
965 3350 1129 3416 Facillime
1150 3354 1231 3416 turn

265 3460 329 3520 oet
355 3479 386 3517 m
418 3457 562 3522 extritum
596 3460 658 3536 est;
693 3457 730 3522 de
765 3458 824 3522 est
850 3457 954 3522 addito
984 3457 1045 3523 vid.
1077 3457 1116 3521 ad
1138 3456 1249 3521 Coss]

264 3562 323 3635 ΙΙΙ,
347 3562 396 3623 tl.
434 3561 516 3643 (Ibd.
539 3562 558 3624 3
582 3582 663 3627 enm
686 3564 723 3625 io
744 3582 889 3628 summa
910 3562 1179 3628 alimentorum
1202 3562 1249 3625 in=

263 3666 327 3730 iam
350 3666 403 3731 alii
423 3667 632 3749 scripserunt.)
658 3672 670 3750 )

292 4019 313 4084 ¹)
333 4016 397 4086 Cap.
418 4022 448 4080 6,
481 4016 644 4072 lLatinum
672 4025 790 4085 nonest,
818 4019 889 4088 quod
917 4019 1076 4074 eVahlenii
1095 4020 1249 4074 oonieotura

333 4109 404 4162 mius
423 4109 512 4163 edidit
529 4110 611 4164 data
630 4117 818 4180 armatum
839 4129 900 4167 nam
919 4118 1056 4167 armatura
1075 4115 1184 4167 tanturn
1203 4111 1236 4166 de
