2678 5016
466 642 587 701 Ovidius,
635 709 636 712 Ἴ
982 647 1022 709 85

19 845 40 909 'n
60 840 259 926 adiungenda
280 842 349 906 hmo
370 842 444 907 aunt
463 839 599 907 faciliore
618 843 714 909 etiam
736 846 964 912 emendatione:

281 980 283 984 ·
350 949 475 1030 superat
495 947 572 1011 mihi
593 949 694 1027 miles,
718 952 750 1014 et
771 949 827 1014 loe
849 961 898 1027 eoa,

196 1053 298 1138 grstia
320 1053 378 1128 dis,
400 1052 472 1117 felix
493 1055 525 1118 et
545 1050 750 1120 inexcusabile
770 1057 903 1139 tempus.

19 1164 36 1224 t
55 1160 162 1244 copias
184 1145 417 1240 sibiaupercsee
431 1158 484 1235 ait,
501 1159 533 1223 et
552 1161 675 1242 tempus
695 1160 753 1226 hcc
774 1162 978 1244 opportunum
995 1181 1063 1229 esse
1100 1210 1101 1213 ,

19 1266 133 1350 tquod
154 1265 272 1330 nnllam
294 1265 521 1329 excusationem
542 1264 595 1330 det
616 1265 733 1330 ferendi
755 1267 867 1332 auxilii.

96 1369 169 1448 Vll,
192 1370 254 1433 558
277 1370 328 1449 (de
350 1371 442 1455 aegria
463 1369 671 1452 pestilentiae:

147 1476 219 1542 Non
240 1477 383 1551 stratum,
408 1493 466 1539 non
486 1475 551 1540 ulla
571 1477 637 1558 pati
659 1477 812 1543 velamina
833 1482 970 1560 possunt,

147 1582 226 1647 dura
247 1581 301 1647 sed
322 1581 354 1644 in
375 1583 459 1645 terra
478 1583 594 1664 ponunt
616 1583 794 1664 praecordia.
847 1624 849 1627 -

19 1692 149 1756 'merse
170 1686 408 1771 praecordiorum
431 1686 562 1765 dumne,
585 1706 652 1770 quae
673 1688 759 1754 nulla
779 1690 855 1767 erat,
878 1705 1065 1754 commemo·

19 1796 90 1868 rur,
111 1793 270 1858 omittitur
289 1795 387 1858 terrae.
430 1792 638 1858 Manifestum
653 1794 708 1867 est
732 1795 854 1876 poetam
875 1793 1029 1875 posuisse:

200 1899 280 1960 dara
301 1898 355 1960 aed
375 1908 455 1960 terra
478 1899 595 1980 ponunt
619 1897 798 1979 praecordia,

19 2005 89 2088 dqne
111 2003 221 2069 addita
244 2003 457 2086 praepositione
479 2003 655 2085 corruptum
678 2022 763 2078 esse;
786 2003 852 2082 cfr„
875 2004 992 2087 aiopus
1007 2007 1065 2084 eet,

19 2111 54 2191 V,
75 2111 136 2173 261
162 2110 255 2190 (aedil
276 2109 506 2192 humerando),
544 2107 598 2184 IX,
635 2107 697 2170 650
719 2109 815 2189 (deora
830 2110 941 2193 positis
963 2109 1067 2175 odore

19 2216 144 2300 ssoilie)-
854 2231 856 2236 ’

95 2323 169 2400 Vll,
192 2321 272 2384 612:
637 2390 642 2404 ,

583 2425 795 2509 indefletaeque
818 2428 967 2510 vagantur

79 2536 227 2599 natarum
248 2534 443 2615 matrumque
465 2532 587 2610 anima,
607 2531 814 2614 iuvenumque
837 2550 1013 2616 senumque.

19 2640 153 2706 nusitete
174 2640 208 2703 et
227 2656 368 2721 perverse
395 2637 427 2701 in
449 2632 604 2702 communi
626 2637 713 2702 clude
734 2636 857 2701 feminee
880 2637 978 2721 primo
1000 2637 1067 2705 loco

19 2746 166 2830 eparatim
191 2743 410 2820 nominantur,
431 2743 541 2808 deinde
562 2742 711 2808 transitur
732 2741 772 2806 ad
794 2761 904 2809 mares.
959 2744 995 2808 ln
1014 2761 1069 2814 ,oo-

19 2852 120 2920 licibus
145 2851 194 2916 est
217 2859 429 2932 nemeamque,
451 2847 521 2913 dein
551 2848 709 2932 virumque
735 2847 792 2923 (Ml
819 2849 874 2912 aut
897 2858 1067 2933 utrumque.

19 2957 203 3024 nubendum
223 2956 318 3039 igitur
350 2953 445 3038 [quod
471 2954 565 3019 etium
594 2954 720 3019 Heinsio
746 2954 778 3017 in
806 2956 932 3018 menten
953 2954 1068 3038 venitJ:

83 3073 288 3146 momenque
305 3069 489 3144 patrumque
510 3061 631 3138 unimae,
651 3061 856 3142 iuvenumque
877 3077 1054 3143 senumque.

153 3168 326 3233 Masculino
348 3184 460 3250 genere
481 3166 602 3231 feminae
624 3164 931 3248 comprehenduntur.

100 3275 174 3352 Vll,
199 3273 259 3336 681
282 3274 314 3338 in
336 3273 443 3338 codice
464 3272 622 3337 Marciano
643 3271 689 3336 sic
713 3271 871 3337 scribitur:

84 3381 162 3459 Quae
185 3380 274 3464 petit,
295 3378 349 3444 ille
370 3379 465 3445 relert
485 3378 622 3442 ceterum
644 3395 767 3442 narrare
788 3375 897 3459 pudori
919 3377 976 3453 est,

85 3507 148 3570 qna
167 3484 278 3551 tulerit
298 3481 449 3556 mercede,

19 3608 100 3675 aqua
121 3592 297 3675 scriptura,
334 3607 404 3653 cum
427 3596 555 3651 coaeum
575 3605 682 3653 versus
705 3606 766 3653 non
797 3586 911 3664 ferret,
947 3585 1073 3668 reliqua

19 3694 219 3783 interpolando
241 3695 323 3761 nalae
345 3697 427 3760 aaut
472 3694 508 3757 ln
528 3692 583 3757 illa
597 3696 672 3776 puto
688 3693 813 3783 subesse
829 3709 940 3757 nomen
959 3690 1073 3774 ignotae

19 3800 103 3871 Phoco
125 3801 246 3869 arboris
268 3811 311 3873 (v.
335 3799 409 3878 672)
431 3798 703 3882 scribendumque:

87 3911 165 3991 Qus
187 3907 279 3992 petit,
300 3906 354 3970 ille
375 3905 485 3982 refert;
508 3906 640 3984 cedrum,
662 3922 788 3970 nauare
811 3901 922 3985 pudori
942 3903 1000 3978 eat,

87 4014 150 4100 qua
169 4011 279 4078 tulerit
299 4011 447 4076 mercede.

103 4120 176 4199 vll,
202 4117 272 4179 741.
324 4116 424 4183 Codex
445 4117 621 4182 Marcianus
642 4116 735 4198 (apud
757 4113 884 4179 Merkel.
906 4133 937 4196 p.
959 4113 1031 4191 IV):

132 4224 279 4290 Exclamo
300 4223 490 4288 maledictor
511 4223 600 4289 adest
620 4221 702 4286 male
726 4220 816 4286 fictus
839 4217 967 4292 adulter,

134 4349 225 4397 verne
251 4347 336 4395 eram
358 4328 495 4395 coniunx.
668 4317 670 4320 ’
1011 4317 1016 4326 ’
