2678 5016
251 310 311 373 170
602 309 661 365 nro.
681 311 744 383 un.
780 309 846 381 cap.
858 310 887 366 ·1.

309 507 378 574 ibd.
401 529 430 591 p.
457 507 498 570 62
520 506 658 572 codicum
680 508 745 573 haec
767 510 815 573 est
836 507 1004 589 scripture:
1046 508 1273 587 Verborum,

209 633 289 698 quae
321 616 495 694 tempora
527 609 827 695 adsignificant,
863 610 951 676 ideo
979 613 1136 678 locutus
1158 612 1272 677 diiii·

210 718 383 782 cillimus
410 720 471 783 est
492 716 644 794 ΤῩΜΑ,
677 716 776 799 qnod
797 735 920 799 neque
942 718 1012 790 cet,
1047 735 1166 800 exque
1190 718 1271 801 qnod

209 823 240 886 in
265 822 449 887 editionibus
471 807 613 887 effectum
636 823 702 887 ost:
739 821 823 887 ideo
856 822 965 886 locus
999 820 1273 888 difficillimus

210 932 271 994 est
303 924 457 1010 ἔτυμα,
493 929 525 990 at
556 926 782 991 constructione
812 925 1027 1001 (uerborum
1064 937 1185 1010 etymo
1221 938 1275 990 eet

82 1073 97 1091 ,ἢ
211 1035 316 1098 locus
348 1030 631 1117 difficillimus)
664 1032 696 1094 et
718 1030 879 1104 verborum
910 1029 1014 1095 ordine
1036 1033 1079 1096 et·
1100 1051 1158 1097 usu
1183 1050 1274 1098 voca·

210 1119 273 1206 ouri
296 1138 378 1202 ocus
411 1139 528 1218 peccat.
588 1134 743 1217 Scriptum
775 1134 875 1200 fuerat
911 1135 951 1200 ad
981 1136 1062 1202 hunc
1088 1137 1221 1202 formam
1243 1141 1274 1203 et

209 1246 266 1322 his,
300 1246 336 1308 ut
370 1243 486 1325 opinor,
523 1240 642 1306 verbis:
686 1238 910 1318 Verborum,
941 1262 971 1325 q.
994 1243 1016 1306 t.
1039 1261 1083 1317 a,
1108 1242 1200 1308 ideo
1224 1241 1275 1305 io·

211 1360 296 1415 catu
317 1344 568 1433 difficillima
591 1355 679 1405 euni
700 1353 844 1427 ἔτυμα,
877 1346 972 1429 quod
995 1349 1055 1412 cet.

276 1487 278 1490 <
309 1454 427 1519 Eadem
449 1434 545 1535 paga*
570 1451 670 1514 Hinc
692 1450 820 1533 agitur
846 1468 963 1531 pecus
984 1454 1152 1534 paetum,
1186 1451 1277 1533 quia

210 1561 269 1625 vix
293 1560 353 1643 agi
374 1558 514 1642 potest.
558 1555 657 1619 Hinc
678 1555 939 1638 angiportum,
969 1575 1041 1639 qua
1062 1556 1122 1619 nii
1145 1558 1277 1638 potest

211 1664 283 1747 agi.
329 1662 432 1726 Hinc
454 1658 634 1743 ungulus,
658 1659 754 1741 quod
777 1661 815 1723 in
838 1679 879 1725 eo
902 1664 959 1726 cet.
1006 1661 1058 1726 Sic
1080 1660 1274 1743 Spougclius.

211 1770 311 1835 Aliter
342 1767 509 1833 orationem
541 1763 709 1828 Muellems
731 1763 880 1838 distinxit,
916 1767 1075 1831 translatis
1106 1766 1170 1830 illis
1205 1785 1279 1848 qna

211 1874 270 1955 (sic
291 1873 374 1937 recte
396 1871 519 1953 scripsit
540 1868 690 1933 editiones
712 1871 850 1941 secutus)
875 1870 938 1935 vix
961 1871 1023 1954 agi
1044 1873 1188 1953 potest,
1209 1889 1279 1953 quae

212 1996 231 2042 a
251 1976 457 2058 superioribus
480 1973 667 2057 seiungendc
689 1991 756 2037 esse
778 1974 888 2046 sensit,
922 1992 982 2038 non
1010 1978 1081 2057 apte
1116 1975 1155 2039 ad
1187 1976 1280 2058 aopi·

207 2081 295 2165 porti
304 2079 502 2155 notationem,
517 2079 565 2144 his
578 2081 682 2150 antem
698 2096 770 2160 qna
791 2077 849 2141 nil
870 2081 1002 2160 potest
1023 2080 1084 2163 agi
1096 2079 1281 2162 pravissime

215 2185 254 2250 ud
278 2183 392 2267 cupuli,
420 2185 451 2248 et
472 2183 576 2248 addito
601 2182 648 2244 ccl
667 2186 739 2248 ante
762 2184 852 2267 quod.
897 2183 1095 2250 Manifestum
1119 2187 1186 2264 eet,
1221 2185 1281 2249 ali-

212 2290 284 2374 qm‘d
313 2288 480 2363 excidisse,
513 2308 582 2353 cum
618 2289 682 2353 fore
720 2288 764 2352 sic
792 2288 940 2369 scriptum
974 2292 1071 2355 esset:
1104 2291 1279 2372 pastum3

212 2395 313 2482 [tine
338 2395 564 2478 aspectum]
589 2393 743 2476 quavix
777 2393 838 2477 agi
869 2395 1011 2476 potest;
1044 2394 1131 2459 hinc
1163 2397 1278 2480 ungi·

212 2503 379 2582 portum,
402 2519 472 2582 qua
493 2501 548 2564 nil
569 2501 707 2582 potest
739 2499 818 2582 agi,
859 2497 950 2563 hinc
973 2500 1152 2585 angulus,
1175 2502 1274 2584 quod
1306 2483 1308 2487 ¹

212 2608 270 2670 cet.
326 2604 486 2670 Gradatim
525 2604 700 2669 ascenditur
732 2605 772 2668 ab
804 2606 934 2687 angusto
957 2605 1032 2684 (vic)
1065 2606 1104 2670 ad
1127 2606 1277 2689 angipor-

212 2713 278 2774 tum
302 2728 424 2792 prorsus
447 2711 485 2774 ab
508 2710 604 2775 altera
626 2709 712 2791 parte
733 2710 883 2776 clausum.
1122 2718 1123 2721 ’

314 2814 379 2878 Ibd.
412 2835 442 2897 p.
476 2814 516 2877 68
550 2815 661 2879 excidit
688 2815 812 2894 proptor
836 2813 1069 2879 similitudinem
1109 2814 1142 2878 id
1174 2817 1277 2900 ipsum

212 2919 404 2994 vocabulum,
426 2919 512 3006 cuius
533 2920 616 3002 origo
638 2919 776 2983 notatur:
822 2919 876 2982 Ab
899 2937 957 2996 eo,
990 2919 1089 3002 quod
1110 2921 1187 2985 soit
1210 2922 1277 2986 dn-

212 3044 311 3102 cere,
334 3025 398 3107 qni
420 3027 478 3088 est
500 3024 572 3087 dux
596 3025 661 3088 aut
682 3022 834 3099 ductor,
856 3023 1031 3107 [doctor]
1054 3025 1117 3108 qui
1138 3025 1196 3089 ita
1217 3027 1277 3090 in·
1314 3027 1321 3039 '

212 3129 337 3206 ducit,
359 3131 400 3192 ut
422 3129 603 3200 doccat.¹)

314 3234 379 3299 lbd.
405 3254 433 3316 p.
458 3232 514 3296 73:
548 3232 796 3315 Speculator,
824 3251 933 3316 quem
955 3233 1151 3299 mittimus
1174 3239 1276 3311 ante,

213 3343 256 3405 nt
278 3340 483 3421 respiciet,
520 3356 600 3421 quae
623 3337 808 3403 volumus.
852 3339 1021 3423 Respectus
1043 3339 1121 3404 nihil
1143 3340 1183 3404 ad
1205 3359 1276 3424 spo·

212 3442 393 3520 culatorem,
416 3462 485 3508 cnm
506 3443 677 3525 prasertim
699 3443 868 3525 speculum,
892 3445 1024 3527 specula,
1047 3445 1211 3527 specillum
1237 3446 1275 3510 ad

53 3534 59 3544 “
135 3582 138 3587 -
213 3547 342 3630 simplex
374 3548 512 3630 specio
534 3550 707 3614 aVarrone
728 3550 917 3615 reuocentur.
961 3549 1023 3616 Sor.
1047 3553 1178 3615 utres
1200 3571 1277 3635 epe-

214 3653 304 3729 σῶαι,
327 3652 424 3734 quas
447 3657 566 3737 (quai)
589 3653 772 3722 volumus.

214 3854 413 3865 ————-—..

244 3984 265 4047 ¹)
283 3984 315 4039 P.
334 3987 369 4041 70
386 3985 542 4055 interpungi
561 3985 642 4040 debet
662 3985 713 4040 sio:
744 3984 787 4038 Ut
804 4000 869 4038 nou
888 3983 1040 4053 spondet
1056 3983 1124 4038 illc
1143 3984 1276 4045 stetim,

284 4077 344 4145 qui
362 4076 472 4131 dixit:
491 4077 656 4147 spondeo.
1022 4107 1023 4113 κ
