<?xml version="1.0" encoding="UTF-8"?>
<!DOCTYPE html PUBLIC "-//W3C//DTD XHTML 1.0 Transitional//EN"
    "http://www.w3.org/TR/xhtml1/DTD/xhtml1-transitional.dtd">
<html xmlns="http://www.w3.org/1999/xhtml" xml:lang="en" lang="en">
 <head>
  <title>
</title>
<meta http-equiv="Content-Type" content="text/html;charset=utf-8" />
  <meta name='ocr-system' content='tesseract 3.04.00' />
  <meta name='ocr-capabilities' content='ocr_page ocr_carea ocr_par ocr_line ocrx_word'/>
</head>
<body>
  <div class='ocr_page' id='page_1' title='image "./ioniemadvigiiad00madvgoog_0238.png"; bbox 0 0 2662 5046; ppageno 0'>
   <div class='ocr_carea' id='block_1_1' title="bbox 0 3695 1 4916">
    <p class='ocr_par' dir='ltr' id='par_1_1' title="bbox 0 3695 1 4916">
     <span class='ocr_line' id='line_1_1' title="bbox 0 3695 1 4916; baseline 0 0"><span class='ocrx_word' id='word_1_1' title='bbox 0 3695 1 4916; x_wconf 95' lang='lat' dir='ltr'><strong> </strong></span> 
     </span>
    </p>
   </div>
   <div class='ocr_carea' id='block_1_2' title="bbox 368 640 1077 725">
    <p class='ocr_par' dir='ltr' id='par_1_2' title="bbox 368 640 1077 725">
     <span class='ocr_line' id='line_1_2' title="bbox 368 640 1077 725; baseline -0.01 -18"><span class='ocrx_word' id='word_1_2' title='bbox 368 640 370 643; x_wconf 32' lang='lat'>⁵</span> <span class='ocrx_word' id='word_1_3' title='bbox 435 650 570 706; x_wconf 77' lang='lat' dir='ltr'>Ciceronis</span> <span class='ocrx_word' id='word_1_4' title='bbox 588 651 737 725; x_wconf 74' lang='lat' dir='ltr'>Orationes.</span> <span class='ocrx_word' id='word_1_5' title='bbox 969 661 983 701; x_wconf 71' lang='lat' dir='ltr'><em>t</em></span> <span class='ocrx_word' id='word_1_6' title='bbox 1018 655 1077 717; x_wconf 66' lang='lat'><strong>227</strong></span> 
     </span>
    </p>
   </div>
   <div class='ocr_carea' id='block_1_3' title="bbox 52 847 1129 3787">
    <p class='ocr_par' dir='ltr' id='par_1_3' title="bbox 52 847 1122 2205">
     <span class='ocr_line' id='line_1_3' title="bbox 62 847 1122 938; baseline 0.001 -18"><span class='ocrx_word' id='word_1_7' title='bbox 62 915 65 920; x_wconf 16' lang='grc' dir='ltr'><em>Α</em></span> <span class='ocrx_word' id='word_1_8' title='bbox 156 850 341 919; x_wconf 63' lang='lat' dir='ltr'><strong>maionem</strong></span> <span class='ocrx_word' id='word_1_9' title='bbox 367 848 403 915; x_wconf 87' lang='lat' dir='ltr'><strong>iu</strong></span> <span class='ocrx_word' id='word_1_10' title='bbox 425 847 573 933; x_wconf 74' lang='lat' dir='ltr'><strong>Pbcnem</strong></span> <span class='ocrx_word' id='word_1_11' title='bbox 593 868 620 914; x_wconf 84' lang='lat' dir='ltr'><strong>a</strong></span> <span class='ocrx_word' id='word_1_12' title='bbox 650 848 729 912; x_wconf 81' lang='grc'><strong>1867</strong></span> <span class='ocrx_word' id='word_1_13' title='bbox 752 850 848 935; x_wconf 73' lang='lat' dir='ltr'>relegi</span> <span class='ocrx_word' id='word_1_14' title='bbox 868 854 989 924; x_wconf 78' lang='lat' dir='ltr'><strong>abtum</strong></span> <span class='ocrx_word' id='word_1_15' title='bbox 1010 858 1122 938; x_wconf 75' lang='lat' dir='ltr'><strong>prater</strong></span> 
     </span>
     <span class='ocr_line' id='line_1_4' title="bbox 56 954 1121 1039; baseline 0.007 -19"><span class='ocrx_word' id='word_1_16' title='bbox 56 975 100 1031; x_wconf 82' lang='lat' dir='ltr'><strong>ea,</strong></span> <span class='ocrx_word' id='word_1_17' title='bbox 124 975 190 1039; x_wconf 82' lang='lat' dir='ltr'>quae</span> <span class='ocrx_word' id='word_1_18' title='bbox 210 956 288 1022; x_wconf 89' lang='lat' dir='ltr'><strong>elim</strong></span> <span class='ocrx_word' id='word_1_19' title='bbox 311 955 477 1025; x_wconf 86' lang='lat' dir='ltr'>emendata</span> <span class='ocrx_word' id='word_1_20' title='bbox 497 955 573 1021; x_wconf 91' lang='lat' dir='ltr'>alibi</span> <span class='ocrx_word' id='word_1_21' title='bbox 598 955 689 1032; x_wconf 78' lang='lat' dir='ltr'><strong>edidi,</strong></span> <span class='ocrx_word' id='word_1_22' title='bbox 712 954 778 1023; x_wconf 83' lang='lat' dir='ltr'><strong>haec</strong></span> <span class='ocrx_word' id='word_1_23' title='bbox 797 959 911 1023; x_wconf 84' lang='lat' dir='ltr'><strong>cerreri</strong></span> <span class='ocrx_word' id='word_1_24' title='bbox 932 961 1121 1033; x_wconf 81' lang='lat' dir='ltr'>antealtem</span> 
     </span>
     <span class='ocr_line' id='line_1_5' title="bbox 55 1064 600 1128; baseline 0.006 -2"><span class='ocrx_word' id='word_1_25' title='bbox 55 1064 181 1128; x_wconf 68' lang='lat' dir='ltr'>tenmui.</span> <span class='ocrx_word' id='word_1_26' title='bbox 597 1108 600 1115; x_wconf 79' lang='lat'><em>,</em></span> 
     </span>
     <span class='ocr_line' id='line_1_6' title="bbox 153 1166 1120 1254; baseline 0.007 -26"><span class='ocrx_word' id='word_1_27' title='bbox 153 1166 175 1252; x_wconf 59' lang='grc' dir='ltr'>ᾗ</span> <span class='ocrx_word' id='word_1_28' title='bbox 198 1168 236 1230; x_wconf 86' lang='lat'><strong>9:</strong></span> <span class='ocrx_word' id='word_1_29' title='bbox 263 1166 322 1232; x_wconf 89' lang='lat' dir='ltr'><strong>ler</strong></span> <span class='ocrx_word' id='word_1_30' title='bbox 343 1166 441 1232; x_wconf 79' lang='lat' dir='ltr'>AElia</span> <span class='ocrx_word' id='word_1_31' title='bbox 463 1168 499 1232; x_wconf 92' lang='lat' dir='ltr'><strong>et</strong></span> <span class='ocrx_word' id='word_1_32' title='bbox 520 1166 631 1232; x_wconf 79' lang='lat' dir='ltr'><strong>Fufia</strong></span> <span class='ocrx_word' id='word_1_33' title='bbox 652 1185 785 1234; x_wconf 79' lang='lat' dir='ltr'><strong>euersa</strong></span> <span class='ocrx_word' id='word_1_34' title='bbox 806 1171 885 1246; x_wconf 39' lang='lat' dir='ltr'><strong>estQ</strong></span> <span class='ocrx_word' id='word_1_35' title='bbox 901 1187 1120 1254; x_wconf 84' lang='lat' dir='ltr'><strong>propugna-</strong></span> 
     </span>
     <span class='ocr_line' id='line_1_7' title="bbox 53 1271 1120 1362; baseline 0.004 -25"><span class='ocrx_word' id='word_1_36' title='bbox 53 1271 136 1337; x_wconf 88' lang='lat' dir='ltr'><strong>cula</strong></span> <span class='ocrx_word' id='word_1_37' title='bbox 158 1271 333 1354; x_wconf 90' lang='lat' dir='ltr'><strong>murique</strong></span> <span class='ocrx_word' id='word_1_38' title='bbox 354 1273 662 1356; x_wconf 75' lang='lat' dir='ltr'>tranquillitatis</span> <span class='ocrx_word' id='word_1_39' title='bbox 683 1275 795 1356; x_wconf 86' lang='lat' dir='ltr'>atque</span> <span class='ocrx_word' id='word_1_40' title='bbox 822 1273 904 1340; x_wconf 88' lang='lat' dir='ltr'>otii.</span> <span class='ocrx_word' id='word_1_41' title='bbox 948 1273 982 1340; x_wconf 85' lang='lat' dir='ltr'><strong>Si</strong></span> <span class='ocrx_word' id='word_1_42' title='bbox 1013 1276 1120 1362; x_wconf 81' lang='lat' dir='ltr'>singu·</span> 
     </span>
     <span class='ocr_line' id='line_1_8' title="bbox 54 1375 1119 1465; baseline 0.004 -23"><span class='ocrx_word' id='word_1_43' title='bbox 54 1378 111 1452; x_wconf 80' lang='lat' dir='ltr'><strong>lari</strong></span> <span class='ocrx_word' id='word_1_44' title='bbox 147 1395 278 1442; x_wconf 85' lang='lat' dir='ltr'><strong>numere</strong></span> <span class='ocrx_word' id='word_1_45' title='bbox 311 1376 397 1441; x_wconf 88' lang='lat' dir='ltr'><strong>verbi</strong></span> <span class='ocrx_word' id='word_1_46' title='bbox 428 1375 535 1442; x_wconf 87' lang='lat' dir='ltr'><strong>Cicero</strong></span> <span class='ocrx_word' id='word_1_47' title='bbox 568 1396 641 1445; x_wconf 90' lang='lat' dir='ltr'><strong>usus</strong></span> <span class='ocrx_word' id='word_1_48' title='bbox 669 1381 760 1455; x_wconf 86' lang='lat' dir='ltr'>esset,</span> <span class='ocrx_word' id='word_1_49' title='bbox 795 1382 1119 1465; x_wconf 72' lang='lat' dir='ltr'><strong>propugnaculum</strong></span> 
     </span>
     <span class='ocr_line' id='line_1_9' title="bbox 53 1483 1121 1570; baseline 0.004 -23"><span class='ocrx_word' id='word_1_50' title='bbox 53 1502 260 1566; x_wconf 86' lang='lat' dir='ltr'><strong>murusque</strong></span> <span class='ocrx_word' id='word_1_51' title='bbox 282 1483 576 1566; x_wconf 85' lang='lat' dir='ltr'><strong>scripsisset;.nuuc</strong></span> <span class='ocrx_word' id='word_1_52' title='bbox 592 1487 802 1568; x_wconf 77' lang='lat' dir='ltr'><strong>apparacum</strong></span> <span class='ocrx_word' id='word_1_53' title='bbox 813 1487 964 1570; x_wconf 69' lang='lat' dir='ltr'><strong>posuisse:</strong></span> <span class='ocrx_word' id='word_1_54' title='bbox 985 1508 1121 1551; x_wconf 73' lang='lat' dir='ltr'><strong>everam</strong></span> 
     </span>
     <span class='ocr_line' id='line_1_10' title="bbox 52 1589 1120 1676; baseline 0.01 -26"><span class='ocrx_word' id='word_1_55' title='bbox 52 1600 147 1653; x_wconf 76' lang='lat' dir='ltr'>sana</span> <span class='ocrx_word' id='word_1_56' title='bbox 181 1589 259 1668; x_wconf 82' lang='lat' dir='ltr'><strong>(Cir.</strong></span> <span class='ocrx_word' id='word_1_57' title='bbox 274 1590 324 1666; x_wconf 79' lang='lat'><strong>10,</strong></span> <span class='ocrx_word' id='word_1_58' title='bbox 347 1589 400 1654; x_wconf 93' lang='lat' dir='ltr'><strong>ubi</strong></span> <span class='ocrx_word' id='word_1_59' title='bbox 421 1589 826 1676; x_wconf 80' lang='lat' dir='ltr'><strong>cratiosiciutarpuugenda</strong></span> <span class='ocrx_word' id='word_1_60' title='bbox 837 1592 899 1657; x_wconf 87' lang='lat' dir='ltr'>eet:</span> <span class='ocrx_word' id='word_1_61' title='bbox 994 1595 1120 1661; x_wconf 87' lang='lat' dir='ltr'>notic-</span> 
     </span>
     <span class='ocr_line' id='line_1_11' title="bbox 52 1693 1119 1785; baseline 0.003 -26"><span class='ocrx_word' id='word_1_62' title='bbox 52 1714 213 1785; x_wconf 80' lang='lat' dir='ltr'><strong>nemque</strong></span> <span class='ocrx_word' id='word_1_63' title='bbox 256 1693 477 1760; x_wconf 87' lang='lat' dir='ltr'><strong>censeriam.</strong></span> <span class='ocrx_word' id='word_1_64' title='bbox 512 1693 640 1775; x_wconf 67' lang='lat' dir='ltr'><strong>Quas.</strong></span> <span class='ocrx_word' id='word_1_65' title='bbox 663 1695 769 1779; x_wconf 80' lang='lat' dir='ltr'>leges</span> <span class='ocrx_word' id='word_1_66' title='bbox 805 1714 919 1762; x_wconf 89' lang='lat' dir='ltr'>ansus</span> <span class='ocrx_word' id='word_1_67' title='bbox 955 1698 1014 1762; x_wconf 88' lang='lat' dir='ltr'><strong>est</strong></span> <span class='ocrx_word' id='word_1_68' title='bbox 1050 1717 1119 1763; x_wconf 89' lang='lat' dir='ltr'><strong>non</strong></span> 
     </span>
     <span class='ocr_line' id='line_1_12' title="bbox 54 1800 1120 1887; baseline 0.003 -21"><span class='ocrx_word' id='word_1_69' title='bbox 54 1821 159 1868; x_wconf 86' lang='lat' dir='ltr'><strong>neme</strong></span> <span class='ocrx_word' id='word_1_70' title='bbox 182 1800 397 1882; x_wconf 81' lang='lat' dir='ltr'><strong>improbus,</strong></span> <span class='ocrx_word' id='word_1_71' title='bbox 429 1801 557 1882; x_wconf 83' lang='lat' dir='ltr'>potuit</span> <span class='ocrx_word' id='word_1_72' title='bbox 588 1800 737 1884; x_wconf 87' lang='lat' dir='ltr'><strong>quidem</strong></span> <span class='ocrx_word' id='word_1_73' title='bbox 759 1819 869 1887; x_wconf 86' lang='lat' dir='ltr'><strong>neme</strong></span> <span class='ocrx_word' id='word_1_74' title='bbox 886 1803 1120 1883; x_wconf 85' lang='lat' dir='ltr'><strong>convellere,</strong></span> 
     </span>
     <span class='ocr_line' id='line_1_13' title="bbox 53 1907 1121 1992; baseline 0.003 -19"><span class='ocrx_word' id='word_1_75' title='bbox 53 1926 162 1990; x_wconf 89' lang='lat' dir='ltr'><strong>quam</strong></span> <span class='ocrx_word' id='word_1_76' title='bbox 196 1907 434 1992; x_wconf 74' lang='lat' dir='ltr'><strong>potestatem</strong></span> <span class='ocrx_word' id='word_1_77' title='bbox 459 1907 626 1979; x_wconf 86' lang='lat' dir='ltr'><strong>minuere</strong></span> <span class='ocrx_word' id='word_1_78' title='bbox 653 1955 661 1973; x_wconf 87' lang='lat'><strong>.</strong></span> <span class='ocrx_word' id='word_1_79' title='bbox 685 1953 724 1974; x_wconf 84' lang='lat'><strong>..</strong></span> <span class='ocrx_word' id='word_1_80' title='bbox 752 1926 859 1974; x_wconf 88' lang='lat' dir='ltr'><strong>nemu</strong></span> <span class='ocrx_word' id='word_1_81' title='bbox 891 1909 966 1975; x_wconf 85' lang='lat' dir='ltr'><strong>iam</strong></span> <span class='ocrx_word' id='word_1_82' title='bbox 998 1909 1121 1977; x_wconf 79' lang='lat' dir='ltr'><strong>effuse</strong></span> 
     </span>
     <span class='ocr_line' id='line_1_14' title="bbox 52 2012 1120 2097; baseline 0.005 -19"><span class='ocrx_word' id='word_1_83' title='bbox 52 2013 233 2097; x_wconf 89' lang='lat' dir='ltr'>petulans</span> <span class='ocrx_word' id='word_1_84' title='bbox 268 2012 426 2077; x_wconf 85' lang='lat' dir='ltr'>conatus</span> <span class='ocrx_word' id='word_1_85' title='bbox 456 2016 530 2091; x_wconf 82' lang='lat' dir='ltr'>est,</span> <span class='ocrx_word' id='word_1_86' title='bbox 566 2012 644 2092; x_wconf 87' lang='lat' dir='ltr'><strong>haec</strong></span> <span class='ocrx_word' id='word_1_87' title='bbox 676 2016 780 2092; x_wconf 86' lang='lat' dir='ltr'>sunt,</span> <span class='ocrx_word' id='word_1_88' title='bbox 813 2033 831 2080; x_wconf 92' lang='lat' dir='ltr'><strong>e</strong></span> <span class='ocrx_word' id='word_1_89' title='bbox 862 2015 1051 2094; x_wconf 81' lang='lat' dir='ltr'>carnifex,</span> <span class='ocrx_word' id='word_1_90' title='bbox 1082 2016 1120 2083; x_wconf 88' lang='lat' dir='ltr'><strong>in</strong></span> 
     </span>
     <span class='ocr_line' id='line_1_15' title="bbox 53 2118 850 2205; baseline 0.003 -20"><span class='ocrx_word' id='word_1_91' title='bbox 53 2121 196 2205; x_wconf 85' lang='lat' dir='ltr'><strong>gremio</strong></span> <span class='ocrx_word' id='word_1_92' title='bbox 219 2119 374 2200; x_wconf 88' lang='lat' dir='ltr'>sepulta</span> <span class='ocrx_word' id='word_1_93' title='bbox 395 2118 617 2191; x_wconf 86' lang='lat' dir='ltr'>consulatus</span> <span class='ocrx_word' id='word_1_94' title='bbox 638 2119 751 2201; x_wconf 62' lang='lat' dir='ltr'>tuiti)</span> <span class='ocrx_word' id='word_1_95' title='bbox 836 2182 850 2194; x_wconf 88' lang='lat'><strong>..</strong></span> 
     </span>
    </p>

    <p class='ocr_par' dir='ltr' id='par_1_4' title="bbox 54 2222 1129 2944">
     <span class='ocr_line' id='line_1_16' title="bbox 110 2222 1119 2317; baseline 0.003 -28"><span class='ocrx_word' id='word_1_96' title='bbox 110 2309 113 2317; x_wconf 21' lang='grc'>,</span> <span class='ocrx_word' id='word_1_97' title='bbox 152 2223 220 2289; x_wconf 86' lang='lat' dir='ltr'><strong>lbd.</strong></span> <span class='ocrx_word' id='word_1_98' title='bbox 246 2222 299 2288; x_wconf 81' lang='lat'><strong>14:</strong></span> <span class='ocrx_word' id='word_1_99' title='bbox 344 2223 446 2301; x_wconf 82' lang='lat' dir='ltr'><strong>lciem</strong></span> <span class='ocrx_word' id='word_1_100' title='bbox 478 2224 547 2290; x_wconf 92' lang='lat' dir='ltr'><strong>illc</strong></span> <span class='ocrx_word' id='word_1_101' title='bbox 581 2226 661 2290; x_wconf 88' lang='lat' dir='ltr'><strong>iere</strong></span> <span class='ocrx_word' id='word_1_102' title='bbox 695 2224 808 2291; x_wconf 88' lang='lat' dir='ltr'><strong>biduo</strong></span> <span class='ocrx_word' id='word_1_103' title='bbox 840 2224 1047 2309; x_wconf 82' lang='lat' dir='ltr'><strong>productus</strong></span> <span class='ocrx_word' id='word_1_104' title='bbox 1081 2227 1119 2292; x_wconf 91' lang='lat' dir='ltr'><strong>in</strong></span> 
     </span>
     <span class='ocr_line' id='line_1_17' title="bbox 54 2330 1120 2419; baseline 0.004 -24"><span class='ocrx_word' id='word_1_105' title='bbox 54 2332 270 2396; x_wconf 88' lang='lat' dir='ltr'>contionem</span> <span class='ocrx_word' id='word_1_106' title='bbox 291 2330 337 2395; x_wconf 90' lang='lat' dir='ltr'><strong>ab</strong></span> <span class='ocrx_word' id='word_1_107' title='bbox 360 2348 415 2409; x_wconf 83' lang='lat' dir='ltr'><strong>ee,</strong></span> <span class='ocrx_word' id='word_1_108' title='bbox 444 2331 504 2419; x_wconf 89' lang='lat' dir='ltr'><strong>cui</strong></span> <span class='ocrx_word' id='word_1_109' title='bbox 525 2330 581 2396; x_wconf 90' lang='lat' dir='ltr'><strong>sic</strong></span> <span class='ocrx_word' id='word_1_110' title='bbox 602 2334 787 2414; x_wconf 83' lang='lat' dir='ltr'>aequatum</span> <span class='ocrx_word' id='word_1_111' title='bbox 809 2331 1005 2414; x_wconf 71' lang='lat' dir='ltr'><strong>praebebas</strong></span> <span class='ocrx_word' id='word_1_112' title='bbox 1028 2353 1120 2400; x_wconf 90' lang='lat' dir='ltr'><strong>cen-</strong></span> 
     </span>
     <span class='ocr_line' id='line_1_18' title="bbox 55 2435 1121 2522; baseline 0.002 -20"><span class='ocrx_word' id='word_1_113' title='bbox 55 2437 221 2503; x_wconf 85' lang='lat' dir='ltr'>sulatum</span> <span class='ocrx_word' id='word_1_114' title='bbox 253 2438 380 2522; x_wconf 77' lang='lat' dir='ltr'>tunm,</span> <span class='ocrx_word' id='word_1_115' title='bbox 412 2439 471 2502; x_wconf 81' lang='lat' dir='ltr'><strong>cet.</strong></span> <span class='ocrx_word' id='word_1_116' title='bbox 515 2435 552 2503; x_wconf 93' lang='lat' dir='ltr'><strong>ln</strong></span> <span class='ocrx_word' id='word_1_117' title='bbox 588 2435 740 2518; x_wconf 82' lang='lat' dir='ltr'><strong>corruptis</strong></span> <span class='ocrx_word' id='word_1_118' title='bbox 769 2436 895 2520; x_wconf 79' lang='lat' dir='ltr'>syllabis</span> <span class='ocrx_word' id='word_1_119' title='bbox 918 2440 972 2503; x_wconf 90' lang='lat' dir='ltr'><strong>sie</strong></span> <span class='ocrx_word' id='word_1_120' title='bbox 994 2458 1121 2522; x_wconf 80' lang='lat' dir='ltr'><strong>arqua-</strong></span> 
     </span>
     <span class='ocr_line' id='line_1_19' title="bbox 55 2540 1120 2623; baseline 0.001 -16"><span class='ocrx_word' id='word_1_121' title='bbox 55 2546 129 2608; x_wconf 89' lang='lat' dir='ltr'><strong>tum</strong></span> <span class='ocrx_word' id='word_1_122' title='bbox 159 2543 258 2607; x_wconf 89' lang='lat' dir='ltr'>latere</span> <span class='ocrx_word' id='word_1_123' title='bbox 286 2540 408 2606; x_wconf 84' lang='lat' dir='ltr'><strong>ridetur</strong></span> <span class='ocrx_word' id='word_1_124' title='bbox 441 2559 553 2607; x_wconf 89' lang='lat' dir='ltr'>nomen</span> <span class='ocrx_word' id='word_1_125' title='bbox 575 2542 723 2622; x_wconf 13' lang='lat' dir='ltr'><strong>‘munais</strong></span> <span class='ocrx_word' id='word_1_126' title='bbox 756 2541 924 2621; x_wconf 83' lang='lat' dir='ltr'><strong>(militaris)</strong></span> <span class='ocrx_word' id='word_1_127' title='bbox 960 2544 1120 2623; x_wconf 80' lang='lat' dir='ltr'><strong>inferioris,</strong></span> 
     </span>
     <span class='ocr_line' id='line_1_20' title="bbox 57 2644 1119 2732; baseline 0.001 -20"><span class='ocrx_word' id='word_1_128' title='bbox 57 2649 138 2713; x_wconf 89' lang='lat' dir='ltr'><strong>cuius</strong></span> <span class='ocrx_word' id='word_1_129' title='bbox 160 2648 229 2713; x_wconf 89' lang='lat' dir='ltr'><strong>loce</strong></span> <span class='ocrx_word' id='word_1_130' title='bbox 252 2647 430 2713; x_wconf 88' lang='lat' dir='ltr'>consulatus</span> <span class='ocrx_word' id='word_1_131' title='bbox 441 2644 566 2714; x_wconf 90' lang='lat' dir='ltr'>Pisonis</span> <span class='ocrx_word' id='word_1_132' title='bbox 588 2647 669 2731; x_wconf 87' lang='lat' dir='ltr'><strong>apud</strong></span> <span class='ocrx_word' id='word_1_133' title='bbox 681 2645 823 2723; x_wconf 83' lang='lat' dir='ltr'>Clodium</span> <span class='ocrx_word' id='word_1_134' title='bbox 834 2647 933 2713; x_wconf 86' lang='lat' dir='ltr'>fuerit.</span> <span class='ocrx_word' id='word_1_135' title='bbox 964 2649 1119 2732; x_wconf 79' lang='lat' dir='ltr'><strong>Scriptum</strong></span> 
     </span>
     <span class='ocr_line' id='line_1_21' title="bbox 59 2751 1129 2839; baseline 0 -20"><span class='ocrx_word' id='word_1_136' title='bbox 59 2754 313 2830; x_wconf 80' lang='lat' dir='ltr'><strong>icrtaseefuerat:</strong></span> <span class='ocrx_word' id='word_1_137' title='bbox 338 2751 399 2839; x_wconf 90' lang='lat' dir='ltr'><strong>cui</strong></span> <span class='ocrx_word' id='word_1_138' title='bbox 420 2753 655 2836; x_wconf 72' lang='lat' dir='ltr'><strong>opulenciam</strong></span> <span class='ocrx_word' id='word_1_139' title='bbox 670 2753 862 2836; x_wconf 83' lang='lat' dir='ltr'><strong>praebebas</strong></span> <span class='ocrx_word' id='word_1_140' title='bbox 878 2755 1129 2825; x_wconf 88' lang='lat' dir='ltr'>consulatum.</span> 
     </span>
     <span class='ocr_line' id='line_1_22' title="bbox 59 2857 958 2944; baseline 0.002 -22"><span class='ocrx_word' id='word_1_141' title='bbox 59 2861 166 2926; x_wconf 90' lang='lat' dir='ltr'>tuum.</span> <span class='ocrx_word' id='word_1_142' title='bbox 215 2857 797 2944; x_wconf 82' lang='lat' dir='ltr'><strong>[Schuetziussuccenturiatum]</strong></span> <span class='ocrx_word' id='word_1_143' title='bbox 955 2924 958 2930; x_wconf 83' lang='grc'><em>,</em></span> 
     </span>
    </p>

    <p class='ocr_par' dir='ltr' id='par_1_5' title="bbox 64 2964 1129 3685">
     <span class='ocr_line' id='line_1_23' title="bbox 96 2964 1129 3054; baseline 0.003 -24"><span class='ocrx_word' id='word_1_144' title='bbox 96 3049 98 3054; x_wconf 11' lang='lat' dir='ltr'>k</span> <span class='ocrx_word' id='word_1_145' title='bbox 151 2966 220 3042; x_wconf 80' lang='lat' dir='ltr'>lud.</span> <span class='ocrx_word' id='word_1_146' title='bbox 243 2965 300 3031; x_wconf 75' lang='lat'><strong>182</strong></span> <span class='ocrx_word' id='word_1_147' title='bbox 329 2967 461 3030; x_wconf 90' lang='lat' dir='ltr'>tamen</span> <span class='ocrx_word' id='word_1_148' title='bbox 495 2965 532 3030; x_wconf 85' lang='lat' dir='ltr'><strong>id</strong></span> <span class='ocrx_word' id='word_1_149' title='bbox 564 2964 624 3030; x_wconf 90' lang='lat' dir='ltr'><strong>his</strong></span> <span class='ocrx_word' id='word_1_150' title='bbox 651 2983 722 3030; x_wconf 87' lang='lat' dir='ltr'><strong>neu</strong></span> <span class='ocrx_word' id='word_1_151' title='bbox 755 2964 878 3030; x_wconf 85' lang='lat' dir='ltr'><strong>licere</strong></span> <span class='ocrx_word' id='word_1_152' title='bbox 904 2965 1129 3048; x_wconf 58' lang='lat' dir='ltr'><strong>per,iuter·.</strong></span> 
     </span>
     <span class='ocr_line' id='line_1_24' title="bbox 64 3068 1118 3154; baseline 0 -18"><span class='ocrx_word' id='word_1_153' title='bbox 64 3071 158 3137; x_wconf 83' lang='lat' dir='ltr'>licta</span> <span class='ocrx_word' id='word_1_154' title='bbox 180 3070 394 3154; x_wconf 87' lang='lat' dir='ltr'>potestatis</span> <span class='ocrx_word' id='word_1_155' title='bbox 409 3074 481 3135; x_wconf 87' lang='lat' dir='ltr'><strong>tuae</strong></span> <span class='ocrx_word' id='word_1_156' title='bbox 498 3068 745 3153; x_wconf 79' lang='lat' dir='ltr'><strong>crudelitatis</strong></span> <span class='ocrx_word' id='word_1_157' title='bbox 762 3072 845 3142; x_wconf 85' lang='lat' dir='ltr'><strong>erat</strong></span> <span class='ocrx_word' id='word_1_158' title='bbox 858 3089 927 3135; x_wconf 87' lang='lat' dir='ltr'><strong>non</strong></span> <span class='ocrx_word' id='word_1_159' title='bbox 945 3070 1118 3136; x_wconf 75' lang='lat' dir='ltr'><strong>ferendae.</strong></span> 
     </span>
     <span class='ocr_line' id='line_1_25' title="bbox 64 3174 1118 3261; baseline 0.001 -18"><span class='ocrx_word' id='word_1_160' title='bbox 64 3176 214 3261; x_wconf 78' lang='lat' dir='ltr'><strong>Perinepte</strong></span> <span class='ocrx_word' id='word_1_161' title='bbox 247 3178 280 3241; x_wconf 91' lang='lat' dir='ltr'><strong>et</strong></span> <span class='ocrx_word' id='word_1_162' title='bbox 298 3175 381 3261; x_wconf 71' lang='lat' dir='ltr'><strong>¹sine</strong></span> <span class='ocrx_word' id='word_1_163' title='bbox 394 3176 472 3246; x_wconf 78' lang='lat' dir='ltr'>,ullo</span> <span class='ocrx_word' id='word_1_164' title='bbox 505 3175 643 3259; x_wconf 85' lang='lat' dir='ltr'><strong>exemplo</strong></span> <span class='ocrx_word' id='word_1_165' title='bbox 675 3175 771 3240; x_wconf 90' lang='lat' dir='ltr'>simili</span> <span class='ocrx_word' id='word_1_166' title='bbox 801 3174 969 3244; x_wconf 84' lang='lat' dir='ltr'>interdicta</span> <span class='ocrx_word' id='word_1_167' title='bbox 998 3176 1118 3245; x_wconf 83' lang='lat' dir='ltr'>Pisanis</span> 
     </span>
     <span class='ocr_line' id='line_1_26' title="bbox 66 3280 1117 3365; baseline 0 -17"><span class='ocrx_word' id='word_1_168' title='bbox 66 3284 217 3363; x_wconf 82' lang='lat' dir='ltr'>potestatis</span> <span class='ocrx_word' id='word_1_169' title='bbox 254 3281 319 3347; x_wconf 90' lang='lat' dir='ltr'>eius</span> <span class='ocrx_word' id='word_1_170' title='bbox 351 3280 518 3346; x_wconf 88' lang='lat' dir='ltr'>interdieta</span> <span class='ocrx_word' id='word_1_171' title='bbox 553 3281 754 3365; x_wconf 89' lang='lat' dir='ltr'><strong>appellantur.</strong></span> <span class='ocrx_word' id='word_1_172' title='bbox 798 3280 903 3346; x_wconf 84' lang='lat' dir='ltr'><strong>Cicero</strong></span> <span class='ocrx_word' id='word_1_173' title='bbox 940 3281 1117 3365; x_wconf 81' lang='lat' dir='ltr'><strong>scripserat:</strong></span> 
     </span>
     <span class='ocr_line' id='line_1_27' title="bbox 68 3386 1119 3469; baseline 0.002 -18"><span class='ocrx_word' id='word_1_174' title='bbox 68 3407 129 3455; x_wconf 90' lang='lat' dir='ltr'><strong>neu</strong></span> <span class='ocrx_word' id='word_1_175' title='bbox 158 3392 278 3455; x_wconf 86' lang='lat' dir='ltr'><strong>licere</strong></span> <span class='ocrx_word' id='word_1_176' title='bbox 310 3406 374 3469; x_wconf 84' lang='lat' dir='ltr'><strong>per</strong></span> <span class='ocrx_word' id='word_1_177' title='bbox 409 3386 623 3452; x_wconf 89' lang='lat' dir='ltr'>interdicta</span> <span class='ocrx_word' id='word_1_178' title='bbox 655 3396 718 3450; x_wconf 82' lang='lat' dir='ltr'><strong>tac</strong></span> <span class='ocrx_word' id='word_1_179' title='bbox 753 3386 1000 3458; x_wconf 84' lang='lat' dir='ltr'><strong>crudelitatis</strong></span> <span class='ocrx_word' id='word_1_180' title='bbox 1037 3392 1119 3454; x_wconf 87' lang='lat' dir='ltr'><strong>erat</strong></span> 
     </span>
     <span class='ocr_line' id='line_1_28' title="bbox 70 3492 1122 3575; baseline -0.001 -18"><span class='ocrx_word' id='word_1_181' title='bbox 70 3512 127 3560; x_wconf 90' lang='lat' dir='ltr'><strong>nen</strong></span> <span class='ocrx_word' id='word_1_182' title='bbox 147 3492 320 3575; x_wconf 83' lang='lat' dir='ltr'><strong>ferendae.</strong></span> <span class='ocrx_word' id='word_1_183' title='bbox 374 3494 518 3575; x_wconf 81' lang='lat' dir='ltr'><strong>Alterum</strong></span> <span class='ocrx_word' id='word_1_184' title='bbox 554 3510 666 3558; x_wconf 88' lang='lat' dir='ltr'>nemen</span> <span class='ocrx_word' id='word_1_185' title='bbox 688 3492 775 3560; x_wconf 91' lang='lat' dir='ltr'>initio</span> <span class='ocrx_word' id='word_1_186' title='bbox 797 3493 837 3559; x_wconf 84' lang='lat' dir='ltr'><strong>ad</strong></span> <span class='ocrx_word' id='word_1_187' title='bbox 870 3492 1122 3559; x_wconf 86' lang='lat' dir='ltr'>crudelitatis.</span> 
     </span>
     <span class='ocr_line' id='line_1_29' title="bbox 72 3600 997 3685; baseline 0.003 -24"><span class='ocrx_word' id='word_1_188' title='bbox 72 3600 242 3685; x_wconf 74' lang='lat' dir='ltr'><strong>adscriptum</strong></span> <span class='ocrx_word' id='word_1_189' title='bbox 265 3600 323 3666; x_wconf 90' lang='lat' dir='ltr'>est.</span> <span class='ocrx_word' id='word_1_190' title='bbox 704 3667 706 3670; x_wconf 68' lang='grc'>,</span> <span class='ocrx_word' id='word_1_191' title='bbox 994 3647 997 3655; x_wconf 78' lang='lat'>.</span> 
     </span>
    </p>

    <p class='ocr_par' dir='ltr' id='par_1_6' title="bbox 155 3702 1117 3787">
     <span class='ocr_line' id='line_1_30' title="bbox 155 3702 1117 3787; baseline -0.018 -15"><span class='ocrx_word' id='word_1_192' title='bbox 155 3706 275 3774; x_wconf 71' lang='lat' dir='ltr'>inu-29</span> <span class='ocrx_word' id='word_1_193' title='bbox 302 3707 333 3770; x_wconf 92' lang='lat' dir='ltr'><strong>iu</strong></span> <span class='ocrx_word' id='word_1_194' title='bbox 354 3705 494 3787; x_wconf 82' lang='lat' dir='ltr'><strong>eemupte</strong></span> <span class='ocrx_word' id='word_1_195' title='bbox 516 3702 793 3786; x_wconf 83' lang='lat' dir='ltr'>idemquelatet</span> <span class='ocrx_word' id='word_1_196' title='bbox 810 3702 1117 3786; x_wconf 56' lang='lat' dir='ltr'><strong>‹locipaucratjn</strong></span> 
     </span>
    </p>
   </div>
   <div class='ocr_carea' id='block_1_4' title="bbox 75 3807 1256 3894">
    <p class='ocr_par' dir='ltr' id='par_1_7' title="bbox 75 3807 1256 3894">
     <span class='ocr_line' id='line_1_31' title="bbox 75 3807 1256 3894; baseline -0.005 -18"><span class='ocrx_word' id='word_1_197' title='bbox 75 3810 162 3894; x_wconf 84' lang='lat' dir='ltr'><strong>uisque</strong></span> <span class='ocrx_word' id='word_1_198' title='bbox 193 3811 294 3877; x_wconf 85' lang='lat' dir='ltr'><strong>forma</strong></span> <span class='ocrx_word' id='word_1_199' title='bbox 327 3809 500 3876; x_wconf 88' lang='lat' dir='ltr'><strong>huiusmodi</strong></span> <span class='ocrx_word' id='word_1_200' title='bbox 533 3808 592 3893; x_wconf 80' lang='lat' dir='ltr'>fuit</span> <span class='ocrx_word' id='word_1_201' title='bbox 618 3808 668 3887; x_wconf 81' lang='lat' dir='ltr'><strong>(cle</strong></span> <span class='ocrx_word' id='word_1_202' title='bbox 701 3807 844 3885; x_wconf 79' lang='lat' dir='ltr'><strong>Cicerone</strong></span> <span class='ocrx_word' id='word_1_203' title='bbox 878 3810 910 3873; x_wconf 86' lang='lat' dir='ltr'><strong>et</strong></span> <span class='ocrx_word' id='word_1_204' title='bbox 941 3808 1115 3891; x_wconf 87' lang='lat' dir='ltr'><strong>Pompei0):</strong></span> <span class='ocrx_word' id='word_1_205' title='bbox 1252 3830 1256 3839; x_wconf 95' lang='lat'><em>·</em></span> 
     </span>
    </p>
   </div>
   <div class='ocr_carea' id='block_1_5' title="bbox 99 4170 1117 4434">
    <p class='ocr_par' dir='ltr' id='par_1_8' title="bbox 99 4170 1117 4434">
     <span class='ocr_line' id='line_1_32' title="bbox 99 4170 1116 4249; baseline -0.014 -10"><span class='ocrx_word' id='word_1_206' title='bbox 99 4172 117 4239; x_wconf 87' lang='lat'><strong>¹)</strong></span> <span class='ocrx_word' id='word_1_207' title='bbox 131 4182 185 4242; x_wconf 72' lang='lat'><strong>§12</strong></span> <span class='ocrx_word' id='word_1_208' title='bbox 194 4181 275 4235; x_wconf 87' lang='lat' dir='ltr'><strong>miror</strong></span> <span class='ocrx_word' id='word_1_209' title='bbox 287 4178 516 4249; x_wconf 82' lang='lat' dir='ltr'><strong>apud-Kaysernm</strong></span> <span class='ocrx_word' id='word_1_210' title='bbox 528 4191 581 4230; x_wconf 88' lang='lat' dir='ltr'><strong>non</strong></span> <span class='ocrx_word' id='word_1_211' title='bbox 596 4172 718 4228; x_wconf 84' lang='lat' dir='ltr'>annotari</span> <span class='ocrx_word' id='word_1_212' title='bbox 729 4170 825 4225; x_wconf 86' lang='lat' dir='ltr'>saltem</span> <span class='ocrx_word' id='word_1_213' title='bbox 842 4172 1020 4225; x_wconf 84' lang='lat' dir='ltr'><strong>coniecturam</strong></span> <span class='ocrx_word' id='word_1_214' title='bbox 1031 4187 1116 4226; x_wconf 87' lang='lat' dir='ltr'><strong>meam</strong></span> 
     </span>
     <span class='ocr_line' id='line_1_33' title="bbox 133 4264 1115 4340; baseline -0.004 -16"><span class='ocrx_word' id='word_1_215' title='bbox 133 4271 158 4326; x_wconf 91' lang='lat' dir='ltr'><strong>in</strong></span> <span class='ocrx_word' id='word_1_216' title='bbox 181 4273 312 4328; x_wconf 81' lang='lat' dir='ltr'>addendis</span> <span class='ocrx_word' id='word_1_217' title='bbox 341 4270 411 4340; x_wconf 84' lang='lat' dir='ltr'><strong>apud</strong></span> <span class='ocrx_word' id='word_1_218' title='bbox 442 4269 581 4324; x_wconf 84' lang='lat' dir='ltr'><strong>Halmium</strong></span> <span class='ocrx_word' id='word_1_219' title='bbox 610 4269 638 4321; x_wconf 94' lang='lat' dir='ltr'><strong>et</strong></span> <span class='ocrx_word' id='word_1_220' title='bbox 662 4265 798 4320; x_wconf 83' lang='lat' dir='ltr'><strong>Baiterum</strong></span> <span class='ocrx_word' id='word_1_221' title='bbox 823 4264 938 4332; x_wconf 88' lang='lat' dir='ltr'><strong>positam</strong></span> <span class='ocrx_word' id='word_1_222' title='bbox 955 4265 992 4333; x_wconf 86' lang='lat' dir='ltr'><strong>(p.</strong></span> <span class='ocrx_word' id='word_1_223' title='bbox 1021 4266 1115 4331; x_wconf 69' lang='lat' dir='ltr'><strong>libilz</strong></span> 
     </span>
     <span class='ocr_line' id='line_1_34' title="bbox 133 4355 1117 4434; baseline -0.011 -12"><span class='ocrx_word' id='word_1_224' title='bbox 133 4379 221 4434; x_wconf 71' lang='lat' dir='ltr'><strong>egere</strong></span> <span class='ocrx_word' id='word_1_225' title='bbox 240 4366 461 4423; x_wconf 68' lang='lat' dir='ltr'><strong>sordidissime</strong></span> <span class='ocrx_word' id='word_1_226' title='bbox 489 4360 687 4426; x_wconf 69' lang='lat' dir='ltr'><strong>Gabinium</strong></span> <span class='ocrx_word' id='word_1_227' title='bbox 719 4373 781 4412; x_wconf 87' lang='lat' dir='ltr'><strong>uam</strong></span> <span class='ocrx_word' id='word_1_228' title='bbox 805 4355 890 4409; x_wconf 86' lang='lat' dir='ltr'><strong>ioris</strong></span> <span class='ocrx_word' id='word_1_229' title='bbox 917 4372 991 4411; x_wconf 84' lang='lat' dir='ltr'><strong>esee</strong></span> <span class='ocrx_word' id='word_1_230' title='bbox 1010 4355 1117 4412; x_wconf 82' lang='lat' dir='ltr'><strong>Gabi·</strong></span> 
     </span>
    </p>
   </div>
   <div class='ocr_carea' id='block_1_6' title="bbox 134 4449 1079 4596">
    <p class='ocr_par' dir='ltr' id='par_1_9' title="bbox 134 4449 1079 4596">
     <span class='ocr_line' id='line_1_35' title="bbox 134 4449 1079 4525; baseline -0.005 -15"><span class='ocrx_word' id='word_1_231' title='bbox 134 4460 216 4517; x_wconf 90' lang='lat' dir='ltr'><strong>nium</strong></span> <span class='ocrx_word' id='word_1_232' title='bbox 234 4457 389 4515; x_wconf 81' lang='lat' dir='ltr'><strong>certissima</strong></span> <span class='ocrx_word' id='word_1_233' title='bbox 407 4472 484 4525; x_wconf 78' lang='lat' dir='ltr'>nugae</span> <span class='ocrx_word' id='word_1_234' title='bbox 504 4459 568 4509; x_wconf 90' lang='lat' dir='ltr'>sunt</span> <span class='ocrx_word' id='word_1_235' title='bbox 587 4452 619 4507; x_wconf 78' lang='lat' dir='ltr'><strong>cle</strong></span> <span class='ocrx_word' id='word_1_236' title='bbox 639 4467 691 4505; x_wconf 88' lang='lat' dir='ltr'><strong>non</strong></span> <span class='ocrx_word' id='word_1_237' title='bbox 710 4452 859 4505; x_wconf 87' lang='lat' dir='ltr'>sustinente</span> <span class='ocrx_word' id='word_1_238' title='bbox 873 4466 913 4518; x_wconf 51' lang='lat' dir='ltr'><strong>,aas</strong></span> <span class='ocrx_word' id='word_1_239' title='bbox 931 4449 1057 4506; x_wconf 85' lang='lat' dir='ltr'>alienum.</span> <span class='ocrx_word' id='word_1_240' title='bbox 1077 4508 1079 4513; x_wconf 23' lang='lat' dir='ltr'><strong><em>s</em></strong></span> 
     </span>
     <span class='ocr_line' id='line_1_36' title="bbox 200 4546 913 4596; baseline -0.011 8"><span class='ocrx_word' id='word_1_241' title='bbox 200 4548 206 4560; x_wconf 84' lang='lat'>’</span> <span class='ocrx_word' id='word_1_242' title='bbox 865 4546 913 4596; x_wconf 79' lang='lat' dir='ltr'><strong>ra*</strong></span> 
     </span>
    </p>
   </div>
   <div class='ocr_carea' id='block_1_7' title="bbox 0 0 1336 5046">
    <p class='ocr_par' dir='ltr' id='par_1_10' title="bbox 0 0 1336 5046">
     <span class='ocr_line' id='line_1_37' title="bbox 0 0 1336 5046; baseline 0 0"><span class='ocrx_word' id='word_1_243' title='bbox 0 0 1336 5046; x_wconf 95' lang='lat' dir='ltr'><strong> </strong></span> 
     </span>
    </p>
   </div>
  </div>
 </body>
</html>
