2678 5016
155 250 157 253 ’
260 267 319 330 110
616 265 675 324 nro.
695 266 742 323 vr.
761 265 826 337 cap.
841 267 893 324 111.

218 464 352 538 OEtaeue,
395 481 461 547 quae
493 462 597 528 sabula
631 482 692 529 non
725 463 823 528 solnm
852 482 944 545 supra
970 462 1096 528 modum
1123 464 1229 546 inepta
1250 468 1283 530 et

217 569 384 634 earundem
406 584 508 631 rerum
541 568 823 652 sententiarumque
855 569 1035 653 repetitione
1060 568 1281 634 molestissima

218 676 285 751 est,
320 673 375 739 sed
413 672 505 738 etiam
541 673 676 738 oratioue
709 676 806 739 multo
837 674 949 740 ceteris
966 673 1121 739 deterior.
1165 673 1212 737 De
1234 674 1281 738 his

218 778 375 863 tragoediis
406 796 501 860 nuper
522 776 599 843 bene
620 784 798 845 meruerunt
829 780 870 841 R.
893 779 1004 864 Peiper
1025 781 1056 844 et
1083 776 1123 842 G.
1147 777 1282 853 Richter,

217 883 356 961 codicum
381 885 555 965 seripturis,
588 885 780 969 meximeque
808 886 945 950 omnium
973 883 1118 967 principis
1147 883 1282 947 Laureo-

201 988 307 1064 tiam,
331 1008 422 1075 quem
444 989 503 1071 ipsi
524 989 549 1052 E
573 990 749 1075 appellant,
782 989 959 1075 diligentius
982 991 1014 1054 et
1034 989 1157 1054 fidelius
1181 985 1283 1061 editis,

218 1093 273 1158 sed
302 1093 392 1159 huius
432 1095 534 1159 meriti
552 1095 687 1161 taudem
717 1097 834 1184 duobus
867 1113 990 1178 prorsus
1022 1095 1165 1159 inanibus
1198 1111 1284 1157 oom-

223 1199 335 1264 mentis
357 1199 444 1265 abusi
468 1200 683 1283 corruperunt,
714 1199 809 1263 altero
833 1199 869 1263 de
892 1200 1045 1285 strophis,
1069 1199 1101 1263 in
1124 1190 1200 1282 quas
1223 1216 1284 1261 non

98 1343 101 1350 -
219 1303 310 1368 modo
332 1305 427 1389 lyrica
449 1306 595 1385 earmina,
618 1304 672 1368 sed
695 1303 804 1379 etiam,
828 1304 855 1369 si
877 1305 925 1370 dis
947 1306 1056 1389 placet,
1081 1303 1218 1370 senarios
1239 1303 1283 1379 (in

218 1407 256 1474 iis
286 1410 460 1494 tragoediis,
488 1430 563 1493 quas
586 1410 708 1475 Senecae
727 1409 823 1491 ipsius
845 1428 911 1476 esse
937 1411 1125 1487 iudicabant)
1149 1406 1285 1472 mirabili

219 1514 349 1580 artificio
377 1514 616 1599 descripserunt,
643 1533 739 1598 neque
769 1515 928 1598 antiquum
952 1516 1049 1580 ullum
1070 1513 1284 1580 testimonium

220 1638 317 1702 neque
339 1620 502 1685 minimum
525 1621 664 1686 codicum
688 1620 852 1704 vestigium
879 1639 977 1704 neque
1004 1621 1048 1685 rei
1070 1621 1214 1685 naturam
1235 1617 1285 1681 in·

218 1725 335 1791 dictave
350 1727 381 1791 in
397 1729 464 1808 ipsa
479 1727 649 1792 carminum
666 1727 771 1802 torma,
788 1726 886 1791 sinon
903 1725 1079 1798 eminentia,
1104 1726 1139 1788 at
1152 1722 1284 1788 latentia

219 1831 330 1894 saltem
352 1833 451 1896 secuti
476 1851 573 1915 neque
595 1831 659 1896 ulla
681 1831 810 1896 minima
839 1832 949 1896 effecta
978 1849 1117 1896 aerarum
1140 1829 1284 1910 stropha·

219 1953 288 1998 rum
310 1936 528 2012 similitudine;
559 1956 597 2002 ea
618 1938 699 2002 enim
722 1942 788 2002 tum
813 1936 958 2014 nascitur,
983 1955 1052 2000 cum
1076 1952 1184 2001 versus
1207 1933 1284 1999 varii

219 2040 338 2123 generis
361 2043 445 2106 certa
466 2043 533 2126 lege
555 2042 688 2125 copulati
718 2044 810 2125 atque
844 2041 950 2107 eadem
984 2041 1083 2107 forma
1116 2041 1148 2105 et
1179 2039 1284 2104 ordine

218 2145 323 2211 iterati
344 2147 522 2230 rhythmum
545 2149 663 2212 unitate
679 2149 787 2212 effecta
809 2147 980 2224 absolvunt,
1004 2146 1180 2225 (adiuvante
1196 2163 1284 2227 epec-

216 2254 330 2317 tatores
352 2251 383 2316 in
405 2251 505 2317 forma
528 2253 688 2319 sentienda
709 2258 740 2318 et
761 2254 957 2337 percipienda
982 2252 1100 2319 musice
1130 2252 1163 2316 et
1184 2250 1282 2316 salta·

217 2357 299 2422 tione
337 2357 377 2422 ad
410 2358 539 2423 eandem
576 2358 732 2424 varietatis
774 2359 924 2424 unitatem
959 2357 1150 2440 composita).
1201 2355 1283 2419 Nam

218 2462 294 2527 nihil
329 2464 410 2527 aliud
446 2483 538 2547 quam
571 2469 693 2547 arrepta
724 2464 883 2534 levissima
910 2483 945 2528 ac
967 2464 1096 2528 minime
1119 2459 1282 2526 sententia·

217 2569 272 2633 aut
296 2570 376 2633 vocis
404 2588 473 2633 cum
498 2570 597 2634 altera
619 2572 687 2651 post
712 2565 810 2634 maius
834 2569 971 2633 minusve
993 2567 1191 2634 intervalium
1213 2564 1282 2630 suh

218 2675 358 2756 sequenti
383 2673 584 2738 similitudine
610 2694 750 2739 versuum
783 2674 888 2738 eodem
915 2692 1026 2757 genere
1058 2672 1282 2738 decurrentium

217 2780 328 2843 seriem
372 2780 402 2843 iu
437 2778 572 2845 minutae
616 2782 765 2863 quaedam
797 2779 962 2864 particulae
994 2778 1172 2853 concidunt,
1208 2777 1283 2841 alias

218 2884 368 2965 plurium,
404 2886 480 2950 alias
514 2887 688 2969 pauciorum
712 2906 868 2961 versuum,
899 2904 1027 2969 quarum
1050 2884 1129 2948 binae
1151 2884 1283 2947 ternave

218 3008 279 3055 non
312 2990 419 3055 eodem
441 2992 563 3067 ordine,
596 2993 649 3058 sed
671 2992 761 3075 plane
783 2992 898 3056 incerto
925 2994 957 3056 et
986 2990 1109 3054 confuso
1139 2987 1223 3053 inter
1252 3005 1284 3052 se

219 3098 432 3181 respondeant.
491 3097 532 3161 Et
562 3100 667 3162 tamen
702 3097 751 3180 ad
773 3099 853 3162 hanc
885 3095 1056 3161 inauditam
1091 3095 1285 3177 stropharum

220 3203 355 3285 speeiem
378 3202 580 3276 efficiendam,
603 3223 695 3286 quam
718 3203 846 3268 fortasse
863 3201 1031 3273 ‚succedet
1067 3200 1173 3284 quiin
1196 3200 1285 3266 (ira-

219 3325 325 3371 carum
347 3308 565 3392 tragoediarum
598 3308 733 3373 diverbia
754 3308 883 3385 inferat,
916 3307 1088 3371 incredibili
1109 3305 1286 3371 temeritate

222 3429 328 3476 versus
350 3415 554 3496 transponunt
581 3416 629 3479 vel
651 3414 760 3498 potius
789 3415 960 3487 disiiciunt‚
992 3413 1131 3489 mutant,
1164 3410 1287 3484 tollunt,

218 3516 305 3581 cuius
338 3520 381 3583 rei
416 3521 442 3584 si
475 3521 543 3603 quis
567 3522 739 3603 exemplum
770 3521 881 3586 hahere
909 3520 1015 3602 cupit,
1050 3517 1142 3583 velim
1176 3517 1287 3601 inspici

220 3621 376 3688 Troadum
398 3627 569 3702 canticum,
609 3627 689 3707 quod
721 3647 740 3690 a
774 3646 804 3691 v.
837 3626 899 3687 824
916 3624 1045 3705 incipit.
1089 3624 1199 3705 Itaque
1222 3621 1288 3685 haec

220 3730 426 3811 perversitas,
469 3731 629 3795 coniuncta
665 3750 733 3795 oum
770 3731 896 3796 somniis
935 3730 1118 3813 quibusdam
1156 3725 1288 3809 Gruppii

220 3833 409 3915 aliorumque
430 3833 493 3898 iam
516 3835 666 3900 oblivione
689 3836 803 3900 obrutis
827 3835 864 3899 do
894 3835 994 3917 poetis
1016 3834 1171 3918 antiquis,
1200 3835 1286 3898 velut

222 3938 358 4003 Hesiodo
381 3959 439 4003 uon
461 3940 563 4005 minus
586 3960 678 4024 quem
702 3939 832 4014 Tibullo,
854 3958 947 4023 opera
967 3958 1023 4004 sua
1044 3942 1127 4004 certo
1143 3956 1289 4004 versuum

221 4061 351 4109 numero
375 4044 457 4122 (eino
488 4043 814 4128 compositione-Zeti)
851 4044 1019 4118 dimensis,
1051 4044 1108 4109 etsi
1142 4043 1288 4109 similiter
