2654 5010
236 249 298 312 aar
606 243 665 298 niu.
684 243 722 297 11.
741 242 808 313 cap.
827 243 862 297 v.
904 306 906 308 ,

190 464 286 513 seusu
319 444 453 510 aliorum
485 441 623 517 laetabar,
659 439 801 505 ueritatis
838 442 1028 509 convicium
1065 462 1126 508 non
1157 440 1269 506 ualuisse

197 552 324 618 moleste
347 549 493 621 ferebam,
515 547 686 629 praeterque
709 564 771 623 cas,
794 566 872 631 quas
895 549 978 614 olim
1003 548 1037 613 in
1053 549 1156 615 altero
1171 548 1271 614 Aduer-

191 656 349 722 snriorum
377 656 532 721 volumine
560 650 653 730 edidi,
685 658 905 720 succurrerunt
933 674 1028 721 novae
1058 655 1189 740 aliquot,
1208 674 1270 719 non·

199 763 291 828 nnllae
313 760 439 846 quidem
462 760 502 827 ad
524 758 686 825 sententia
708 762 741 822 et
756 760 906 828 orationis
922 763 1066 829 formam
1083 760 1271 827 adiuvandam

195 869 275 934 entis
296 868 457 944 notabiles,
481 866 594 949 parum
616 864 801 950 probabiles,
823 867 940 949 partim
966 887 1041 935 meo
1065 868 1183 934 iudicio
1195 866 1272 952 plane

198 976 302 1039 certa.
346 974 407 1039 Eas
428 973 480 1039 bic
502 973 672 1038 subiiciam.

298 1147 473 1214 Annalium
505 1147 559 1213 lib.
593 1147 635 1227 Il,
669 1149 709 1213 39
738 1150 790 1227 (dc
821 1166 910 1215 servo
938 1147 1112 1215 Clemente
1141 1149 1271 1235 Agrippa

195 1252 337 1318 Postumi
371 1253 526 1320 interfecti
559 1274 718 1339 personam
752 1256 915 1332 mentito):
957 1273 1050 1320 nam
1090 1260 1208 1321 aetnte
1239 1256 1271 1320 et

199 1359 324 1425 forma
344 1358 447 1424 barud
470 1360 673 1426 dissimili
700 1364 737 1426 in
761 1361 963 1427 dominum
989 1363 1092 1426 erat
1143 1360 1270 1428 Tacitum

200 1482 253 1547 pro
287 1484 333 1540 eo,
370 1466 450 1548 qnod
488 1486 606 1546 omnes,
639 1468 692 1552 qni
725 1468 835 1534 Latine
868 1467 1092 1551 loquebantur,
1131 1467 1269 1541 diceban,

191 1570 401 1637 dissimili
430 1574 597 1650 domini,
628 1573 740 1640 dixisse
767 1572 970 1638 dissimili
1006 1574 1047 1637 in
1078 1573 1267 1639 dominnm

194 1693 297 1759 neque
320 1680 374 1742 ant
396 1680 493 1762 ipsius
521 1683 584 1746 ant⁴
604 1681 683 1747 nlius
712 1679 893 1763 cuiusquam
922 1679 1065 1762 exemplo
1095 1678 1265 1752 defenditur,

201 1801 299 1865 neqne
321 1785 383 1850 nlla
405 1786 573 1872 excogitari
604 1788 707 1871 potest
734 1788 813 1852 ratio
836 1804 855 1851 a
876 1789 1028 1849 consueto
1053 1783 1202 1869 loqnsndi
1221 1803 1265 1849 usn

194 1889 233 1952 >in
256 1888 342 1955 illam
366 1892 494 1957 formam
512 1892 703 1959 deflectendi.
737 1893 845 1974 Itaque
860 1908 988 1972 promus
1005 1889 1086 1956 mihi
1103 1889 1264 1974 persuadeo,

200 1994 341 2062 'l'acitnm
364 2000 465 2062 aetatis
488 1998 655 2081 formaque
676 1997 758 2063 band
780 1999 819 2063 ab
834 1996 959 2061 domino
977 1997 1178 2063 abhorrentis
1192 2016 1262 2061 men·

192 2103 280 2168 tioni
302 2122 356 2185 per
378 2103 415 2168 in
438 2104 685 2187 praepositionem
709 2103 880 2168 adiunxisse
903 2103 957 2180 rei,
982 2102 1015 2167 in
1040 2123 1105 2188 qun
1120 2123 1158 2169 ea
1172 2101 1263 2169 simili·

250 2385 253 2389 .
301 2314 335 2368 ab
355 2313 507 2368 editoribus
526 2313 666 2383 accipitur,
694 2313 745 2367 nisi
774 2312 845 2368 torte
873 2311 1089 2366 tribunatum
1109 2326 1260 2382 agcrcpro

303 2423 344 2473 eo,
364 2407 437 2476 quod
456 2413 500 2461 cst
518 2407 687 2471 tribunorum
706 2406 839 2461 delectum
852 2405 966 2471 babere,
979 2405 1033 2460 dici
1047 2422 1133 2474 posse
1144 2415 1259 2476 pommus.

301 2500 424 2567 Accedit,
454 2499 527 2567 quod
559 2500 618 2555 eius
651 2500 698 2565 rei,
732 2515 812 2566 quam
841 2499 1021 2554 Germanicus
1054 2516 1170 2569 prorsus
1199 2504 1259 2553 erne

302 2593 423 2649 ordinem
443 2592 570 2662 sciscepit,
590 2593 814 2649 consuetudinem
833 2592 959 2659 alienam,
982 2608 998 2646 e
1025 2609 1083 2660 qna
1101 2595 1209 2663 propria
1224 2608 1258 2658 ao

300 2685 416 2755 pallatio
434 2687 510 2740 nasci
529 2686 655 2755 potuerit,
674 2685 759 2741 fuisse
778 2686 853 2740 nullo
873 2686 984 2740 minimo
1003 2686 1123 2754 vestigio
1142 2683 1257 2753 signitica-

301 2786 352 2833 tur.
401 2779 499 2846 ltaque
527 2779 610 2834 aliter
635 2780 747 2833 Tacitus
781 2779 903 2848 scripsit;
936 2794 1029 2845 neque
1062 2787 1155 2832 tamen
1186 2777 1256 2845 ipsun

299 2872 559 2926 centurionatus
588 2888 685 2926 nomen
713 2872 834 2942 legitima
860 2870 950 2925 forma
976 2870 1072 2925 lictum
1090 2869 1186 2939 expelli
1204 2875 1255 2920 ran·

283 2981 381 3033 quam
402 2981 494 3021 errore
514 2973 608 3020 natum
626 2971 728 3035 potest,
752 2980 840 3034 neque
864 2962 990 3018 addendo
1015 2962 1097 3029 effici,
1122 2962 1191 3032 qnod
1208 2975 1253 3014 sen·

300 3060 394 3114 teutiae
415 3060 567 3115 conveniat.
606 3057 685 3125 Quod
704 3058 857 3125 quaerimus,
877 3055 998 3111 allicitur
1017 3057 1116 3109 nnain
1129 3056 1253 3108 bocroca·

298 3152 363 3206 bulo
392 3153 483 3208 littera
510 3158 616 3207 mutata
643 3159 671 3207 et
699 3150 799 3206 additis
821 3149 936 3218 duabus,
959 3164 1022 3218 quae
1046 3149 1121 3202 inter
1142 3146 1212 3201 inde
1233 3150 1253 3195 et

299 3245 368 3313 egit
386 3245 514 3300 facillime
536 3244 707 3312 exciderunt,
726 3250 756 3298 ut
778 3243 927 3298 scribatur:
950 3239 1168 3297 Centuricuttus
1192 3235 1252 3293 inde

299 3337 401 3407 exegit.
447 3340 489 3393 lta
519 3336 692 3392 scribendum
721 3352 781 3392 cese
810 3352 871 3390 cum
899 3341 1086 3401 annotassem,
1116 3333 1170 3388 ridi
1195 3332 1252 3386 iden

300 3428 436 3485 Gronovio
456 3432 484 3484 in
502 3437 620 3486 mentem
638 3430 754 3494 venisse,
773 3429 822 3484 scd
834 3428 986 3484 editoribus
998 3442 1049 3496 pro
1063 3426 1164 3479 indicto
1176 3424 1250 3477 luisse.

301 3523 429 3578 Eiusdem
448 3526 555 3592 generis
575 3523 700 3593 exempla
718 3521 804 3576 multa
823 3535 983 3578 enumcrare
1002 3525 1137 3589 poteram,
1157 3516 1250 3571 scdboc

300 3615 360 3669 loco
385 3616 492 3671 durobus
517 3624 662 3672 contentus
686 3632 742 3682 ero,
765 3614 866 3668 Annal.
884 3613 932 3677 vl,
953 3611 969 3665 7
990 3620 1017 3665 ct
1036 3610 1108 3665 Hist.
1127 3610 1162 3673 ll,
1178 3608 1216 3666 88,
1230 3606 1250 3656 iu

298 3724 412 3776 quorum
440 3710 528 3778 priore
556 3726 615 3763 cum
641 3711 669 3763 C.
690 3709 835 3764 Cestium
856 3708 1008 3777 praetorem
1036 3707 1099 3774 (pro
1120 3704 1248 3772 putrent

298 3801 324 3854 in
352 3801 438 3856 altero
472 3804 501 3855 nl
529 3802 667 3858 rebantur
700 3808 760 3871 lprc
788 3800 981 3865 utebantur)
1010 3795 1179 3851 scribendum
1202 3806 1248 3845 csse

297 3891 442 3948 dictassem
461 3895 580 3963 mihique
599 3895 633 3949 de
657 3894 811 3951 manifestis
837 3902 863 3948 ct
887 3893 1013 3948 facilibus
1037 3886 1248 3946 emendationibus

235 4016 238 4021 ·
296 4000 374 4051 paenc
402 3987 563 4054 gratularer,
592 3989 793 4044 insusurratum
822 3997 864 4042 est
887 3986 1035 4055 utrobique
1054 3984 1090 4040 ab
1109 3975 1247 4037 amanuensi

295 4073 381 4143 Lipsii
400 4094 500 4132 nomen
519 4095 553 4133 ex
572 4081 671 4135 Halmii
691 4081 877 4137 annotatione.
