<?xml version="1.0" encoding="UTF-8"?>
<!DOCTYPE html PUBLIC "-//W3C//DTD XHTML 1.0 Transitional//EN"
    "http://www.w3.org/TR/xhtml1/DTD/xhtml1-transitional.dtd">
<html xmlns="http://www.w3.org/1999/xhtml" xml:lang="en" lang="en">
 <head>
  <title>
</title>
<meta http-equiv="Content-Type" content="text/html;charset=utf-8" />
  <meta name='ocr-system' content='tesseract 3.04.00' />
  <meta name='ocr-capabilities' content='ocr_page ocr_carea ocr_par ocr_line ocrx_word'/>
</head>
<body>
  <div class='ocr_page' id='page_1' title='image "./ioniemadvigiiad00madvgoog_0817.png"; bbox 0 0 2656 5056; ppageno 0'>
   <div class='ocr_carea' id='block_1_1' title="bbox 428 679 1071 744">
    <p class='ocr_par' dir='ltr' id='par_1_1' title="bbox 428 679 1071 744">
     <span class='ocr_line' id='line_1_1' title="bbox 428 679 1071 744; baseline 0.017 -11"><span class='ocrx_word' id='word_1_1' title='bbox 428 679 569 735; x_wconf 79' lang='lat' dir='ltr'><strong>Ciceronis</strong></span> <span class='ocrx_word' id='word_1_2' title='bbox 587 680 733 738; x_wconf 83' lang='lat' dir='ltr'><strong>orationes.</strong></span> <span class='ocrx_word' id='word_1_3' title='bbox 1013 681 1071 744; x_wconf 75' lang='lat'><strong>121</strong></span> 
     </span>
    </p>
   </div>
   <div class='ocr_carea' id='block_1_2' title="bbox 6 874 1114 3828">
    <p class='ocr_par' dir='ltr' id='par_1_2' title="bbox 6 874 1114 3828">
     <span class='ocr_line' id='line_1_2' title="bbox 144 874 1114 956; baseline 0.004 -17"><span class='ocrx_word' id='word_1_4' title='bbox 144 874 225 940; x_wconf 89' lang='lat' dir='ltr'><strong>Ibid.</strong></span> <span class='ocrx_word' id='word_1_5' title='bbox 242 879 295 941; x_wconf 79' lang='lat' dir='ltr'><strong>ll:</strong></span> <span class='ocrx_word' id='word_1_6' title='bbox 320 877 580 944; x_wconf 87' lang='lat' dir='ltr'><strong>Dubitabitis</strong></span> <span class='ocrx_word' id='word_1_7' title='bbox 603 878 723 945; x_wconf 86' lang='lat' dir='ltr'><strong>etism</strong></span> <span class='ocrx_word' id='word_1_8' title='bbox 748 877 922 956; x_wconf 81' lang='lat' dir='ltr'><strong>diutius,</strong></span> <span class='ocrx_word' id='word_1_9' title='bbox 945 875 1114 953; x_wconf 83' lang='lat' dir='ltr'><strong>iudices,</strong></span> 
     </span>
     <span class='ocr_line' id='line_1_3' title="bbox 6 981 1113 1066; baseline 0.001 -19"><span class='ocrx_word' id='word_1_10' title='bbox 6 981 138 1063; x_wconf 70' lang='lat' dir='ltr'><strong>aqniu</strong></span> <span class='ocrx_word' id='word_1_11' title='bbox 168 1027 300 1046; x_wconf 90' lang='grc'><strong>.....</strong></span> <span class='ocrx_word' id='word_1_12' title='bbox 331 986 587 1050; x_wconf 82' lang='lat' dir='ltr'><strong>verissimum</strong></span> <span class='ocrx_word' id='word_1_13' title='bbox 617 983 690 1062; x_wconf 86' lang='lat' dir='ltr'><strong>sit,</strong></span> <span class='ocrx_word' id='word_1_14' title='bbox 717 982 831 1049; x_wconf 88' lang='lat' dir='ltr'><strong>aliud</strong></span> <span class='ocrx_word' id='word_1_15' title='bbox 858 1001 924 1066; x_wconf 90' lang='lat' dir='ltr'><strong>per</strong></span> <span class='ocrx_word' id='word_1_16' title='bbox 951 982 1023 1048; x_wconf 90' lang='lat' dir='ltr'><strong>hoc</strong></span> <span class='ocrx_word' id='word_1_17' title='bbox 1050 982 1113 1048; x_wconf 92' lang='lat' dir='ltr'><strong>in-</strong></span> 
     </span>
     <span class='ocr_line' id='line_1_4' title="bbox 31 1085 1113 1175; baseline 0.006 -26"><span class='ocrx_word' id='word_1_18' title='bbox 31 1085 197 1152; x_wconf 89' lang='lat' dir='ltr'><strong>dicium</strong></span> <span class='ocrx_word' id='word_1_19' title='bbox 226 1089 333 1155; x_wconf 89' lang='lat' dir='ltr'><strong>nihil</strong></span> <span class='ocrx_word' id='word_1_20' title='bbox 361 1091 442 1175; x_wconf 85' lang='lat' dir='ltr'><strong>egi,</strong></span> <span class='ocrx_word' id='word_1_21' title='bbox 473 1090 555 1156; x_wconf 90' lang='lat' dir='ltr'><strong>nisi</strong></span> <span class='ocrx_word' id='word_1_22' title='bbox 581 1092 624 1154; x_wconf 94' lang='lat' dir='ltr'><strong>nt</strong></span> <span class='ocrx_word' id='word_1_23' title='bbox 653 1088 696 1153; x_wconf 88' lang='lat' dir='ltr'><strong>M.</strong></span> <span class='ocrx_word' id='word_1_24' title='bbox 725 1089 894 1156; x_wconf 77' lang='lat' dir='ltr'><strong>Fonteio</strong></span> <span class='ocrx_word' id='word_1_25' title='bbox 922 1107 1113 1173; x_wconf 87' lang='lat' dir='ltr'><strong>oppresso</strong></span> 
     </span>
     <span class='ocr_line' id='line_1_5' title="bbox 6 1191 1113 1280; baseline 0.003 -21"><span class='ocrx_word' id='word_1_26' title='bbox 6 1191 303 1261; x_wconf 71' lang='lat' dir='ltr'><strong>testimoniis</strong></span> <span class='ocrx_word' id='word_1_27' title='bbox 335 1214 484 1272; x_wconf 76' lang='lat' dir='ltr'><strong>eorum,</strong></span> <span class='ocrx_word' id='word_1_28' title='bbox 517 1196 661 1280; x_wconf 84' lang='lat' dir='ltr'><strong>quibus</strong></span> <span class='ocrx_word' id='word_1_29' title='bbox 694 1196 823 1261; x_wconf 88' lang='lat' dir='ltr'><strong>multa</strong></span> <span class='ocrx_word' id='word_1_30' title='bbox 854 1196 911 1261; x_wconf 88' lang='lat' dir='ltr'><strong>rei</strong></span> <span class='ocrx_word' id='word_1_31' title='bbox 941 1195 1113 1278; x_wconf 77' lang='lat' dir='ltr'><strong>publica</strong></span> 
     </span>
     <span class='ocr_line' id='line_1_6' title="bbox 16 1300 1112 1386; baseline 0.008 -28"><span class='ocrx_word' id='word_1_32' title='bbox 16 1315 167 1364; x_wconf 32' lang='lat' dir='ltr'><strong>*cause</strong></span> <span class='ocrx_word' id='word_1_33' title='bbox 207 1300 479 1368; x_wconf 76' lang='lat' dir='ltr'><strong>invitissimis</strong></span> <span class='ocrx_word' id='word_1_34' title='bbox 518 1302 719 1385; x_wconf 89' lang='lat' dir='ltr'><strong>imperata</strong></span> <span class='ocrx_word' id='word_1_35' title='bbox 754 1304 862 1378; x_wconf 87' lang='lat' dir='ltr'><strong>sunt,</strong></span> <span class='ocrx_word' id='word_1_36' title='bbox 902 1302 1112 1386; x_wconf 82' lang='lat' dir='ltr'><strong>segniores</strong></span> 
     </span>
     <span class='ocr_line' id='line_1_7' title="bbox 40 1404 1113 1491; baseline 0.005 -23"><span class='ocrx_word' id='word_1_37' title='bbox 40 1404 218 1484; x_wconf 86' lang='lat' dir='ltr'><strong>posthae</strong></span> <span class='ocrx_word' id='word_1_38' title='bbox 240 1405 285 1471; x_wconf 90' lang='lat' dir='ltr'><strong>ad</strong></span> <span class='ocrx_word' id='word_1_39' title='bbox 308 1407 586 1491; x_wconf 90' lang='lat' dir='ltr'><strong>imperandum</strong></span> <span class='ocrx_word' id='word_1_40' title='bbox 607 1409 735 1474; x_wconf 86' lang='lat' dir='ltr'><strong>ceteri</strong></span> <span class='ocrx_word' id='word_1_41' title='bbox 763 1409 862 1486; x_wconf 72' lang='lat' dir='ltr'><strong>sint,</strong></span> <span class='ocrx_word' id='word_1_42' title='bbox 893 1427 976 1473; x_wconf 88' lang='lat' dir='ltr'><strong>cum</strong></span> <span class='ocrx_word' id='word_1_43' title='bbox 997 1407 1113 1473; x_wconf 89' lang='lat' dir='ltr'><strong>vide·</strong></span> 
     </span>
     <span class='ocr_line' id='line_1_8' title="bbox 6 1511 1112 1598; baseline 0.005 -25"><span class='ocrx_word' id='word_1_44' title='bbox 6 1511 126 1589; x_wconf 63' lang='lat' dir='ltr'><strong>:atis</strong></span> <span class='ocrx_word' id='word_1_45' title='bbox 149 1530 215 1577; x_wconf 89' lang='lat' dir='ltr'><strong>eos</strong></span> <span class='ocrx_word' id='word_1_46' title='bbox 236 1531 486 1598; x_wconf 83' lang='lat' dir='ltr'><strong>oppugnare,</strong></span> <span class='ocrx_word' id='word_1_47' title='bbox 517 1514 663 1597; x_wconf 90' lang='lat' dir='ltr'><strong>quibus</strong></span> <span class='ocrx_word' id='word_1_48' title='bbox 692 1514 832 1598; x_wconf 90' lang='lat' dir='ltr'><strong>populi</strong></span> <span class='ocrx_word' id='word_1_49' title='bbox 854 1513 1018 1580; x_wconf 90' lang='lat' dir='ltr'><strong>Romani</strong></span> <span class='ocrx_word' id='word_1_50' title='bbox 1040 1519 1112 1579; x_wconf 91' lang='lat' dir='ltr'><strong>im-</strong></span> 
     </span>
     <span class='ocr_line' id='line_1_9' title="bbox 16 1618 1113 1703; baseline 0.002 -21"><span class='ocrx_word' id='word_1_51' title='bbox 16 1618 198 1698; x_wconf 20' lang='lat' dir='ltr'><strong>*perium</strong></span> <span class='ocrx_word' id='word_1_52' title='bbox 229 1619 431 1686; x_wconf 83' lang='lat' dir='ltr'><strong>incolume</strong></span> <span class='ocrx_word' id='word_1_53' title='bbox 466 1639 554 1687; x_wconf 89' lang='lat' dir='ltr'><strong>esse</strong></span> <span class='ocrx_word' id='word_1_54' title='bbox 586 1639 660 1685; x_wconf 94' lang='lat' dir='ltr'><strong>non</strong></span> <span class='ocrx_word' id='word_1_55' title='bbox 693 1621 850 1703; x_wconf 82' lang='lat' dir='ltr'><strong>possit?</strong></span> <span class='ocrx_word' id='word_1_56' title='bbox 892 1620 1002 1686; x_wconf 84' lang='lat' dir='ltr'><strong>Sinin</strong></span> <span class='ocrx_word' id='word_1_57' title='bbox 1032 1620 1113 1685; x_wconf 92' lang='lat' dir='ltr'><strong>anti·</strong></span> 
     </span>
     <span class='ocr_line' id='line_1_10' title="bbox 17 1723 1113 1808; baseline 0.002 -21"><span class='ocrx_word' id='word_1_58' title='bbox 17 1723 192 1807; x_wconf 59' lang='lat' dir='ltr'><strong>3quissimo</strong></span> <span class='ocrx_word' id='word_1_59' title='bbox 225 1724 327 1791; x_wconf 87' lang='lat' dir='ltr'><strong>codice</strong></span> <span class='ocrx_word' id='word_1_60' title='bbox 357 1725 455 1803; x_wconf 81' lang='lat' dir='ltr'><strong>(Vct.)</strong></span> <span class='ocrx_word' id='word_1_61' title='bbox 489 1726 634 1792; x_wconf 78' lang='lat' dir='ltr'><strong>scribitur</strong></span> <span class='ocrx_word' id='word_1_62' title='bbox 666 1728 801 1792; x_wconf 84' lang='lat' dir='ltr'><strong>extrema</strong></span> <span class='ocrx_word' id='word_1_63' title='bbox 834 1727 921 1808; x_wconf 89' lang='lat' dir='ltr'><strong>parte</strong></span> <span class='ocrx_word' id='word_1_64' title='bbox 953 1726 1113 1791; x_wconf 87' lang='lat' dir='ltr'><strong>sententiae</strong></span> 
     </span>
     <span class='ocr_line' id='line_1_11' title="bbox 14 1830 1112 1914; baseline 0.003 -21"><span class='ocrx_word' id='word_1_65' title='bbox 14 1831 150 1913; x_wconf 64' lang='lat' dir='ltr'><strong>aperte</strong></span> <span class='ocrx_word' id='word_1_66' title='bbox 172 1830 269 1898; x_wconf 83' lang='lat' dir='ltr'><strong>fracta</strong></span> <span class='ocrx_word' id='word_1_67' title='bbox 290 1836 322 1897; x_wconf 88' lang='lat' dir='ltr'><strong>et</strong></span> <span class='ocrx_word' id='word_1_68' title='bbox 343 1850 470 1910; x_wconf 64' lang='lat' dir='ltr'><strong>manem</strong></span> <span class='ocrx_word' id='word_1_69' title='bbox 491 1832 523 1898; x_wconf 94' lang='lat' dir='ltr'><strong>in</strong></span> <span class='ocrx_word' id='word_1_70' title='bbox 546 1831 651 1899; x_wconf 89' lang='lat' dir='ltr'><strong>codice</strong></span> <span class='ocrx_word' id='word_1_71' title='bbox 667 1830 896 1914; x_wconf 85' lang='lat' dir='ltr'><strong>Salisburgensi</strong></span> <span class='ocrx_word' id='word_1_72' title='bbox 911 1830 1042 1913; x_wconf 89' lang='lat' dir='ltr'><strong>aliisque</strong></span> <span class='ocrx_word' id='word_1_73' title='bbox 1057 1850 1112 1913; x_wconf 90' lang='lat' dir='ltr'><strong>pro</strong></span> 
     </span>
     <span class='ocr_line' id='line_1_12' title="bbox 40 1936 1111 2020; baseline 0 -20"><span class='ocrx_word' id='word_1_74' title='bbox 40 1936 223 2002; x_wconf 86' lang='lat' dir='ltr'><strong>videatis</strong></span> <span class='ocrx_word' id='word_1_75' title='bbox 244 1938 390 2005; x_wconf 82' lang='lat' dir='ltr'><strong>scribitur</strong></span> <span class='ocrx_word' id='word_1_76' title='bbox 412 1938 595 2018; x_wconf 82' lang='lat' dir='ltr'><strong>rideant,</strong></span> <span class='ocrx_word' id='word_1_77' title='bbox 619 1938 728 2003; x_wconf 87' lang='lat' dir='ltr'><strong>deinde</strong></span> <span class='ocrx_word' id='word_1_78' title='bbox 753 1936 996 2020; x_wconf 77' lang='lat' dir='ltr'><strong>oppugnari,</strong></span> <span class='ocrx_word' id='word_1_79' title='bbox 1022 1937 1111 2019; x_wconf 92' lang='lat' dir='ltr'><strong>qui-</strong></span> 
     </span>
     <span class='ocr_line' id='line_1_13' title="bbox 39 2043 1111 2127; baseline -0.003 -19"><span class='ocrx_word' id='word_1_80' title='bbox 39 2045 117 2109; x_wconf 90' lang='lat' dir='ltr'><strong>bus</strong></span> <span class='ocrx_word' id='word_1_81' title='bbox 138 2043 1111 2127; x_wconf 88' lang='lat' dir='ltr'><strong>oppressispopuliRomaniimperiumineolume</strong></span> 
     </span>
     <span class='ocr_line' id='line_1_14' title="bbox 40 2149 1112 2234; baseline 0 -20"><span class='ocrx_word' id='word_1_82' title='bbox 40 2168 230 2215; x_wconf 88' lang='lat' dir='ltr'><strong>essenon</strong></span> <span class='ocrx_word' id='word_1_83' title='bbox 259 2152 401 2233; x_wconf 91' lang='lat' dir='ltr'><strong>possit.</strong></span> <span class='ocrx_word' id='word_1_84' title='bbox 453 2149 513 2229; x_wconf 81' lang='lat' dir='ltr'><strong>Qui</strong></span> <span class='ocrx_word' id='word_1_85' title='bbox 536 2149 717 2234; x_wconf 90' lang='lat' dir='ltr'><strong>diligentius</strong></span> <span class='ocrx_word' id='word_1_86' title='bbox 739 2149 778 2215; x_wconf 89' lang='lat' dir='ltr'><strong>ad</strong></span> <span class='ocrx_word' id='word_1_87' title='bbox 800 2150 987 2215; x_wconf 89' lang='lat' dir='ltr'><strong>sententiam</strong></span> <span class='ocrx_word' id='word_1_88' title='bbox 1010 2151 1112 2214; x_wconf 84' lang='lat' dir='ltr'><strong>atten-</strong></span> 
     </span>
     <span class='ocr_line' id='line_1_15' title="bbox 39 2255 1111 2341; baseline 0.001 -22"><span class='ocrx_word' id='word_1_89' title='bbox 39 2255 135 2331; x_wconf 85' lang='lat' dir='ltr'><strong>derit,</strong></span> <span class='ocrx_word' id='word_1_90' title='bbox 168 2255 257 2323; x_wconf 83' lang='lat' dir='ltr'><strong>facile</strong></span> <span class='ocrx_word' id='word_1_91' title='bbox 290 2257 517 2322; x_wconf 77' lang='lat' dir='ltr'><strong>animadvertet</strong></span> <span class='ocrx_word' id='word_1_92' title='bbox 545 2274 642 2341; x_wconf 86' lang='lat' dir='ltr'><strong>neque</strong></span> <span class='ocrx_word' id='word_1_93' title='bbox 664 2275 715 2321; x_wconf 90' lang='lat' dir='ltr'><strong>eos</strong></span> <span class='ocrx_word' id='word_1_94' title='bbox 738 2255 827 2333; x_wconf 76' lang='lat' dir='ltr'><strong>solos,</strong></span> <span class='ocrx_word' id='word_1_95' title='bbox 851 2258 904 2338; x_wconf 87' lang='lat' dir='ltr'><strong>qui</strong></span> <span class='ocrx_word' id='word_1_96' title='bbox 927 2258 1111 2340; x_wconf 83' lang='lat' dir='ltr'><strong>oppugnent,</strong></span> 
     </span>
     <span class='ocr_line' id='line_1_16' title="bbox 39 2362 1112 2446; baseline 0.002 -22"><span class='ocrx_word' id='word_1_97' title='bbox 39 2362 197 2427; x_wconf 86' lang='lat' dir='ltr'><strong>nominari</strong></span> <span class='ocrx_word' id='word_1_98' title='bbox 226 2362 336 2429; x_wconf 90' lang='lat' dir='ltr'><strong>debere</strong></span> <span class='ocrx_word' id='word_1_99' title='bbox 366 2371 471 2446; x_wconf 84' lang='lat' dir='ltr'><strong>(qnam</strong></span> <span class='ocrx_word' id='word_1_100' title='bbox 501 2364 665 2429; x_wconf 84' lang='lat' dir='ltr'><strong>verborum</strong></span> <span class='ocrx_word' id='word_1_101' title='bbox 697 2362 936 2445; x_wconf 84' lang='lat' dir='ltr'><strong>supplendorum</strong></span> <span class='ocrx_word' id='word_1_102' title='bbox 962 2363 1112 2428; x_wconf 90' lang='lat' dir='ltr'><strong>rationem</strong></span> 
     </span>
     <span class='ocr_line' id='line_1_17' title="bbox 38 2466 1113 2553; baseline 0.004 -23"><span class='ocrx_word' id='word_1_103' title='bbox 38 2466 233 2534; x_wconf 90' lang='lat' dir='ltr'><strong>Niebuhrius</strong></span> <span class='ocrx_word' id='word_1_104' title='bbox 254 2472 378 2534; x_wconf 89' lang='lat' dir='ltr'><strong>secutus</strong></span> <span class='ocrx_word' id='word_1_105' title='bbox 396 2470 446 2534; x_wconf 88' lang='lat' dir='ltr'><strong>est</strong></span> <span class='ocrx_word' id='word_1_106' title='bbox 460 2469 497 2534; x_wconf 89' lang='lat' dir='ltr'><strong>ab</strong></span> <span class='ocrx_word' id='word_1_107' title='bbox 514 2469 628 2536; x_wconf 90' lang='lat' dir='ltr'><strong>Orellio</strong></span> <span class='ocrx_word' id='word_1_108' title='bbox 644 2471 792 2536; x_wconf 84' lang='lat' dir='ltr'><strong>hactenus</strong></span> <span class='ocrx_word' id='word_1_109' title='bbox 808 2471 873 2535; x_wconf 91' lang='lat' dir='ltr'><strong>iure</strong></span> <span class='ocrx_word' id='word_1_110' title='bbox 888 2469 1113 2553; x_wconf 86' lang='lat' dir='ltr'><strong>reprehensus),</strong></span> 
     </span>
     <span class='ocr_line' id='line_1_18' title="bbox 38 2573 1113 2658; baseline 0.001 -20"><span class='ocrx_word' id='word_1_111' title='bbox 38 2591 143 2656; x_wconf 91' lang='lat' dir='ltr'><strong>neque</strong></span> <span class='ocrx_word' id='word_1_112' title='bbox 166 2591 228 2651; x_wconf 82' lang='lat' dir='ltr'><strong>eos,</strong></span> <span class='ocrx_word' id='word_1_113' title='bbox 250 2576 301 2658; x_wconf 94' lang='lat' dir='ltr'><strong>qui</strong></span> <span class='ocrx_word' id='word_1_114' title='bbox 324 2578 537 2658; x_wconf 82' lang='lat' dir='ltr'><strong>oppugnantur</strong></span> <span class='ocrx_word' id='word_1_115' title='bbox 559 2578 665 2658; x_wconf 89' lang='lat' dir='ltr'><strong>(qnam</strong></span> <span class='ocrx_word' id='word_1_116' title='bbox 688 2574 851 2658; x_wconf 86' lang='lat' dir='ltr'><strong>supplendi</strong></span> <span class='ocrx_word' id='word_1_117' title='bbox 873 2576 955 2641; x_wconf 83' lang='lat' dir='ltr'><strong>riam</strong></span> <span class='ocrx_word' id='word_1_118' title='bbox 978 2573 1113 2640; x_wconf 88' lang='lat' dir='ltr'><strong>Orellius</strong></span> 
     </span>
     <span class='ocr_line' id='line_1_19' title="bbox 37 2680 1109 2765; baseline 0.001 -20"><span class='ocrx_word' id='word_1_119' title='bbox 37 2698 115 2745; x_wconf 86' lang='lat' dir='ltr'><strong>cnm</strong></span> <span class='ocrx_word' id='word_1_120' title='bbox 137 2680 292 2746; x_wconf 87' lang='lat' dir='ltr'><strong>codicibus</strong></span> <span class='ocrx_word' id='word_1_121' title='bbox 315 2681 509 2746; x_wconf 85' lang='lat' dir='ltr'><strong>inferioribus</strong></span> <span class='ocrx_word' id='word_1_122' title='bbox 529 2683 637 2764; x_wconf 89' lang='lat' dir='ltr'><strong>tenet),</strong></span> <span class='ocrx_word' id='word_1_123' title='bbox 667 2682 721 2746; x_wconf 89' lang='lat' dir='ltr'><strong>sed</strong></span> <span class='ocrx_word' id='word_1_124' title='bbox 748 2700 784 2746; x_wconf 83' lang='lat' dir='ltr'><strong>er</strong></span> <span class='ocrx_word' id='word_1_125' title='bbox 806 2684 1006 2765; x_wconf 86' lang='lat' dir='ltr'><strong>utrorumque</strong></span> <span class='ocrx_word' id='word_1_126' title='bbox 1028 2700 1109 2748; x_wconf 91' lang='lat' dir='ltr'><strong>com·</strong></span> 
     </span>
     <span class='ocr_line' id='line_1_20' title="bbox 37 2785 1110 2873; baseline 0.003 -23"><span class='ocrx_word' id='word_1_127' title='bbox 37 2785 202 2868; x_wconf 88' lang='lat' dir='ltr'><strong>paratione</strong></span> <span class='ocrx_word' id='word_1_128' title='bbox 224 2790 255 2851; x_wconf 91' lang='lat' dir='ltr'><strong>et</strong></span> <span class='ocrx_word' id='word_1_129' title='bbox 276 2788 486 2853; x_wconf 90' lang='lat' dir='ltr'><strong>coniunctione</strong></span> <span class='ocrx_word' id='word_1_130' title='bbox 508 2787 724 2869; x_wconf 86' lang='lat' dir='ltr'><strong>argumentum</strong></span> <span class='ocrx_word' id='word_1_131' title='bbox 752 2787 831 2852; x_wconf 90' lang='lat' dir='ltr'><strong>duci.</strong></span> <span class='ocrx_word' id='word_1_132' title='bbox 881 2788 999 2872; x_wconf 78' lang='lat' dir='ltr'><strong>Itaque,</strong></span> <span class='ocrx_word' id='word_1_133' title='bbox 1030 2789 1110 2873; x_wconf 90' lang='lat' dir='ltr'><strong>quod</strong></span> 
     </span>
     <span class='ocr_line' id='line_1_21' title="bbox 39 2893 1110 2977; baseline 0 -19"><span class='ocrx_word' id='word_1_134' title='bbox 39 2894 140 2958; x_wconf 86' lang='lat' dir='ltr'><strong>etiam</strong></span> <span class='ocrx_word' id='word_1_135' title='bbox 161 2893 301 2960; x_wconf 88' lang='lat' dir='ltr'><strong>codicum</strong></span> <span class='ocrx_word' id='word_1_136' title='bbox 323 2895 354 2958; x_wconf 92' lang='lat' dir='ltr'><strong>in</strong></span> <span class='ocrx_word' id='word_1_137' title='bbox 383 2912 613 2977; x_wconf 88' lang='lat' dir='ltr'><strong>oppugnare</strong></span> <span class='ocrx_word' id='word_1_138' title='bbox 643 2895 676 2958; x_wconf 89' lang='lat' dir='ltr'><strong>et</strong></span> <span class='ocrx_word' id='word_1_139' title='bbox 704 2894 929 2977; x_wconf 86' lang='lat' dir='ltr'><strong>oppugnari</strong></span> <span class='ocrx_word' id='word_1_140' title='bbox 953 2894 1110 2958; x_wconf 83' lang='lat' dir='ltr'><strong>dissensus</strong></span> 
     </span>
     <span class='ocr_line' id='line_1_22' title="bbox 39 2996 1110 3084; baseline 0 -21"><span class='ocrx_word' id='word_1_141' title='bbox 39 3000 157 3084; x_wconf 89' lang='lat' dir='ltr'><strong>arguit,</strong></span> <span class='ocrx_word' id='word_1_142' title='bbox 179 3019 214 3064; x_wconf 84' lang='lat' dir='ltr'><strong>er</strong></span> <span class='ocrx_word' id='word_1_143' title='bbox 236 3001 303 3084; x_wconf 87' lang='lat' dir='ltr'><strong>ipsa</strong></span> <span class='ocrx_word' id='word_1_144' title='bbox 323 3001 485 3066; x_wconf 82' lang='lat' dir='ltr'><strong>verborum</strong></span> <span class='ocrx_word' id='word_1_145' title='bbox 508 3000 538 3063; x_wconf 93' lang='lat' dir='ltr'><strong>in</strong></span> <span class='ocrx_word' id='word_1_146' title='bbox 562 3001 692 3082; x_wconf 89' lang='lat' dir='ltr'><strong>utroque</strong></span> <span class='ocrx_word' id='word_1_147' title='bbox 714 3017 828 3083; x_wconf 89' lang='lat' dir='ltr'><strong>genere</strong></span> <span class='ocrx_word' id='word_1_148' title='bbox 848 2996 983 3064; x_wconf 79' lang='lat' dir='ltr'><strong>notendo</strong></span> <span class='ocrx_word' id='word_1_149' title='bbox 999 2998 1110 3064; x_wconf 90' lang='lat' dir='ltr'><strong>simili·</strong></span> 
     </span>
     <span class='ocr_line' id='line_1_23' title="bbox 38 3104 1112 3183; baseline -0.001 -13"><span class='ocrx_word' id='word_1_150' title='bbox 38 3105 152 3171; x_wconf 90' lang='lat' dir='ltr'><strong>tudina</strong></span> <span class='ocrx_word' id='word_1_151' title='bbox 180 3112 272 3172; x_wconf 85' lang='lat' dir='ltr'><strong>natus</strong></span> <span class='ocrx_word' id='word_1_152' title='bbox 305 3112 352 3173; x_wconf 92' lang='lat' dir='ltr'><strong>est</strong></span> <span class='ocrx_word' id='word_1_153' title='bbox 384 3125 476 3183; x_wconf 86' lang='lat' dir='ltr'><strong>error,</strong></span> <span class='ocrx_word' id='word_1_154' title='bbox 510 3124 580 3170; x_wconf 90' lang='lat' dir='ltr'><strong>cum</strong></span> <span class='ocrx_word' id='word_1_155' title='bbox 602 3104 758 3171; x_wconf 86' lang='lat' dir='ltr'><strong>sententia</strong></span> <span class='ocrx_word' id='word_1_156' title='bbox 779 3106 818 3170; x_wconf 87' lang='lat' dir='ltr'><strong>ad</strong></span> <span class='ocrx_word' id='word_1_157' title='bbox 840 3105 919 3171; x_wconf 88' lang='lat' dir='ltr'><strong>haue</strong></span> <span class='ocrx_word' id='word_1_158' title='bbox 942 3107 1069 3170; x_wconf 88' lang='lat' dir='ltr'><strong>lormam</strong></span> <span class='ocrx_word' id='word_1_159' title='bbox 1093 3125 1112 3170; x_wconf 86' lang='lat' dir='ltr'><strong>a</strong></span> 
     </span>
     <span class='ocr_line' id='line_1_24' title="bbox 40 3210 1111 3297; baseline -0.001 -20"><span class='ocrx_word' id='word_1_160' title='bbox 40 3212 189 3278; x_wconf 83' lang='lat' dir='ltr'><strong>Cicerone</strong></span> <span class='ocrx_word' id='word_1_161' title='bbox 222 3214 390 3297; x_wconf 83' lang='lat' dir='ltr'><strong>composita</strong></span> <span class='ocrx_word' id='word_1_162' title='bbox 421 3212 547 3277; x_wconf 85' lang='lat' dir='ltr'><strong>fuisset:</strong></span> <span class='ocrx_word' id='word_1_163' title='bbox 585 3229 649 3276; x_wconf 91' lang='lat' dir='ltr'><strong>eos</strong></span> <span class='ocrx_word' id='word_1_164' title='bbox 682 3229 928 3296; x_wconf 86' lang='lat' dir='ltr'><strong>oppugnare,</strong></span> <span class='ocrx_word' id='word_1_165' title='bbox 966 3210 1111 3296; x_wconf 91' lang='lat' dir='ltr'><strong>quibus</strong></span> 
     </span>
     <span class='ocr_line' id='line_1_25' title="bbox 42 3318 1111 3402; baseline -0.002 -18"><span class='ocrx_word' id='word_1_166' title='bbox 42 3320 366 3400; x_wconf 79' lang='lat' dir='ltr'><strong>(vincentibus,</strong></span> <span class='ocrx_word' id='word_1_167' title='bbox 398 3336 464 3385; x_wconf 92' lang='lat' dir='ltr'><strong>eos</strong></span> <span class='ocrx_word' id='word_1_168' title='bbox 495 3318 626 3383; x_wconf 88' lang='lat' dir='ltr'><strong>antem</strong></span> <span class='ocrx_word' id='word_1_169' title='bbox 656 3319 896 3402; x_wconf 88' lang='lat' dir='ltr'><strong>oppugnari,</strong></span> <span class='ocrx_word' id='word_1_170' title='bbox 926 3318 1111 3402; x_wconf 90' lang='lat' dir='ltr'><strong>quibus&gt;</strong></span> 
     </span>
     <span class='ocr_line' id='line_1_26' title="bbox 42 3424 1111 3509; baseline -0.001 -19"><span class='ocrx_word' id='word_1_171' title='bbox 42 3426 256 3507; x_wconf 89' lang='lat' dir='ltr'><strong>oppressis</strong></span> <span class='ocrx_word' id='word_1_172' title='bbox 295 3424 432 3509; x_wconf 90' lang='lat' dir='ltr'><strong>populi</strong></span> <span class='ocrx_word' id='word_1_173' title='bbox 468 3425 632 3490; x_wconf 87' lang='lat' dir='ltr'><strong>Romani</strong></span> <span class='ocrx_word' id='word_1_174' title='bbox 664 3424 875 3508; x_wconf 89' lang='lat' dir='ltr'><strong>imperium</strong></span> <span class='ocrx_word' id='word_1_175' title='bbox 910 3425 1111 3491; x_wconf 86' lang='lat' dir='ltr'><strong>incolume</strong></span> 
     </span>
     <span class='ocr_line' id='line_1_27' title="bbox 42 3530 1111 3615; baseline 0.004 -19"><span class='ocrx_word' id='word_1_176' title='bbox 42 3550 133 3596; x_wconf 91' lang='lat' dir='ltr'><strong>esse</strong></span> <span class='ocrx_word' id='word_1_177' title='bbox 155 3550 229 3596; x_wconf 91' lang='lat' dir='ltr'><strong>non</strong></span> <span class='ocrx_word' id='word_1_178' title='bbox 251 3531 394 3614; x_wconf 89' lang='lat' dir='ltr'><strong>possit.</strong></span> <span class='ocrx_word' id='word_1_179' title='bbox 442 3531 540 3596; x_wconf 83' lang='lat' dir='ltr'><strong>Tenui</strong></span> <span class='ocrx_word' id='word_1_180' title='bbox 570 3549 605 3596; x_wconf 83' lang='lat' dir='ltr'><strong>ex</strong></span> <span class='ocrx_word' id='word_1_181' title='bbox 635 3530 859 3614; x_wconf 88' lang='lat' dir='ltr'><strong>Salisburgensi</strong></span> <span class='ocrx_word' id='word_1_182' title='bbox 887 3532 1111 3615; x_wconf 80' lang='lat' dir='ltr'><strong>oppressis,</strong></span> 
     </span>
     <span class='ocr_line' id='line_1_28' title="bbox 42 3636 1112 3722; baseline 0.002 -20"><span class='ocrx_word' id='word_1_183' title='bbox 42 3636 128 3722; x_wconf 89' lang='lat' dir='ltr'><strong>quod</strong></span> <span class='ocrx_word' id='word_1_184' title='bbox 159 3642 226 3704; x_wconf 88' lang='lat' dir='ltr'><strong>tnm</strong></span> <span class='ocrx_word' id='word_1_185' title='bbox 259 3638 452 3704; x_wconf 82' lang='lat' dir='ltr'><strong>manifestior</strong></span> <span class='ocrx_word' id='word_1_186' title='bbox 483 3638 531 3702; x_wconf 89' lang='lat' dir='ltr'><strong>est</strong></span> <span class='ocrx_word' id='word_1_187' title='bbox 564 3636 681 3703; x_wconf 90' lang='lat' dir='ltr'><strong>librarii</strong></span> <span class='ocrx_word' id='word_1_188' title='bbox 713 3657 732 3703; x_wconf 92' lang='lat' dir='ltr'><strong>a</strong></span> <span class='ocrx_word' id='word_1_189' title='bbox 763 3638 863 3719; x_wconf 89' lang='lat' dir='ltr'><strong>priore</strong></span> <span class='ocrx_word' id='word_1_190' title='bbox 896 3640 1040 3721; x_wconf 89' lang='lat' dir='ltr'><strong>quibus</strong></span> <span class='ocrx_word' id='word_1_191' title='bbox 1072 3639 1112 3704; x_wconf 90' lang='lat' dir='ltr'><strong>ad</strong></span> 
     </span>
     <span class='ocr_line' id='line_1_29' title="bbox 41 3743 1107 3828; baseline 0.001 -19"><span class='ocrx_word' id='word_1_192' title='bbox 41 3745 176 3810; x_wconf 85' lang='lat' dir='ltr'><strong>alterum</strong></span> <span class='ocrx_word' id='word_1_193' title='bbox 199 3746 365 3822; x_wconf 86' lang='lat' dir='ltr'><strong>aberratio;</strong></span> <span class='ocrx_word' id='word_1_194' title='bbox 388 3744 540 3809; x_wconf 87' lang='lat' dir='ltr'><strong>rhetorica</strong></span> <span class='ocrx_word' id='word_1_195' title='bbox 563 3743 711 3810; x_wconf 88' lang='lat' dir='ltr'><strong>orationis</strong></span> <span class='ocrx_word' id='word_1_196' title='bbox 733 3743 831 3828; x_wconf 86' lang='lat' dir='ltr'><strong>figura</strong></span> <span class='ocrx_word' id='word_1_197' title='bbox 855 3744 1018 3827; x_wconf 78' lang='lat' dir='ltr'><strong>perieetior</strong></span> <span class='ocrx_word' id='word_1_198' title='bbox 1039 3746 1107 3821; x_wconf 77' lang='lat' dir='ltr'><strong>erit,</strong></span> 
     </span>
    </p>
   </div>
   <div class='ocr_carea' id='block_1_3' title="bbox 40 3935 278 3942">
    <p class='ocr_par' dir='ltr' id='par_1_3' title="bbox 40 3935 278 3942">
     <span class='ocr_line' id='line_1_30' title="bbox 40 3935 278 3942; baseline 0.004 -2"><span class='ocrx_word' id='word_1_199' title='bbox 40 3935 122 3942; x_wconf 61' lang='lat'><strong>..—</strong></span> <span class='ocrx_word' id='word_1_200' title='bbox 125 3935 278 3941; x_wconf 55' lang='lat' dir='ltr'><strong>m-—q</strong></span> 
     </span>
    </p>
   </div>
   <div class='ocr_carea' id='block_1_4' title="bbox 147 4048 1194 4584">
    <p class='ocr_par' dir='ltr' id='par_1_4' title="bbox 149 4048 1113 4118">
     <span class='ocr_line' id='line_1_31' title="bbox 149 4048 1113 4118; baseline 0.005 -20"><span class='ocrx_word' id='word_1_201' title='bbox 149 4048 290 4104; x_wconf 77' lang='lat' dir='ltr'><strong>Ciceronis</strong></span> <span class='ocrx_word' id='word_1_202' title='bbox 309 4057 336 4104; x_wconf 83' lang='lat' dir='ltr'><strong>et</strong></span> <span class='ocrx_word' id='word_1_203' title='bbox 354 4050 470 4105; x_wconf 88' lang='lat' dir='ltr'><strong>aliorum</strong></span> <span class='ocrx_word' id='word_1_204' title='bbox 490 4064 555 4104; x_wconf 91' lang='lat' dir='ltr'><strong>usus</strong></span> <span class='ocrx_word' id='word_1_205' title='bbox 568 4049 694 4117; x_wconf 82' lang='lat' dir='ltr'><strong>requirit3</strong></span> <span class='ocrx_word' id='word_1_206' title='bbox 712 4065 776 4104; x_wconf 92' lang='lat' dir='ltr'><strong>uam</strong></span> <span class='ocrx_word' id='word_1_207' title='bbox 788 4050 870 4105; x_wconf 88' lang='lat' dir='ltr'><strong>aliter</strong></span> <span class='ocrx_word' id='word_1_208' title='bbox 883 4048 957 4118; x_wconf 88' lang='lat' dir='ltr'><strong>apud</strong></span> <span class='ocrx_word' id='word_1_209' title='bbox 968 4048 1113 4103; x_wconf 82' lang='lat' dir='ltr'><strong>Horatium</strong></span> 
     </span>
    </p>

    <p class='ocr_par' dir='ltr' id='par_1_5' title="bbox 147 4135 1194 4306">
     <span class='ocr_line' id='line_1_32' title="bbox 147 4135 1194 4212; baseline 0.004 -18"><span class='ocrx_word' id='word_1_210' title='bbox 147 4143 179 4194; x_wconf 78' lang='lat' dir='ltr'><strong>A.</strong></span> <span class='ocrx_word' id='word_1_211' title='bbox 204 4142 233 4196; x_wconf 88' lang='lat' dir='ltr'><strong>P.</strong></span> <span class='ocrx_word' id='word_1_212' title='bbox 256 4142 290 4197; x_wconf 78' lang='lat'><strong>31</strong></span> <span class='ocrx_word' id='word_1_213' title='bbox 318 4142 407 4212; x_wconf 88' lang='lat' dir='ltr'><strong>culpae</strong></span> <span class='ocrx_word' id='word_1_214' title='bbox 435 4141 501 4212; x_wconf 83' lang='lat' dir='ltr'><strong>iuga</strong></span> <span class='ocrx_word' id='word_1_215' title='bbox 528 4143 560 4196; x_wconf 92' lang='lat' dir='ltr'><strong>in</strong></span> <span class='ocrx_word' id='word_1_216' title='bbox 588 4143 704 4197; x_wconf 87' lang='lat' dir='ltr'><strong>vitium</strong></span> <span class='ocrx_word' id='word_1_217' title='bbox 732 4143 852 4198; x_wconf 90' lang='lat' dir='ltr'><strong>ducere</strong></span> <span class='ocrx_word' id='word_1_218' title='bbox 880 4142 986 4210; x_wconf 83' lang='lat' dir='ltr'><strong>dicitur,</strong></span> <span class='ocrx_word' id='word_1_219' title='bbox 1012 4141 1045 4196; x_wconf 92' lang='lat' dir='ltr'><strong>de</strong></span> <span class='ocrx_word' id='word_1_220' title='bbox 1072 4142 1113 4198; x_wconf 93' lang='lat' dir='ltr'><strong>rei</strong></span> <span class='ocrx_word' id='word_1_221' title='bbox 1185 4135 1194 4154; x_wconf 83' lang='lat'><em>⁰</em></span> 
     </span>
     <span class='ocr_line' id='line_1_33' title="bbox 148 4234 1115 4306; baseline 0.004 -19"><span class='ocrx_word' id='word_1_222' title='bbox 148 4234 251 4302; x_wconf 83' lang='lat' dir='ltr'><strong>effectu,</strong></span> <span class='ocrx_word' id='word_1_223' title='bbox 274 4252 328 4290; x_wconf 92' lang='lat' dir='ltr'><strong>nou</strong></span> <span class='ocrx_word' id='word_1_224' title='bbox 355 4237 389 4291; x_wconf 91' lang='lat' dir='ltr'><strong>de</strong></span> <span class='ocrx_word' id='word_1_225' title='bbox 408 4235 490 4290; x_wconf 91' lang='lat' dir='ltr'><strong>animi</strong></span> <span class='ocrx_word' id='word_1_226' title='bbox 510 4234 607 4290; x_wconf 82' lang='lat' dir='ltr'><strong>affectu</strong></span> <span class='ocrx_word' id='word_1_227' title='bbox 628 4243 656 4290; x_wconf 87' lang='lat' dir='ltr'><strong>et</strong></span> <span class='ocrx_word' id='word_1_228' title='bbox 673 4250 775 4290; x_wconf 86' lang='lat' dir='ltr'><strong>errore.</strong></span> <span class='ocrx_word' id='word_1_229' title='bbox 821 4234 964 4289; x_wconf 87' lang='lat' dir='ltr'><strong>Facillime</strong></span> <span class='ocrx_word' id='word_1_230' title='bbox 991 4236 1023 4289; x_wconf 92' lang='lat' dir='ltr'><strong>in</strong></span> <span class='ocrx_word' id='word_1_231' title='bbox 1050 4244 1115 4306; x_wconf 87' lang='lat' dir='ltr'><strong>post</strong></span> 
     </span>
    </p>

    <p class='ocr_par' dir='ltr' id='par_1_6' title="bbox 148 4327 1114 4584">
     <span class='ocr_line' id='line_1_34' title="bbox 148 4327 1114 4399; baseline 0.004 -18"><span class='ocrx_word' id='word_1_232' title='bbox 148 4345 173 4381; x_wconf 89' lang='lat' dir='ltr'><strong>m</strong></span> <span class='ocrx_word' id='word_1_233' title='bbox 197 4328 361 4385; x_wconf 86' lang='lat' dir='ltr'><strong>intercidere</strong></span> <span class='ocrx_word' id='word_1_234' title='bbox 383 4335 501 4399; x_wconf 89' lang='lat' dir='ltr'><strong>poterat.</strong></span> <span class='ocrx_word' id='word_1_235' title='bbox 545 4329 590 4396; x_wconf 88' lang='lat' dir='ltr'><strong>[ln</strong></span> <span class='ocrx_word' id='word_1_236' title='bbox 616 4327 675 4383; x_wconf 91' lang='lat' dir='ltr'><strong>cod.</strong></span> <span class='ocrx_word' id='word_1_237' title='bbox 700 4328 818 4395; x_wconf 83' lang='lat' dir='ltr'><strong>Cusano‚</strong></span> <span class='ocrx_word' id='word_1_238' title='bbox 842 4344 857 4383; x_wconf 88' lang='lat' dir='ltr'><strong>e</strong></span> <span class='ocrx_word' id='word_1_239' title='bbox 883 4344 936 4396; x_wconf 91' lang='lat' dir='ltr'><strong>quo</strong></span> <span class='ocrx_word' id='word_1_240' title='bbox 960 4327 1114 4397; x_wconf 82' lang='lat' dir='ltr'><strong>fragmenta</strong></span> 
     </span>
     <span class='ocr_line' id='line_1_35' title="bbox 148 4420 1112 4491; baseline 0.006 -19"><span class='ocrx_word' id='word_1_241' title='bbox 148 4420 272 4487; x_wconf 81' lang='lat' dir='ltr'><strong>qncedam</strong></span> <span class='ocrx_word' id='word_1_242' title='bbox 301 4421 482 4476; x_wconf 85' lang='lat' dir='ltr'><strong>Ciceroniana</strong></span> <span class='ocrx_word' id='word_1_243' title='bbox 512 4421 649 4491; x_wconf 86' lang='lat' dir='ltr'><strong>protraxit</strong></span> <span class='ocrx_word' id='word_1_244' title='bbox 680 4420 817 4488; x_wconf 88' lang='lat' dir='ltr'><strong>Kleinins,</strong></span> <span class='ocrx_word' id='word_1_245' title='bbox 850 4421 931 4475; x_wconf 88' lang='lat' dir='ltr'><strong>scribi</strong></span> <span class='ocrx_word' id='word_1_246' title='bbox 963 4422 1043 4478; x_wconf 87' lang='lat' dir='ltr'><strong>video</strong></span> <span class='ocrx_word' id='word_1_247' title='bbox 1077 4424 1112 4478; x_wconf 92' lang='lat' dir='ltr'><strong>in</strong></span> 
     </span>
     <span class='ocr_line' id='line_1_36' title="bbox 148 4512 727 4584; baseline 0.002 -18"><span class='ocrx_word' id='word_1_248' title='bbox 148 4529 293 4570; x_wconf 73' lang='lat' dir='ltr'><strong>errorem</strong></span> <span class='ocrx_word' id='word_1_249' title='bbox 311 4514 428 4580; x_wconf 57' lang='lat' dir='ltr'><strong>indici,</strong></span> <span class='ocrx_word' id='word_1_250' title='bbox 448 4530 531 4584; x_wconf 86' lang='lat' dir='ltr'><strong>supra</strong></span> <span class='ocrx_word' id='word_1_251' title='bbox 549 4514 557 4566; x_wconf 88' lang='lat' dir='ltr'><strong>i</strong></span> <span class='ocrx_word' id='word_1_252' title='bbox 576 4514 668 4584; x_wconf 87' lang='lat' dir='ltr'><strong>posito</strong></span> <span class='ocrx_word' id='word_1_253' title='bbox 687 4512 727 4581; x_wconf 83' lang='lat' dir='ltr'><strong>n]</strong></span> 
     </span>
    </p>
   </div>
   <div class='ocr_carea' id='block_1_5' title="bbox 0 0 1334 5056">
    <p class='ocr_par' dir='ltr' id='par_1_7' title="bbox 0 0 1334 5056">
     <span class='ocr_line' id='line_1_37' title="bbox 0 0 1334 5056; baseline 0 0"><span class='ocrx_word' id='word_1_254' title='bbox 0 0 1334 5056; x_wconf 95' lang='lat' dir='ltr'><strong> </strong></span> 
     </span>
    </p>
   </div>
  </div>
 </body>
</html>
