2662 5062
410 689 441 745 L.
460 690 560 746 Seneca
577 691 685 759 qnastt.
703 692 791 745 natur.
1025 692 1086 754 451

168 888 236 954 lbd.
263 886 293 965 3,
316 886 335 948 6
357 886 505 951 Senecam
527 885 685 975 scripsisse
705 886 827 970 opinor:
864 889 1008 972 grando
1030 891 1129 955 nihil

62 994 174 1061 alind
218 995 278 1058 est
320 1010 427 1074 quam
471 1010 659 1075 suspensa
694 992 856 1076 glacies,
899 994 960 1060 nir
995 997 1131 1077 pruina

63 1100 251 1186 pendens.
303 1097 410 1176 (Codd.
445 1101 477 1163 et
504 1097 573 1182 edd.
611 1097 673 1162 nir
706 1097 742 1161 in
778 1099 927 1181 pruina*
956 1100 1130 1183 pendens

63 1204 307 1290 congelatio,
334 1201 486 1279 absurde.)

166 1310 234 1375 Lib.
257 1309 304 1386 V,
325 1309 362 1386 4,
387 1310 403 1369 l
434 1307 484 1395 (do
511 1311 669 1380 ventorum
693 1312 812 1374 eterra
835 1310 981 1394 original:
1013 1311 1130 1388 ali-as,

64 1436 148 1484 eum
195 1433 329 1500 magna
365 1418 404 1480 et
439 1415 623 1479 continua
658 1413 793 1478 eximo
829 1416 1053 1498 evaporatio
1092 1416 1129 1481 in

64 1522 188 1588 altum
211 1521 310 1605 egit,
332 1538 422 1602 qnae
444 1520 688 1596 emerserat‚-
706 1518 926 1585 immutatio
953 1522 1037 1605 ipsa
1060 1522 1130 1588 ha·

64 1628 167 1693 litus
189 1626 300 1691 mixti
321 1626 359 1690 in
381 1627 534 1690 ventum
549 1624 728 1689 vertitur.
760 1622 902 1691 Primum
926 1625 1130 1700 scribendum,

63 1733 160 1818 qnod,
182 1751 252 1797 cnm
264 1733 329 1816 ipse
341 1730 554 1808 coniecissem,
576 1728 639 1793 vidi
651 1728 713 1794 iarn
731 1730 911 1823 Pinciannm
926 1731 1128 1797 intellexisse:

64 1842 105 1906 in
150 1839 274 1903 altum
318 1837 416 1920 egit,
458 1854 538 1919 quae
573 1846 847 1906 marcuerant.
892 1837 1010 1922 (Neque
1042 1838 1130 1903 'enim

63 1944 244 2028 evaporatio
278 1961 316 2007 ea
346 1941 457 2008 mersit
487 1944 541 2009 aut
574 1944 666 2005 antea
699 1941 849 2016 emersit.)
901 1941 962 2007 Sed
993 1943 1130 2006 immu-

62 2050 166 2116 tatio
188 2067 256 2132 qnae
278 2047 463 2123 sit-nescio,
492 2047 690 2130 suspicorque
709 2045 803 2111 fuisse
824 2047 989 2112 natatio.
1034 2047 1129 2115 Paulo

61 2157 137 2240 post
158 2175 174 2220 e
196 2147 337 2237 vesugiir'
357 2153 421 2219 cod.
444 2153 469 2226 E
491 2148 686 2228 scribendum
701 2151 837 2216 videtur:
876 2151 977 2216 Bene
1004 2152 1130 2235 nobis·

63 2280 147 2328 cnm
178 2262 324 2345 agitur,
359 2257 457 2342 quod
489 2276 657 2340 sempor,
692 2275 772 2323 cnm
811 2256 889 2334 (cod.
914 2276 999 2323 cum
1030 2258 1131 2342 qnod

62 2374 227 2449 semper)
250 2363 470 2447 concoquit,
503 2362 560 2426 sic
594 2363 758 2441 emittit;
793 2363 1130 2435 immundiusali-

61 2470 156 2556 qnid
193 2470 426 2536 timeremus.
480 2467 566 2550 (Cap.
610 2467 640 2544 5,
684 2469 714 2551 l,
746 2469 882 2548 notanda
917 2469 1027 2534 houna
1061 2471 1132 2554 post

60 2576 296 2664 gravitatem
321 2573 449 2657 aeris.)

166 2682 227 2757 (De
249 2699 274 2744 c.
299 2679 348 2756 10,
369 2678 390 2740 4
411 2678 473 2742 diri
496 2677 556 2757 vol.
578 2677 595 2742 I
615 2698 645 2761 p.
669 2679 752 2758 121.)
1045 2757 1048 2763 ,

166 2785 231 2851 lbd.
260 2785 309 2861 13,
338 2785 374 2847 2:
406 2783 545 2867 saepins
567 2787 705 2862 (ventus)
726 2784 764 2848 in
789 2801 827 2847 se
851 2783 1054 2847 volutatur
1076 2783 1130 2848 si·

59 2893 275 2975 milemque
312 2888 414 2966 illis,
451 2907 543 2971 quas
582 2889 756 2955 diximus·
788 2888 960 2952 converti
992 2907 1130 2972 aquas,

61 2996 164 3064 facit
192 2994 392 3061 vorticem.
436 2992 531 3059 Sorib.
560 2993 806 3075 similemque
834 2991 937 3066 illis,
970 2994 1007 3053 in
1042 3016 1132 3077 queo

62 3103 234 3168 diximus
256 3099 429 3165 converti
452 3115 586 3183 aquas,
608 3100 635 3171 f„
653 3119 680 3164 v.

166 3207 232 3272 Ibd.
266 3206 320 3280 15,
360 3206 374 3266 1
406 3205 469 3281 (ubi
506 3208 647 3270 narratur
674 3205 712 3274 dc
741 3203 918 3268 hominibus
944 3223 963 3268 a
989 3204 1130 3289 Philippo

62 3312 236 3378 Macedone
267 3310 300 3374 in
336 3309 496 3393 antiquum
541 3309 703 3374 metallum
747 3303 911 3387 demissis)
941 3329 999 3375 non
1032 3311 1133 3391 potnit

63 3419 186 3485 Seneca
219 3415 373 3482 scribere:
408 3410 575 3480 'Vidisse
614 3426 664 3480 ...·
705 3417 919 3499 conceptus
951 3434 1132 3499 aquarum

164 3542 237 3588 non
273 3521 356 3587 sine
387 3520 543 3584 horrore
569 3521 683 3586 visos.
731 3521 798 3585 Nec
824 3520 946 3586 illorum
973 3520 1133 3586 hominum

64 3632 176 3695 horror
210 3631 264 3692 ant
295 3627 333 3690 ad
368 3644 433 3689 rem
466 3626 599 3708 pertinet
634 3629 689 3691 ant
724 3626 755 3690 in
790 3626 900 3691 ceteris
933 3627 1131 3710 significatur.

65 3736 173 3802 Oratio
206 3734 251 3819 sic
291 3730 491 3815 dispescenda
522 3732 643 3796 videtur
672 3734 704 3796 et
730 3732 858 3796 fortasse
882 3731 926 3796 sie
955 3732 1132 3804 scribenda:

162 3837 231 3905 sed
261 3838 399 3903 liberae
431 3837 621 3900 raritatis.
659 3825 750 3911 ‚Non
783 3837 867 3901 sine
900 3836 1072 3913 horrore,
1105 3839 1137 3900 ci

64 3945 140 4020 oio,
171 3944 238 4006 eod
270 3961 351 4007 cum
384 3942 622 4025 maguntino
649 3942 731 4025 legi
760 3942 971 4025 voluptate.
1016 3943 1076 4008 Sed
1099 3944 1136 4007 de

66 4046 256 4116 correctione
279 4046 421 4113 vocabuli
443 4047 548 4112 visos
570 4047 684 4113 dubito.

170 4154 237 4237 ibd.
273 4153 407 4231 18‚12:
455 4152 558 4218 Unde
601 4153 699 4229 scio,
741 4153 802 4218 hic
844 4154 941 4218 mihi
983 4173 1030 4218 an
1066 4153 1136 4218 ille

66 4264 207 4327 ventus
241 4258 386 4324 bellum
414 4259 596 4324 invehet?
639 4259 699 4339 Qui
722 4259 771 4334 lit,
806 4261 841 4323 ut
863 4277 953 4324 nemo
974 4259 1138 4324 invehat

66 4366 253 4449 scripserit?
355 4439 357 4445 k

888 4473 939 4524 oo*
