2662 5062
402 105 434 162 L
453 105 554 162 Sensus
571 108 678 179 quasit
696 112 787 165 ustus.
1024 109 1087 174 435

162 303 230 370 lbd.
264 301 313 378 13,
342 302 380 367 2:
422 302 582 369 Debent
614 307 747 372 sutem
783 306 840 371 hae
874 309 1018 383 nubes,
1055 330 1130 394 quse

67 411 131 477 hee
166 412 380 493 praestent,
414 409 544 476 densae
576 428 684 489 esse,
722 411 854 486 leves,
889 413 1131 495 splendidae,

65 517 181 600 plene
212 517 362 581 nature
390 515 503 581 selis.
547 514 655 598 Neque
691 515 799 581 Latius
828 516 941 582 dieitur
980 540 1041 583 esee
1075 542 1132 582 na-

64 632 137 684 euroe
157 619 248 697 eolis,
279 621 316 685 ut
347 620 403 697 sit,
438 619 594 698 eiusdem,
629 623 720 704 utque
749 622 795 687 sel
828 623 883 695 sit,
912 627 1030 689 nsturae
1060 626 1133 698 (etsi

25 714 30 720 ¹
65 729 179 793 dieitur
201 746 263 789 esee
274 725 385 810 fiyura
406 726 511 804 were),
532 744 633 809 neque
655 726 796 809 cuiquem
818 728 850 792 in
873 731 1008 794 mentem
1030 731 1133 795 uenire

62 835 185 917 peterat
211 832 342 897 nubibus
374 831 448 897 solis
469 832 611 896 naturam
635 831 779 898 tribuere.
836 833 905 899 Une
931 833 1035 899 littera
1064 854 1133 899 mu-

62 938 159 1004 tsude
202 941 266 1004 est:
309 937 429 1019 plene
471 946 621 1000 saturn
661 937 783 1013 selis,
833 938 984 1021 quomedo
1029 949 1134 1002 satura

74 1045 172 1108 multo
194 1041 348 1127 conchylio
363 1063 508 1126 purpura
529 1041 640 1107 dieitur
658 1042 697 1107 ud
720 1042 863 1109 Helviam
896 1044 952 1122 11,
988 1043 1023 1121 2,
1054 1043 1137 1108 color

74 1161 150 1214 atw
195 1149 276 1233 apud
319 1147 471 1226 Plinium,
521 1147 724 1231 similiterque
765 1149 902 1211 saturari
943 1153 974 1213 et
1016 1150 1132 1211 εαιὶαπὶ

63 1253 401 1338 (Senueugeseettigt.)
870 1276 872 1279 ·

162 1361 230 1426 lbd.
255 1359 304 1437 16,
326 1358 364 1423 3:
388 1359 426 1423 st
449 1375 532 1441 quse
554 1361 715 1424 sueretu
742 1375 895 1441 queque
917 1358 1134 1424 eonscien·
1187 1366 1189 1371 ’

61 1470 157 1534 tism
181 1465 369 1550 premunt
406 1465 447 1529 et
477 1482 640 1549 qusque
679 1482 724 1530 ue
757 1463 836 1528 sibi
875 1465 1046 1548 quisque
1075 1463 1138 1529 le:

61 1575 170 1638 eisss
202 1588 244 1636 se
272 1571 409 1654 neget,
442 1615 451 1633 .
479 1617 518 1635 ..
546 1569 582 1633 iu
616 1568 759 1635 oeulos
793 1587 886 1634 sues
913 1569 1134 1653 ingereret.

61 1678 111 1743 sic
148 1677 184 1743 Ε.
234 1675 393 1741 llffieitur:
436 1676 477 1740 st
511 1697 612 1759 qum,
657 1676 724 1761 qui
757 1675 865 1758 saeit
902 1675 1018 1755 (Illo),
1054 1676 1135 1741 sibi

64 1784 235 1868 quisque
264 1781 413 1847 fecisse
446 1783 646 1864 senegai,
685 1781 810 1846 ...iu
833 1800 861 1847 ο.
884 1800 907 1846 s.
929 1781 1138 1866 ingereret

65 1893 141 1966 (tam
180 1887 281 1965 foeds,
322 1889 375 1965 ut,
420 1886 472 1968 qui
509 1904 547 1951 eu
594 1885 682 1961 feeit,
720 1891 825 1952 minen
861 1882 921 1952 sibi
957 1890 1066 1971 neget,
1103 1905 1137 1952 se

65 1996 203 2071 senisse).
264 1986 267 1992 ’

165 2099 234 2166 illd.
260 2098 309 2175 17,
331 2099 369 2161 2:
416 2094 461 2161 In
484 2096 593 2161 nulle
621 2115 663 2162 re
684 2097 758 2162 illu
781 2100 896 2175 (rerum
921 2098 1044 2175 nature)
1066 2116 1137 2163 ue-

65 2207 217 2291 getium
240 2203 405 2270 luxuriae
433 2203 653 2269 eoueessit.
710 2201 791 2281 Quid
813 2204 855 2268 sit
875 2202 1029 2287 neqotium
1052 2202 1141 2265 luru-

65 2314 121 2375 νίαν
151 2312 221 2384 (sut
248 2308 372 2374 omuino
400 2308 507 2392 alieui)
542 2307 711 2387 concedere,
733 2328 860 2391 prorsus
893 2327 953 2373 uon
985 2307 1140 2393 intellig03

68 2417 255 2502 intelligam,
276 2415 304 2480 si
324 2415 370 2479 sie
392 2415 559 2480 scribetur:
592 2415 797 2498 negotium
820 2413 988 2480 luxuriae
1009 2415 1138 2497 yessit

68 2525 124 2588 hee
157 2521 225 2594 est,
256 2520 322 2584 eius
356 2538 449 2585 eeusu
480 2522 513 2584 et
544 2521 574 2585 iu
606 2522 671 2586 eius
701 2537 790 2585 usum
821 2522 969 2603 unquam
1000 2520 1141 2586 ministra

68 2626 231 2695 laboravit.
274 2624 412 2689 Primum
442 2626 584 2704 cessit,
620 2629 687 2692 tum
720 2626 924 2691 concessit
945 2625 1060 2690 laetum
1083 2631 1140 2692 est.

70 2734 187 2800 Eodem
219 2749 286 2811 esp.
319 2730 337 2812 ᾖ
366 2729 386 2793 8
411 2747 466 2815 pro
496 2749 547 2809 eo,
575 2730 655 2813 quod
682 2731 714 2796 iu
744 2730 923 2795 melioribus
954 2730 1040 2795 eedd.
1077 2733 1140 2819 est:

70 2858 163 2905 aure
203 2835 374 2901 inditum
407 2836 614 2918 speculum
658 2835 852 2902 scribendum
888 2836 1010 2917 opinor:
1051 2855 1142 2903 eure

71 2943 240 3007 inlitum.
283 2939 364 3005 Tum
386 2940 599 3008 scribendum:
621 2960 694 3007 neu
717 2941 885 3003 dedisset
905 2940 995 3006 illis
1020 2960 1141 3007 sens·
1272 2930 1273 2934 ¹

73 3051 134 3114 tus
170 3047 297 3112 dotem
330 3064 383 3129 pro
413 3045 599 3122 fecisset,
643 3045 724 3129 qued
756 3065 792 3110 ex
825 3045 1010 3129 praeeedenti
1042 3049 1145 3114 feeit

73 3158 179 3219 uatum
203 3152 261 3216 est
303 3150 364 3229 (Ne
395 3151 650 3217 eenleeisset
680 3149 803 3234 quidem
826 3152 932 3232 aptum
955 3154 1052 3230 esset,
1074 3153 1145 3236 quie

72 3257 194 3323 senatui
228 3256 284 3321 des
315 3274 376 3321 uen
404 3256 614 3340 conquirenda
635 3256 667 3320 et
696 3253 834 3339 perrunde
855 3255 944 3332 eret.)
994 3256 1061 3341 [Sie
1082 3259 1144 3322 iem

74 3363 186 3446 aliquis
219 3361 301 3445 apud
324 3360 516 3442 Gruterum]
570 3361 730 3426 Postremo
762 3360 780 3443 ᾗ
814 3359 849 3438 9,
884 3359 937 3425 ubi
962 3360 994 3424 in
1023 3361 1048 3425 ll
1080 3367 1144 3427 est:

1 3519 2 3550 3
73 3467 256 3542 illudes,
291 3485 406 3551 quum
435 3466 549 3532 dedit
585 3468 751 3532 senatus
782 3485 852 3551 pre
884 3476 946 3530 sle
979 3485 1036 3544 se,
1071 3467 1146 3531 seri-

73 3574 210 3640 bendum
245 3572 381 3638 videtur:
415 3575 583 3638 senatus
610 3593 699 3656 pop.
728 3571 901 3634 Romani
920 3572 1079 3638 nomine.

1 3682 2 3686 ’
176 3678 420 3757 Liu.11‚1,4:
455 3679 493 3742 et
522 3679 661 3743 estere
687 3676 925 3750 huiusmodi,
958 3678 1146 3760 quotiens

1 3876 2 3881 ἵ
71 3788 112 3851 in
151 3803 291 3851 munus
332 3785 533 3861 uenerint,
582 3786 728 3849 terram
773 3786 996 3867 sequentur
1038 3787 1154 3868 (prave

1 3901 3 3932 ¹
70 3892 211 3958 Hessius
234 3909 271 3955 ex
292 3889 318 3954 Il
342 3892 577 3973 sequuntur)
600 3888 695 3954 etin
718 3887 811 3953 imis
834 3888 1147 3954 collocabuntur.

900 3994 947 4046 re·
