2656 5056
446 689 586 745 Ciceronis
605 689 751 744 orationes.
1030 688 1089 752 119

1 928 22 970 Ξ
59 885 312 970 iniquitatis
334 887 373 951 et
394 884 823 952 inartiaeoonfessiona
847 885 1029 952 defensio
1052 888 1131 952 cri·

2 1036 23 1076 .-
60 992 200 1069 minis;
223 990 292 1058 sed
314 993 445 1059 tamon
466 991 537 1058 bac
558 991 646 1074 ipsa
669 992 767 1076 cet.*)

167 1132 246 1197 lbid.
262 1132 315 1212 IV,
331 1133 387 1194 54:
410 1133 496 1215 ipse
517 1134 648 1199 tameo
671 1135 818 1216 praetor
840 1180 972 1198 .....
994 1135 1033 1200 in
1058 1134 1130 1200 hac

60 1238 238 1305 officina
260 1239 448 1304 maiorem
470 1241 623 1323 partam
647 1239 728 1304 diei
752 1257 836 1304 cum
857 1240 998 1307 tunica
1020 1243 1131 1324 pulla

57 1346 207 1410 sedere
228 1344 388 1410 solebat
409 1346 448 1411 ot
470 1344 608 1429 pallio.
653 1343 742 1409 Nihil
765 1345 907 1411 contrarii
928 1347 1151 1432 significatur,¹

57 1449 119 1515 sed
142 1451 337 1516 continuatur
358 1453 390 1516 at
412 1453 541 1536 angetur
562 1450 700 1516 eiusdem
721 1450 765 1515 rai
788 1451 820 1516 et
841 1452 936 1517 studii
956 1452 1129 1535 descriptio.

62 1558 175 1640 Itaque
196 1556 391 1622 scribendum
414 1559 479 1623 ast:
501 1556 588 1640 ipsa
610 1557 718 1623 autern
739 1558 885 1640 praetor
906 1562 964 1623 cei.

166 1696 244 1763 lbid.
268 1698 308 1761 98
330 1697 381 1775 (da
403 1698 438 1764 P.
461 1698 602 1780 Scipione
624 1697 753 1780 antiqua
767 1701 964 1762 monumenta
978 1717 1039 1763 non
1054 1701 1129 1764 artis

55 1804 244 1887 contemptu
271 1804 335 1869 suis
362 1804 488 1870 sedibus
510 1803 729 1887 relinquentei:
764 1822 850 1868 narn
880 1805 988 1887 quia,
1016 1823 1128 1888 quam

60 1908 234 1993 pulchra
270 1911 424 1986 assent,
460 1909 747 1994 intelligebat,
792 1909 946 1976 idcirco
982 1912 1129 1977 existi-

60 2016 199 2081 mabat
220 2034 263 2082 aa
284 2034 356 2080 non
378 2016 424 2081 ad
446 2014 647 2081 hominurn
668 2015 883 2093 luxuriam,
906 2017 975 2083 sed
998 2017 1043 2082 ad
1067 2036 1128 2084 or·

58 2124 199 2188 natum
221 2122 403 2188 fanorum
424 2123 544 2207 atquo
567 2122 802 2206 oppidorum
826 2141 914 2188 ossa
940 2123 1064 2203 faeta,
1088 2131 1130 2191 nt

57 2229 245 2310 posteris
268 2229 423 2294 nostris
446 2231 700 2294 monumenta
726 2230 926 2314 religiosa
953 2249 1040 2297 essa
1069 2236 1130 2300 vi·

60 2335 244 2400 deantur.
288 2335 412 2401 Accidit
433 2334 510 2400 mihi
531 2334 590 2411 hic,
612 2334 691 2424 quod
713 2334 868 2400 interdurn
890 2338 975 2421 alibi,
998 2342 1042 2416 ut,
1058 2345 1130 2428 quia

57 2459 122 2507 neo
142 2442 173 2505 in
195 2440 352 2508 codicibus
382 2440 446 2506 nlla
468 2443 516 2506 est
538 2441 668 2507 minima
688 2440 793 2507 mendi
815 2445 888 2507 uota
908 2462 964 2511 oea
986 2446 1130 2530 cuiqnam

59 2566 79 2612 e
110 2546 263 2630 prioribus
290 2547 472 2630 suspicionis
499 2547 618 2631 aliquid
648 2548 1129 2636 obortumvidetnr,mil1iipsa

61 2653 198 2736 primum
221 2651 359 2718 diffidam
381 2652 510 2719 haerenti
532 2673 568 2720 uo
582 2652 747 2729 dubitanti,
763 2655 873 2720 deindo
888 2657 975 2740 quasi
990 2657 1130 2724 veritatis

55 2758 198 2844 quodam
221 2757 357 2824 convicio
378 2758 474 2824 animi
497 2759 683 2824 senteutiam
707 2759 839 2842 proferre
867 2780 959 2845 cogar
980 2764 1130 2848 faterique

61 2883 191 2950 gravem
205 2864 283 2929 mihi
298 2884 334 2931 ac
349 2866 468 2930 certum
484 2883 617 2930 errorem
633 2865 728 2930 latere
743 2866 849 2930 videri.
880 2866 960 2931 Nam
977 2870 1132 2951 postrema

56 2973 130 3037 lraec
151 2972 261 3037 rerba:
292 2973 335 3035 ut
362 2971 540 3055 postoris
567 2971 723 3037 nostris
752 2972 810 3036 cet.
833 2971 917 3037 nullo
945 2973 1037 3038 modo
1059 2991 1129 3039 cum

53 3079 272 3161 superioribus
288 3079 371 3144 recte
386 3075 555 3153 cohaerent3
571 3078 775 3161 preterquam
791 3077 872 3142 onim
885 3075 967 3161 quod
979 3077 1130 3144 Ciceronis

54 3185 103 3250 de
125 3184 265 3267 Scipione
292 3183 443 3249 indicium
472 3182 631 3248 terminari
663 3182 754 3248 dabat
775 3183 807 3248 in
830 3185 886 3249 hac
908 3182 1129 3250 contrariorum

59 3290 228 3356 relatione:
251 3288 603 3355 nonadhomiunm
625 3288 837 3368 luxuriem,
860 3289 992 3358 sadud
1015 3310 1131 3358 orna·

56 3406 147 3463 tum
168 3402 237 3471 cet,
260 3399 296 3462 ut
318 3394 438 3478 reliqna
465 3396 577 3480 ignave
605 3396 760 3462 adbaerero
789 3398 822 3462 et
849 3398 931 3464 botri
960 3399 1129 3477 videantur,

59 3501 319 3569 manifestissime
348 3504 460 3568 vitiosa
488 3503 561 3567 sunt
589 3503 721 3585 primum
751 3504 929 3586 posteris
958 3502 1129 3578 nostris,

60 3608 212 3694 quoniam
245 3608 347 3691 Scipio
379 3607 417 3673 de
452 3607 581 3692 posteris
614 3609 738 3674 omnino
767 3609 822 3673 arrt
851 3607 962 3673 saltem
987 3609 1024 3673 da
1045 3608 1131 3674 anis

56 3715 201 3799 cogitare
224 3714 366 3794 debebat,
390 3714 500 3780 deinde
531 3715 764 3791 rideantur,
793 3732 846 3796 pro
873 3733 932 3798 quo
959 3713 1131 3781 necessario

58 3922 298 3931 .-.----

117 4055 145 4122 *)
166 4060 182 4119 5
200 4056 261 4123 206,
279 4055 327 4110 nbi
345 4055 375 4109 in
392 4052 570 4125 proponenda
588 4070 621 4108 ex
643 4051 793 4110 defensoris
811 4069 930 4124 persona
954 4052 1131 4107 excusatione

164 4148 258 4216 inepta
275 4155 318 4203 est
336 4146 472 4217 porticula
499 4145 651 4214 quidem,
680 4145 852 4201 scribendum
878 4153 920 4201 est
938 4144 1098 4214 simpliciter
1116 4163 1130 4199 e

164 4240 258 4296 codice
279 4241 354 4297 Van:
373 4241 552 4297 Fecerunt
569 4239 639 4294 olii.
670 4238 780 4304 Quid?
797 4239 873 4293 Alia
891 4255 987 4308 quana
1004 4239 1130 4294 multa?

164 4334 228 4388 Cur
246 4341 297 4389 cet.
333 4333 512 4391 Excusationi
534 4330 727 4400 interrogando
747 4331 891 4387 subiicitur
913 4329 1052 4399 refutatio,
1075 4333 1130 4387 alin
1185 4323 1192 4336 ‘

164 4425 246 4481 etiam
264 4425 351 4481 multa
378 4427 448 4481 alios
475 4424 584 4492 fecisse,
610 4432 650 4491 ut,
679 4425 702 4479 si
730 4424 779 4479 illa
807 4424 948 4480 excusatio
976 4425 1132 4495 recipiatur,

164 4518 250 4574 multo
269 4519 354 4574 latius
373 4526 475 4588 pateat.
