<?xml version="1.0" encoding="UTF-8"?>
<!DOCTYPE html PUBLIC "-//W3C//DTD XHTML 1.0 Transitional//EN"
    "http://www.w3.org/TR/xhtml1/DTD/xhtml1-transitional.dtd">
<html xmlns="http://www.w3.org/1999/xhtml" xml:lang="en" lang="en">
 <head>
  <title>
</title>
<meta http-equiv="Content-Type" content="text/html;charset=utf-8" />
  <meta name='ocr-system' content='tesseract 3.04.00' />
  <meta name='ocr-capabilities' content='ocr_page ocr_carea ocr_par ocr_line ocrx_word'/>
</head>
<body>
  <div class='ocr_page' id='page_1' title='image "./ioniemadvigiiad00madvgoog_0868.png"; bbox 0 0 2656 5056; ppageno 0'>
   <div class='ocr_carea' id='block_1_1' title="bbox 236 275 952 346">
    <p class='ocr_par' dir='ltr' id='par_1_1' title="bbox 236 275 952 346">
     <span class='ocr_line' id='line_1_1' title="bbox 236 275 952 346; baseline -0.022 -2"><span class='ocrx_word' id='word_1_1' title='bbox 236 282 296 344; x_wconf 80' lang='lat'>172</span> <span class='ocrx_word' id='word_1_2' title='bbox 596 276 655 332; x_wconf 85' lang='lat' dir='ltr'><strong>Lib.</strong></span> <span class='ocrx_word' id='word_1_3' title='bbox 674 275 710 331; x_wconf 93' lang='lat' dir='ltr'>II.</span> <span class='ocrx_word' id='word_1_4' title='bbox 729 275 795 346; x_wconf 79' lang='lat' dir='ltr'>Gap.</span> <span class='ocrx_word' id='word_1_5' title='bbox 813 276 865 331; x_wconf 92' lang='lat' dir='ltr'>III.</span> <span class='ocrx_word' id='word_1_6' title='bbox 946 323 952 328; x_wconf 88' lang='lat'><em>.</em></span> 
     </span>
    </p>
   </div>
   <div class='ocr_carea' id='block_1_2' title="bbox 194 474 1263 1196">
    <p class='ocr_par' dir='ltr' id='par_1_2' title="bbox 194 474 1263 1196">
     <span class='ocr_line' id='line_1_2' title="bbox 194 474 1261 554; baseline -0.007 -8"><span class='ocrx_word' id='word_1_7' title='bbox 194 477 392 546; x_wconf 71' lang='lat' dir='ltr'><strong>servantiam</strong></span> <span class='ocrx_word' id='word_1_8' title='bbox 406 483 538 553; x_wconf 89' lang='lat' dir='ltr'>(meam</span> <span class='ocrx_word' id='word_1_9' title='bbox 555 474 960 554; x_wconf 76' lang='lat' dir='ltr'>inobservantiaml),</span> <span class='ocrx_word' id='word_1_10' title='bbox 978 475 1155 541; x_wconf 89' lang='lat' dir='ltr'>nimium</span> <span class='ocrx_word' id='word_1_11' title='bbox 1170 475 1261 540; x_wconf 87' lang='lat' dir='ltr'>iuon-</span> 
     </span>
     <span class='ocr_line' id='line_1_3' title="bbox 194 579 1261 665; baseline -0.005 -15"><span class='ocrx_word' id='word_1_12' title='bbox 194 584 333 651; x_wconf 91' lang='lat' dir='ltr'>stodia</span> <span class='ocrx_word' id='word_1_13' title='bbox 361 581 513 649; x_wconf 88' lang='lat' dir='ltr'>salutis</span> <span class='ocrx_word' id='word_1_14' title='bbox 539 598 631 645; x_wconf 84' lang='lat' dir='ltr'>meae</span> <span class='ocrx_word' id='word_1_15' title='bbox 657 579 930 664; x_wconf 77' lang='lat' dir='ltr'>diligentem,</span> <span class='ocrx_word' id='word_1_16' title='bbox 967 581 1261 665; x_wconf 85' lang='lat' dir='ltr'>eundemquete</span> 
     </span>
     <span class='ocr_line' id='line_1_4' title="bbox 195 687 1262 771; baseline -0.007 -14"><span class='ocrx_word' id='word_1_17' title='bbox 195 693 254 757; x_wconf 89' lang='lat' dir='ltr'>oet.</span> <span class='ocrx_word' id='word_1_18' title='bbox 305 689 350 754; x_wconf 82' lang='lat' dir='ltr'>At</span> <span class='ocrx_word' id='word_1_19' title='bbox 379 687 692 754; x_wconf 82' lang='lat' dir='ltr'>inobservantia</span> <span class='ocrx_word' id='word_1_20' title='bbox 720 704 781 752; x_wconf 92' lang='lat' dir='ltr'>uon</span> <span class='ocrx_word' id='word_1_21' title='bbox 801 690 967 771; x_wconf 87' lang='lat' dir='ltr'>reperitur</span> <span class='ocrx_word' id='word_1_22' title='bbox 992 691 1073 755; x_wconf 87' lang='lat' dir='ltr'>ante</span> <span class='ocrx_word' id='word_1_23' title='bbox 1096 690 1262 755; x_wconf 81' lang='lat' dir='ltr'>Suetonium.</span> 
     </span>
     <span class='ocr_line' id='line_1_5' title="bbox 194 793 1262 880; baseline -0.005 -17"><span class='ocrx_word' id='word_1_24' title='bbox 194 798 324 863; x_wconf 89' lang='lat' dir='ltr'>Poterat</span> <span class='ocrx_word' id='word_1_25' title='bbox 344 800 448 862; x_wconf 89' lang='lat' dir='ltr'>tamen</span> <span class='ocrx_word' id='word_1_26' title='bbox 471 811 557 877; x_wconf 81' lang='lat' dir='ltr'>aque</span> <span class='ocrx_word' id='word_1_27' title='bbox 579 793 668 859; x_wconf 80' lang='lat' dir='ltr'>facile</span> <span class='ocrx_word' id='word_1_28' title='bbox 682 793 759 878; x_wconf 86' lang='lat' dir='ltr'>fingi</span> <span class='ocrx_word' id='word_1_29' title='bbox 781 796 874 877; x_wconf 87' lang='lat' dir='ltr'>atque</span> <span class='ocrx_word' id='word_1_30' title='bbox 896 793 1201 880; x_wconf 75' lang='lat' dir='ltr'>indiligentia,</span> <span class='ocrx_word' id='word_1_31' title='bbox 1218 795 1262 858; x_wconf 90' lang='lat' dir='ltr'>in·</span> 
     </span>
     <span class='ocr_line' id='line_1_6' title="bbox 195 899 1263 985; baseline -0.006 -17"><span class='ocrx_word' id='word_1_32' title='bbox 195 902 440 980; x_wconf 77' lang='lat' dir='ltr'>tolerantie,</span> <span class='ocrx_word' id='word_1_33' title='bbox 474 899 537 965; x_wconf 91' lang='lat' dir='ltr'>alia</span> <span class='ocrx_word' id='word_1_34' title='bbox 567 918 626 965; x_wconf 93' lang='lat' dir='ltr'>non</span> <span class='ocrx_word' id='word_1_35' title='bbox 657 900 757 985; x_wconf 88' lang='lat' dir='ltr'>magia</span> <span class='ocrx_word' id='word_1_36' title='bbox 790 901 1014 984; x_wconf 77' lang='lat' dir='ltr'>frequentata3</span> <span class='ocrx_word' id='word_1_37' title='bbox 1052 900 1263 968; x_wconf 76' lang='lat' dir='ltr'>inconside-</span> 
     </span>
     <span class='ocr_line' id='line_1_7' title="bbox 195 1005 1262 1089; baseline -0.005 -17"><span class='ocrx_word' id='word_1_38' title='bbox 195 1007 370 1073; x_wconf 88' lang='lat' dir='ltr'>rantiam</span> <span class='ocrx_word' id='word_1_39' title='bbox 400 1009 483 1072; x_wconf 87' lang='lat' dir='ltr'>recte</span> <span class='ocrx_word' id='word_1_40' title='bbox 515 1005 676 1073; x_wconf 82' lang='lat' dir='ltr'>Manutius</span> <span class='ocrx_word' id='word_1_41' title='bbox 712 1005 851 1072; x_wconf 90' lang='lat' dir='ltr'>restituit</span> <span class='ocrx_word' id='word_1_42' title='bbox 879 1025 930 1089; x_wconf 86' lang='lat' dir='ltr'>ep.</span> <span class='ocrx_word' id='word_1_43' title='bbox 954 1006 997 1073; x_wconf 91' lang='lat' dir='ltr'>ad</span> <span class='ocrx_word' id='word_1_44' title='bbox 1032 1007 1096 1087; x_wconf 85' lang='lat' dir='ltr'>Qu.</span> <span class='ocrx_word' id='word_1_45' title='bbox 1118 1009 1155 1072; x_wconf 82' lang='lat' dir='ltr'>ir.</span> <span class='ocrx_word' id='word_1_46' title='bbox 1177 1006 1226 1084; x_wconf 91' lang='lat' dir='ltr'>lll,</span> <span class='ocrx_word' id='word_1_47' title='bbox 1242 1006 1262 1082; x_wconf 80' lang='lat' dir='ltr'>l,</span> 
     </span>
     <span class='ocr_line' id='line_1_8' title="bbox 197 1111 1262 1196; baseline -0.005 -20"><span class='ocrx_word' id='word_1_48' title='bbox 197 1114 225 1191; x_wconf 81' lang='lat'>2,</span> <span class='ocrx_word' id='word_1_49' title='bbox 248 1113 350 1195; x_wconf 85' lang='lat' dir='ltr'>ipsum</span> <span class='ocrx_word' id='word_1_50' title='bbox 373 1130 493 1196; x_wconf 85' lang='lat' dir='ltr'>quoque</span> <span class='ocrx_word' id='word_1_51' title='bbox 515 1113 598 1196; x_wconf 86' lang='lat' dir='ltr'>apud</span> <span class='ocrx_word' id='word_1_52' title='bbox 619 1111 719 1179; x_wconf 92' lang='lat' dir='ltr'>solum</span> <span class='ocrx_word' id='word_1_53' title='bbox 740 1115 888 1196; x_wconf 81' lang='lat' dir='ltr'>praeterea</span> <span class='ocrx_word' id='word_1_54' title='bbox 903 1112 1104 1179; x_wconf 83' lang='lat' dir='ltr'>Suetonium</span> <span class='ocrx_word' id='word_1_55' title='bbox 1118 1112 1262 1178; x_wconf 77' lang='lat' dir='ltr'>seruatae.</span> 
     </span>
    </p>
   </div>
   <div class='ocr_carea' id='block_1_3' title="bbox 196 1260 1264 1982">
    <p class='ocr_par' dir='ltr' id='par_1_3' title="bbox 196 1260 1264 1982">
     <span class='ocr_line' id='line_1_9' title="bbox 297 1260 1263 1342; baseline -0.001 -16"><span class='ocrx_word' id='word_1_56' title='bbox 297 1260 424 1341; x_wconf 69' lang='lat' dir='ltr'>Ibidi,</span> <span class='ocrx_word' id='word_1_57' title='bbox 445 1264 482 1327; x_wconf 84' lang='lat'>4:</span> <span class='ocrx_word' id='word_1_58' title='bbox 516 1263 590 1329; x_wconf 87' lang='lat' dir='ltr'>Vix</span> <span class='ocrx_word' id='word_1_59' title='bbox 622 1263 780 1329; x_wconf 90' lang='lat' dir='ltr'>tandem</span> <span class='ocrx_word' id='word_1_60' title='bbox 810 1262 892 1329; x_wconf 90' lang='lat' dir='ltr'>sibi</span> <span class='ocrx_word' id='word_1_61' title='bbox 914 1263 966 1341; x_wconf 89' lang='lat' dir='ltr'>(M</span> <span class='ocrx_word' id='word_1_62' title='bbox 996 1264 1101 1342; x_wconf 89' lang='lat' dir='ltr'>tibi)</span> <span class='ocrx_word' id='word_1_63' title='bbox 1125 1265 1171 1329; x_wconf 91' lang='lat' dir='ltr'>de</span> <span class='ocrx_word' id='word_1_64' title='bbox 1199 1278 1263 1327; x_wconf 86' lang='lat' dir='ltr'>mea</span> 
     </span>
     <span class='ocr_line' id='line_1_10' title="bbox 196 1366 1263 1443; baseline -0.003 -10"><span class='ocrx_word' id='word_1_65' title='bbox 196 1366 411 1434; x_wconf 83' lang='lat' dir='ltr'>voluntate</span> <span class='ocrx_word' id='word_1_66' title='bbox 448 1388 683 1437; x_wconf 84' lang='lat' dir='ltr'>eoncessum</span> <span class='ocrx_word' id='word_1_67' title='bbox 719 1371 789 1436; x_wconf 89' lang='lat' dir='ltr'>est.</span> <span class='ocrx_word' id='word_1_68' title='bbox 849 1369 967 1435; x_wconf 92' lang='lat' dir='ltr'>Delent</span> <span class='ocrx_word' id='word_1_69' title='bbox 1009 1372 1151 1438; x_wconf 92' lang='lat' dir='ltr'>editores</span> <span class='ocrx_word' id='word_1_70' title='bbox 1184 1368 1263 1443; x_wconf 84' lang='lat' dir='ltr'>siti,</span> 
     </span>
     <span class='ocr_line' id='line_1_11' title="bbox 197 1473 1264 1558; baseline -0.001 -19"><span class='ocrx_word' id='word_1_71' title='bbox 197 1474 279 1558; x_wconf 92' lang='lat' dir='ltr'>quod</span> <span class='ocrx_word' id='word_1_72' title='bbox 303 1475 385 1540; x_wconf 89' lang='lat' dir='ltr'>unde</span> <span class='ocrx_word' id='word_1_73' title='bbox 410 1478 514 1541; x_wconf 88' lang='lat' dir='ltr'>ortum</span> <span class='ocrx_word' id='word_1_74' title='bbox 540 1478 590 1556; x_wconf 91' lang='lat' dir='ltr'>sit,</span> <span class='ocrx_word' id='word_1_75' title='bbox 613 1495 702 1542; x_wconf 89' lang='lat' dir='ltr'>nomo</span> <span class='ocrx_word' id='word_1_76' title='bbox 724 1475 843 1541; x_wconf 85' lang='lat' dir='ltr'>dixerit.</span> <span class='ocrx_word' id='word_1_77' title='bbox 887 1475 1104 1543; x_wconf 77' lang='lat' dir='ltr'>scribendum</span> <span class='ocrx_word' id='word_1_78' title='bbox 1126 1480 1190 1542; x_wconf 87' lang='lat' dir='ltr'>ast:</span> <span class='ocrx_word' id='word_1_79' title='bbox 1209 1473 1264 1538; x_wconf 82' lang='lat' dir='ltr'>Vix</span> 
     </span>
     <span class='ocr_line' id='line_1_12' title="bbox 197 1581 1264 1660; baseline -0.003 -14"><span class='ocrx_word' id='word_1_80' title='bbox 197 1582 358 1647; x_wconf 90' lang='lat' dir='ltr'>taudem</span> <span class='ocrx_word' id='word_1_81' title='bbox 381 1582 458 1660; x_wconf 79' lang='lat' dir='ltr'>sivi3</span> <span class='ocrx_word' id='word_1_82' title='bbox 493 1582 537 1647; x_wconf 92' lang='lat' dir='ltr'>de</span> <span class='ocrx_word' id='word_1_83' title='bbox 570 1601 654 1648; x_wconf 88' lang='lat' dir='ltr'>mea</span> <span class='ocrx_word' id='word_1_84' title='bbox 685 1583 900 1649; x_wconf 87' lang='lat' dir='ltr'>voluntate</span> <span class='ocrx_word' id='word_1_85' title='bbox 934 1601 1180 1650; x_wconf 86' lang='lat' dir='ltr'>conoessum</span> <span class='ocrx_word' id='word_1_86' title='bbox 1207 1581 1264 1644; x_wconf 84' lang='lat' dir='ltr'>est</span> 
     </span>
     <span class='ocr_line' id='line_1_13' title="bbox 198 1682 1263 1773; baseline -0.004 -21"><span class='ocrx_word' id='word_1_87' title='bbox 198 1686 238 1753; x_wconf 87' lang='lat' dir='ltr'>Se</span> <span class='ocrx_word' id='word_1_88' title='bbox 260 1688 395 1770; x_wconf 85' lang='lat' dir='ltr'>primum</span> <span class='ocrx_word' id='word_1_89' title='bbox 419 1689 604 1755; x_wconf 85' lang='lat' dir='ltr'>concedendi</span> <span class='ocrx_word' id='word_1_90' title='bbox 633 1688 756 1773; x_wconf 88' lang='lat' dir='ltr'>signum</span> <span class='ocrx_word' id='word_1_91' title='bbox 784 1689 917 1768; x_wconf 83' lang='lat' dir='ltr'>dedisse,</span> <span class='ocrx_word' id='word_1_92' title='bbox 941 1689 1027 1772; x_wconf 91' lang='lat' dir='ltr'>quod</span> <span class='ocrx_word' id='word_1_93' title='bbox 1063 1688 1162 1756; x_wconf 85' lang='lat' dir='ltr'>aeteri</span> <span class='ocrx_word' id='word_1_94' title='bbox 1183 1682 1263 1752; x_wconf 83' lang='lat' dir='ltr'>seond</span> 
     </span>
     <span class='ocr_line' id='line_1_14' title="bbox 198 1793 1263 1879; baseline 0.008 -24"><span class='ocrx_word' id='word_1_95' title='bbox 198 1793 272 1872; x_wconf 87' lang='lat' dir='ltr'>sint,</span> <span class='ocrx_word' id='word_1_96' title='bbox 293 1793 457 1877; x_wconf 85' lang='lat' dir='ltr'>signifieat.</span> <span class='ocrx_word' id='word_1_97' title='bbox 511 1795 539 1859; x_wconf 91' lang='lat' dir='ltr'>V</span> <span class='ocrx_word' id='word_1_98' title='bbox 561 1796 593 1860; x_wconf 90' lang='lat' dir='ltr'>et</span> <span class='ocrx_word' id='word_1_99' title='bbox 614 1795 633 1860; x_wconf 91' lang='lat' dir='ltr'>b</span> <span class='ocrx_word' id='word_1_100' title='bbox 657 1795 777 1879; x_wconf 86' lang='lat' dir='ltr'>quoties</span> <span class='ocrx_word' id='word_1_101' title='bbox 805 1796 837 1860; x_wconf 92' lang='lat' dir='ltr'>in</span> <span class='ocrx_word' id='word_1_102' title='bbox 865 1795 1029 1861; x_wconf 88' lang='lat' dir='ltr'>eodieibus</span> <span class='ocrx_word' id='word_1_103' title='bbox 1054 1793 1263 1879; x_wconf 69' lang='lat' dir='ltr'>permutentur,</span> 
     </span>
     <span class='ocr_line' id='line_1_15' title="bbox 199 1898 457 1982; baseline 0.008 -18"><span class='ocrx_word' id='word_1_104' title='bbox 199 1898 270 1982; x_wconf 86' lang='lat' dir='ltr'>quis</span> <span class='ocrx_word' id='word_1_105' title='bbox 291 1900 457 1979; x_wconf 76' lang='lat' dir='ltr'>nescit?*)</span> 
     </span>
    </p>
   </div>
   <div class='ocr_carea' id='block_1_4' title="bbox 198 2045 1264 2558">
    <p class='ocr_par' dir='ltr' id='par_1_4' title="bbox 198 2045 1264 2558">
     <span class='ocr_line' id='line_1_16' title="bbox 299 2045 1262 2132; baseline -0.002 -20"><span class='ocrx_word' id='word_1_106' title='bbox 299 2047 493 2127; x_wconf 86' lang='lat' dir='ltr'>Ibid.10,l:</span> <span class='ocrx_word' id='word_1_107' title='bbox 516 2045 1262 2132; x_wconf 73' lang='lat' dir='ltr'>llgohiopasoorbibliotheeaFausti,</span> 
     </span>
     <span class='ocr_line' id='line_1_17' title="bbox 199 2151 1264 2236; baseline -0.001 -20"><span class='ocrx_word' id='word_1_108' title='bbox 199 2151 378 2218; x_wconf 85' lang='lat' dir='ltr'>fortasse</span> <span class='ocrx_word' id='word_1_109' title='bbox 414 2153 456 2218; x_wconf 90' lang='lat' dir='ltr'>tu</span> <span class='ocrx_word' id='word_1_110' title='bbox 488 2154 672 2236; x_wconf 86' lang='lat' dir='ltr'>putaras,</span> <span class='ocrx_word' id='word_1_111' title='bbox 705 2152 768 2219; x_wconf 91' lang='lat' dir='ltr'>his</span> <span class='ocrx_word' id='word_1_112' title='bbox 800 2154 919 2219; x_wconf 90' lang='lat' dir='ltr'>rebus</span> <span class='ocrx_word' id='word_1_113' title='bbox 951 2153 1205 2222; x_wconf 85' lang='lat' dir='ltr'>Puteolanis</span> <span class='ocrx_word' id='word_1_114' title='bbox 1233 2153 1264 2218; x_wconf 85' lang='lat' dir='ltr'>et</span> 
     </span>
     <span class='ocr_line' id='line_1_18' title="bbox 200 2258 1259 2343; baseline 0.003 -20"><span class='ocrx_word' id='word_1_115' title='bbox 200 2259 538 2336; x_wconf 58' lang='lat' dir='ltr'>Lucrinensibus</span> <span class='ocrx_word' id='word_1_116' title='bbox 561 2279 606 2325; x_wconf 93' lang='lat' dir='ltr'>ne</span> <span class='ocrx_word' id='word_1_117' title='bbox 628 2259 709 2325; x_wconf 86' lang='lat' dir='ltr'>istu</span> <span class='ocrx_word' id='word_1_118' title='bbox 731 2259 889 2343; x_wconf 89' lang='lat' dir='ltr'>quidem</span> <span class='ocrx_word' id='word_1_119' title='bbox 911 2258 1075 2336; x_wconf 87' lang='lat' dir='ltr'>desunt.</span> <span class='ocrx_word' id='word_1_120' title='bbox 1114 2263 1259 2334; x_wconf 79' lang='lat' dir='ltr'>Hares,</span> 
     </span>
     <span class='ocr_line' id='line_1_19' title="bbox 198 2365 1261 2449; baseline 0.002 -20"><span class='ocrx_word' id='word_1_121' title='bbox 198 2365 371 2447; x_wconf 78' lang='lat' dir='ltr'>praesertim</span> <span class='ocrx_word' id='word_1_122' title='bbox 386 2367 456 2449; x_wconf 88' lang='lat' dir='ltr'>post</span> <span class='ocrx_word' id='word_1_123' title='bbox 476 2383 636 2448; x_wconf 78' lang='lat' dir='ltr'>pascor,</span> <span class='ocrx_word' id='word_1_124' title='bbox 657 2367 734 2431; x_wconf 89' lang='lat' dir='ltr'>mire</span> <span class='ocrx_word' id='word_1_125' title='bbox 749 2365 868 2431; x_wconf 86' lang='lat' dir='ltr'>infinite</span> <span class='ocrx_word' id='word_1_126' title='bbox 884 2366 1091 2449; x_wconf 86' lang='lat' dir='ltr'>appellantur</span> <span class='ocrx_word' id='word_1_127' title='bbox 1105 2387 1164 2433; x_wconf 89' lang='lat' dir='ltr'>nee</span> <span class='ocrx_word' id='word_1_128' title='bbox 1179 2367 1261 2433; x_wconf 86' lang='lat' dir='ltr'>ullam</span> 
     </span>
     <span class='ocr_line' id='line_1_20' title="bbox 198 2470 1263 2558; baseline -0.002 -23"><span class='ocrx_word' id='word_1_129' title='bbox 198 2470 315 2536; x_wconf 88' lang='lat' dir='ltr'>hubent</span> <span class='ocrx_word' id='word_1_130' title='bbox 347 2470 529 2553; x_wconf 84' lang='lat' dir='ltr'>voluptatis,</span> <span class='ocrx_word' id='word_1_131' title='bbox 564 2490 656 2554; x_wconf 89' lang='lat' dir='ltr'>qnam</span> <span class='ocrx_word' id='word_1_132' title='bbox 688 2470 793 2539; x_wconf 80' lang='lat' dir='ltr'>Cicero</span> <span class='ocrx_word' id='word_1_133' title='bbox 828 2475 973 2551; x_wconf 80' lang='lat' dir='ltr'>sectetur,</span> <span class='ocrx_word' id='word_1_134' title='bbox 1008 2474 1263 2558; x_wconf 83' lang='lat' dir='ltr'>significationem.</span> 
     </span>
    </p>
   </div>
   <div class='ocr_carea' id='block_1_5' title="bbox 199 2577 1316 2769">
    <p class='ocr_par' dir='ltr' id='par_1_5' title="bbox 199 2577 1316 2769">
     <span class='ocr_line' id='line_1_21' title="bbox 200 2577 1316 2663; baseline 0.001 -21"><span class='ocrx_word' id='word_1_135' title='bbox 200 2577 373 2660; x_wconf 74' lang='lat' dir='ltr'>Sumpserat</span> <span class='ocrx_word' id='word_1_136' title='bbox 394 2578 513 2644; x_wconf 83' lang='lat' dir='ltr'>Cicero:</span> <span class='ocrx_word' id='word_1_137' title='bbox 549 2577 665 2645; x_wconf 82' lang='lat' dir='ltr'>ostreis</span> <span class='ocrx_word' id='word_1_138' title='bbox 698 2577 945 2644; x_wconf 86' lang='lat' dir='ltr'>Puteolanis.</span> <span class='ocrx_word' id='word_1_139' title='bbox 1002 2581 1088 2663; x_wconf 82' lang='lat' dir='ltr'>Apte</span> <span class='ocrx_word' id='word_1_140' title='bbox 1122 2580 1163 2645; x_wconf 90' lang='lat' dir='ltr'>ad</span> <span class='ocrx_word' id='word_1_141' title='bbox 1193 2580 1261 2644; x_wconf 86' lang='lat' dir='ltr'>huno</span> <span class='ocrx_word' id='word_1_142' title='bbox 1314 2640 1316 2656; x_wconf 65' lang='grc'>,</span> 
     </span>
     <span class='ocr_line' id='line_1_22' title="bbox 199 2682 1116 2769; baseline 0.002 -21"><span class='ocrx_word' id='word_1_143' title='bbox 199 2684 299 2750; x_wconf 85' lang='lat' dir='ltr'>iooam</span> <span class='ocrx_word' id='word_1_144' title='bbox 320 2682 514 2769; x_wconf 85' lang='lat' dir='ltr'>adiungitur:</span> <span class='ocrx_word' id='word_1_145' title='bbox 537 2703 582 2750; x_wconf 89' lang='lat' dir='ltr'>ne</span> <span class='ocrx_word' id='word_1_146' title='bbox 603 2683 686 2750; x_wconf 87' lang='lat' dir='ltr'>ista</span> <span class='ocrx_word' id='word_1_147' title='bbox 707 2684 866 2768; x_wconf 90' lang='lat' dir='ltr'>quidem</span> <span class='ocrx_word' id='word_1_148' title='bbox 889 2684 1116 2765; x_wconf 82' lang='lat' dir='ltr'>desunt.**)</span> 
     </span>
    </p>
   </div>
   <div class='ocr_carea' id='block_1_6' title="bbox 233 3021 1261 4117">
    <p class='ocr_par' dir='ltr' id='par_1_6' title="bbox 251 3021 1260 3465">
     <span class='ocr_line' id='line_1_23' title="bbox 251 3021 1259 3093; baseline 0.001 -16"><span class='ocrx_word' id='word_1_149' title='bbox 251 3021 311 3092; x_wconf 62' lang='grc' dir='ltr'>Ἣ</span> <span class='ocrx_word' id='word_1_150' title='bbox 336 3026 353 3077; x_wconf 84' lang='grc'><strong>6</strong></span> <span class='ocrx_word' id='word_1_151' title='bbox 376 3021 471 3078; x_wconf 88' lang='lat' dir='ltr'>eadem</span> <span class='ocrx_word' id='word_1_152' title='bbox 493 3022 657 3092; x_wconf 86' lang='lat' dir='ltr'>temeritate,</span> <span class='ocrx_word' id='word_1_153' title='bbox 683 3038 765 3092; x_wconf 88' lang='lat' dir='ltr'>quam</span> <span class='ocrx_word' id='word_1_154' title='bbox 792 3038 866 3092; x_wconf 77' lang='lat' dir='ltr'>saepe</span> <span class='ocrx_word' id='word_1_155' title='bbox 891 3024 1076 3093; x_wconf 87' lang='lat' dir='ltr'>reprehendo,</span> <span class='ocrx_word' id='word_1_156' title='bbox 1106 3025 1259 3082; x_wconf 85' lang='lat' dir='ltr'>damnantur</span> 
     </span>
     <span class='ocr_line' id='line_1_24' title="bbox 298 3114 1258 3188; baseline 0.001 -18"><span class='ocrx_word' id='word_1_157' title='bbox 298 3117 382 3171; x_wconf 86' lang='lat' dir='ltr'>verba</span> <span class='ocrx_word' id='word_1_158' title='bbox 399 3132 503 3186; x_wconf 86' lang='lat' dir='ltr'>prope</span> <span class='ocrx_word' id='word_1_159' title='bbox 522 3116 663 3171; x_wconf 89' lang='lat' dir='ltr'>omnium</span> <span class='ocrx_word' id='word_1_160' title='bbox 681 3114 844 3185; x_wconf 83' lang='lat' dir='ltr'>lunarum,</span> <span class='ocrx_word' id='word_1_161' title='bbox 867 3116 1034 3187; x_wconf 84' lang='lat' dir='ltr'>lucorum,</span> <span class='ocrx_word' id='word_1_162' title='bbox 1057 3136 1123 3188; x_wconf 81' lang='lat' dir='ltr'>quae</span> <span class='ocrx_word' id='word_1_163' title='bbox 1142 3137 1191 3175; x_wconf 88' lang='lat' dir='ltr'>ear</span> <span class='ocrx_word' id='word_1_164' title='bbox 1206 3119 1258 3188; x_wconf 75' lang='lat' dir='ltr'>qun</span> 
     </span>
     <span class='ocr_line' id='line_1_25' title="bbox 298 3207 1260 3282; baseline 0.006 -20"><span class='ocrx_word' id='word_1_165' title='bbox 298 3209 444 3278; x_wconf 80' lang='lat' dir='ltr'>addiderit,</span> <span class='ocrx_word' id='word_1_166' title='bbox 463 3226 496 3265; x_wconf 85' lang='lat' dir='ltr'>ne</span> <span class='ocrx_word' id='word_1_167' title='bbox 515 3207 612 3264; x_wconf 87' lang='lat' dir='ltr'>umbra</span> <span class='ocrx_word' id='word_1_168' title='bbox 630 3208 739 3278; x_wconf 85' lang='lat' dir='ltr'>quidem</span> <span class='ocrx_word' id='word_1_169' title='bbox 758 3225 848 3264; x_wconf 78' lang='lat' dir='ltr'>causae</span> <span class='ocrx_word' id='word_1_170' title='bbox 867 3211 1022 3280; x_wconf 82' lang='lat' dir='ltr'>excogitari</span> <span class='ocrx_word' id='word_1_171' title='bbox 1038 3218 1143 3282; x_wconf 78' lang='lat' dir='ltr'>potest</span> <span class='ocrx_word' id='word_1_172' title='bbox 1182 3213 1260 3281; x_wconf 77' lang='lat' dir='ltr'>Prope</span> 
     </span>
     <span class='ocr_line' id='line_1_26' title="bbox 297 3300 1260 3371; baseline 0.009 -17"><span class='ocrx_word' id='word_1_173' title='bbox 297 3300 433 3357; x_wconf 85' lang='lat' dir='ltr'>infinitam</span> <span class='ocrx_word' id='word_1_174' title='bbox 451 3317 481 3356; x_wconf 93' lang='lat' dir='ltr'>se</span> <span class='ocrx_word' id='word_1_175' title='bbox 500 3301 667 3371; x_wconf 84' lang='lat' dir='ltr'>legationem</span> <span class='ocrx_word' id='word_1_176' title='bbox 688 3302 802 3358; x_wconf 87' lang='lat' dir='ltr'>liberam</span> <span class='ocrx_word' id='word_1_177' title='bbox 824 3302 1013 3359; x_wconf 89' lang='lat' dir='ltr'>obeundorum</span> <span class='ocrx_word' id='word_1_178' title='bbox 1036 3310 1167 3362; x_wconf 80' lang='lat' dir='ltr'>notorum</span> <span class='ocrx_word' id='word_1_179' title='bbox 1187 3320 1260 3362; x_wconf 78' lang='lat' dir='ltr'>sauss</span> 
     </span>
     <span class='ocr_line' id='line_1_27' title="bbox 296 3395 810 3465; baseline 0 -15"><span class='ocrx_word' id='word_1_180' title='bbox 296 3395 500 3465; x_wconf 84' lang='lat' dir='ltr'>postulaturum</span> <span class='ocrx_word' id='word_1_181' title='bbox 517 3395 602 3451; x_wconf 80' lang='lat' dir='ltr'>fuisse</span> <span class='ocrx_word' id='word_1_182' title='bbox 622 3395 716 3451; x_wconf 84' lang='lat' dir='ltr'>Cicero</span> <span class='ocrx_word' id='word_1_183' title='bbox 735 3395 810 3450; x_wconf 87' lang='lat' dir='ltr'>dicit.</span> 
     </span>
    </p>

    <p class='ocr_par' dir='ltr' id='par_1_7' title="bbox 233 3487 1261 4117">
     <span class='ocr_line' id='line_1_28' title="bbox 233 3487 1260 3559; baseline 0.002 -17"><span class='ocrx_word' id='word_1_184' title='bbox 233 3487 277 3556; x_wconf 83' lang='lat'>**)</span> <span class='ocrx_word' id='word_1_185' title='bbox 296 3489 363 3543; x_wconf 82' lang='lat' dir='ltr'>Cum</span> <span class='ocrx_word' id='word_1_186' title='bbox 390 3490 461 3544; x_wconf 88' lang='lat' dir='ltr'>hane</span> <span class='ocrx_word' id='word_1_187' title='bbox 488 3488 707 3545; x_wconf 79' lang='lat' dir='ltr'>emendationem</span> <span class='ocrx_word' id='word_1_188' title='bbox 735 3505 796 3544; x_wconf 88' lang='lat' dir='ltr'>eum</span> <span class='ocrx_word' id='word_1_189' title='bbox 822 3488 953 3558; x_wconf 85' lang='lat' dir='ltr'>Ussiugio</span> <span class='ocrx_word' id='word_1_190' title='bbox 973 3491 1260 3559; x_wconf 61' lang='lat' dir='ltr'>communicassem</span> 
     </span>
     <span class='ocr_line' id='line_1_29' title="bbox 296 3581 1261 3655; baseline 0.006 -20"><span class='ocrx_word' id='word_1_191' title='bbox 296 3597 338 3635; x_wconf 88' lang='lat' dir='ltr'>me</span> <span class='ocrx_word' id='word_1_192' title='bbox 366 3581 517 3650; x_wconf 80' lang='lat' dir='ltr'>admonuit,</span> <span class='ocrx_word' id='word_1_193' title='bbox 545 3597 606 3636; x_wconf 85' lang='lat' dir='ltr'>eam</span> <span class='ocrx_word' id='word_1_194' title='bbox 632 3583 687 3638; x_wconf 88' lang='lat' dir='ltr'>iam</span> <span class='ocrx_word' id='word_1_195' title='bbox 714 3598 732 3638; x_wconf 88' lang='lat' dir='ltr'>a</span> <span class='ocrx_word' id='word_1_196' title='bbox 758 3582 854 3638; x_wconf 86' lang='lat' dir='ltr'>Fulvio</span> <span class='ocrx_word' id='word_1_197' title='bbox 874 3583 975 3639; x_wconf 86' lang='lat' dir='ltr'>Ursino</span> <span class='ocrx_word' id='word_1_198' title='bbox 1002 3585 1177 3655; x_wconf 81' lang='lat' dir='ltr'>propositam</span> <span class='ocrx_word' id='word_1_199' title='bbox 1201 3598 1261 3640; x_wconf 74' lang='lat' dir='ltr'>esse</span> 
     </span>
     <span class='ocr_line' id='line_1_30' title="bbox 296 3673 1260 3748; baseline 0.003 -19"><span class='ocrx_word' id='word_1_200' title='bbox 296 3673 379 3729; x_wconf 88' lang='lat' dir='ltr'>Nolui</span> <span class='ocrx_word' id='word_1_201' title='bbox 406 3681 498 3730; x_wconf 87' lang='lat' dir='ltr'>tumen</span> <span class='ocrx_word' id='word_1_202' title='bbox 525 3675 625 3732; x_wconf 88' lang='lat' dir='ltr'>tollere</span> <span class='ocrx_word' id='word_1_203' title='bbox 651 3675 791 3744; x_wconf 86' lang='lat' dir='ltr'>maluique</span> <span class='ocrx_word' id='word_1_204' title='bbox 817 3676 870 3731; x_wconf 86' lang='lat' dir='ltr'>hoe</span> <span class='ocrx_word' id='word_1_205' title='bbox 898 3691 1009 3745; x_wconf 87' lang='lat' dir='ltr'>qnoque</span> <span class='ocrx_word' id='word_1_206' title='bbox 1038 3679 1101 3734; x_wconf 89' lang='lat' dir='ltr'>loco</span> <span class='ocrx_word' id='word_1_207' title='bbox 1134 3677 1260 3748; x_wconf 83' lang='lat' dir='ltr'>conqueri,</span> 
     </span>
     <span class='ocr_line' id='line_1_31' title="bbox 296 3768 1259 3839; baseline 0.003 -17"><span class='ocrx_word' id='word_1_208' title='bbox 296 3783 379 3835; x_wconf 86' lang='lat' dir='ltr'>qnam</span> <span class='ocrx_word' id='word_1_209' title='bbox 406 3768 500 3823; x_wconf 80' lang='lat' dir='ltr'>multae</span> <span class='ocrx_word' id='word_1_210' title='bbox 528 3774 556 3824; x_wconf 90' lang='lat' dir='ltr'>et</span> <span class='ocrx_word' id='word_1_211' title='bbox 583 3769 700 3839; x_wconf 84' lang='lat' dir='ltr'>egregiae</span> <span class='ocrx_word' id='word_1_212' title='bbox 727 3769 882 3824; x_wconf 90' lang='lat' dir='ltr'>huiusmodi</span> <span class='ocrx_word' id='word_1_213' title='bbox 910 3769 1122 3827; x_wconf 85' lang='lat' dir='ltr'>emendationes</span> <span class='ocrx_word' id='word_1_214' title='bbox 1149 3778 1259 3828; x_wconf 81' lang='lat' dir='ltr'>veteram</span> 
     </span>
     <span class='ocr_line' id='line_1_32' title="bbox 294 3860 1260 3931; baseline 0.005 -18"><span class='ocrx_word' id='word_1_215' title='bbox 294 3860 426 3916; x_wconf 86' lang='lat' dir='ltr'>Italorum</span> <span class='ocrx_word' id='word_1_216' title='bbox 455 3861 625 3929; x_wconf 85' lang='lat' dir='ltr'>aliorumque</span> <span class='ocrx_word' id='word_1_217' title='bbox 651 3862 787 3931; x_wconf 75' lang='lat' dir='ltr'>neglectae</span> <span class='ocrx_word' id='word_1_218' title='bbox 811 3862 929 3918; x_wconf 84' lang='lat' dir='ltr'>iaceant.</span> <span class='ocrx_word' id='word_1_219' title='bbox 975 3862 1056 3919; x_wconf 88' lang='lat' dir='ltr'>Idem</span> <span class='ocrx_word' id='word_1_220' title='bbox 1074 3865 1190 3921; x_wconf 88' lang='lat' dir='ltr'>Ursinus</span> <span class='ocrx_word' id='word_1_221' title='bbox 1205 3861 1260 3918; x_wconf 84' lang='lat' dir='ltr'>miti</span> 
     </span>
     <span class='ocr_line' id='line_1_33' title="bbox 294 3952 1258 4028; baseline 0.004 -23"><span class='ocrx_word' id='word_1_222' title='bbox 294 3952 324 4005; x_wconf 92' lang='lat' dir='ltr'>in</span> <span class='ocrx_word' id='word_1_223' title='bbox 341 3955 412 4009; x_wconf 86' lang='lat' dir='ltr'>Livii</span> <span class='ocrx_word' id='word_1_224' title='bbox 430 3955 477 4010; x_wconf 91' lang='lat' dir='ltr'>lib.</span> <span class='ocrx_word' id='word_1_225' title='bbox 496 3956 611 4011; x_wconf 84' lang='lat' dir='ltr'>XXVIII</span> <span class='ocrx_word' id='word_1_226' title='bbox 630 3972 652 4011; x_wconf 88' lang='lat' dir='ltr'>o.</span> <span class='ocrx_word' id='word_1_227' title='bbox 672 3955 715 4024; x_wconf 87' lang='grc'>21,</span> <span class='ocrx_word' id='word_1_228' title='bbox 734 3956 751 4010; x_wconf 87' lang='grc'>2</span> <span class='ocrx_word' id='word_1_229' title='bbox 768 3955 959 4026; x_wconf 82' lang='lat' dir='ltr'>praeripuerat,</span> <span class='ocrx_word' id='word_1_230' title='bbox 983 3974 1038 4026; x_wconf 94' lang='lat' dir='ltr'>quo</span> <span class='ocrx_word' id='word_1_231' title='bbox 1058 3959 1170 4015; x_wconf 80' lang='lat' dir='ltr'>inuento</span> <span class='ocrx_word' id='word_1_232' title='bbox 1187 3970 1258 4028; x_wconf 73' lang='lat' dir='ltr'>pane</span> 
     </span>
     <span class='ocr_line' id='line_1_34' title="bbox 293 4044 850 4117; baseline 0.014 -21"><span class='ocrx_word' id='word_1_233' title='bbox 293 4044 444 4117; x_wconf 86' lang='lat' dir='ltr'>gloriabar,</span> <span class='ocrx_word' id='word_1_234' title='bbox 463 4048 502 4104; x_wconf 90' lang='lat' dir='ltr'>de</span> <span class='ocrx_word' id='word_1_235' title='bbox 521 4056 653 4106; x_wconf 81' lang='lat' dir='ltr'>catasta</span> <span class='ocrx_word' id='word_1_236' title='bbox 672 4065 850 4105; x_wconf 86' lang='lat' dir='ltr'>servorum.</span> 
     </span>
    </p>
   </div>
   <div class='ocr_carea' id='block_1_7' title="bbox 0 0 1340 5056">
    <p class='ocr_par' dir='ltr' id='par_1_8' title="bbox 0 0 1340 5056">
     <span class='ocr_line' id='line_1_35' title="bbox 0 0 1340 5056; baseline 0 0"><span class='ocrx_word' id='word_1_237' title='bbox 0 0 1340 5056; x_wconf 95' lang='lat' dir='ltr'> </span> 
     </span>
    </p>
   </div>
  </div>
 </body>
</html>
