2648 5084
28 949 56 1011 st
76 945 254 1027 interpolati
276 944 406 1010 derivati
429 950 510 1018 sunt,
531 966 589 1010 non
614 949 712 1012 solnm
736 922 919 1032 aliquotiens
941 946 1115 1024 servasset
1185 926 1265 1038 22⁶

28 1071 91 1138 pure
123 1053 154 1116 in
182 1052 241 1117 illo
267 1068 366 1116 errore
397 1053 512 1118 omissa
539 1054 615 1129 sint,
648 1054 703 1118 sed
736 1057 829 1120 ctiam
862 1076 921 1121 non
952 1059 996 1122 ita
1023 1077 1090 1123 raro
1185 1045 1204 1137 ,⁰
1238 1085 1244 1100 ·

98 1439 187 1476 remus
206 1436 253 1477 nec
272 1422 334 1476 filisa
353 1426 416 1476 ante
436 1440 529 1477 uxores
558 1437 638 1490 prave
661 1421 882 1490 nominarentur),
910 1421 965 1477 ibd.
985 1426 1001 1490 6
1020 1428 1089 1495 (op-

66 1494 194 1584 ¹ponit
221 1531 269 1584 pro
288 1516 451 1586 supponit
469 1533 499 1570 ex
518 1514 625 1569 esemel
645 1514 752 1583 scripto,
780 1515 1089 1586 iuvenesupponit,

94 1612 202 1676 ortum),
233 1609 315 1672 VIlI,
347 1613 377 1670 4,
397 1612 413 1664 9
434 1609 804 1679 (Greciaeimpcrantis
835 1609 986 1670 emulos,
1018 1611 1088 1679 qnod

94 1702 134 1755 sic
147 1705 292 1763 coematur,
304 1702 378 1775 qnasi
391 1702 480 1756 emuli
488 1701 610 1770 Philippi
619 1701 683 1764 aiot,
692 1700 738 1769 qui
752 1701 917 1759 amarentur.
929 1703 983 1756 utri
994 1703 1018 1756 ei
1028 1719 1089 1772 gra·

93 1795 179 1849 tiores
199 1795 264 1856 sint,
278 1811 339 1864 pro:
361 1796 483 1864 gratia
502 1794 712 1864 imperantis
730 1793 889 1860 romulos),
903 1796 1089 1861 Xll,4,4(ex

95 1884 212 1940 labore
229 1888 373 1942 militia
392 1890 583 1944 molliorem
601 1888 674 1940 iore
700 1887 918 1942 dulcedinem
936 1902 1089 1956 uxorum,

95 1980 174 2049 quasi
203 1981 347 2037 mollior
371 1984 409 2037 sit
438 1982 576 2054 gratior,
610 1984 638 2035 et
666 1980 745 2050 ‘qnasi
775 1980 924 2036 Alexander
954 1982 1089 2037 dulcedini

93 2089 221 2138 morum,
256 2091 308 2128 non
344 2076 402 2129 eins
434 2091 483 2144 ope
517 2074 655 2143 patientie
682 2073 789 2128 militis
819 2076 996 2144 prospexerit,
1027 2092 1088 2144 pro:

94 2148 132 2222 et
160 2166 308 2226 laborem
336 2168 478 2222 militia
497 2166 692 2221 molliorem
723 2165 793 2221 fore
812 2166 997 2222 dulcedine
1016 2175 1088 2233 nx),

67 2246 173 2321 'x111,
193 2263 217 2327 4,
236 2262 270 2315 24
295 2262 464 2326 (memoria
493 2277 539 2330 pro
558 2262 711 2324 materia,
740 2260 815 2329 quasi
840 2260 967 2316 memoria
985 2261 1089 2330 simpli-

93 2352 162 2405 citer
174 2368 221 2421 pro
230 2352 410 2407 admonitione
423 2360 451 2407 et
460 2355 634 2409 incitamento
644 2345 757 2418 dicatur,
765 2359 793 2407 et
801 2352 878 2423 quasi
888 2353 912 2406 h.
923 2352 942 2408 l.
953 2353 985 2407 da
995 2354 1089 2407 Incita-

97 2447 191 2499 mento
208 2448 314 2500 tantum
332 2454 449 2516 agatur),
468 2448 582 2510 XXXII,
602 2450 627 2512 2,
647 2450 664 2502 2
683 2446 918 2510 (insularinm,
941 2445 1090 2516 quodmtre

92 2543 242 2605 enarratur,
262 2540 338 2609 quasi
356 2539 487 2608 templum
506 2540 595 2594 insula
619 2541 663 2600 eit,
691 2555 739 2608 pro
761 2540 967 2604 Incolarum,
996 2539 1090 2594 addita

94 2636 186 2685 tamen
201 2632 288 2702 magis
306 2631 460 2687 incredibili
478 2633 602 2702 opinione
620 2632 653 2687 de
672 2647 733 2702 rege
751 2649 879 2688 concursu
897 2632 1088 2688 infularum

86 2722 259 2791 interfecto),
278 2725 432 2791 XXXVIII,
452 2727 483 2784 4,
504 2728 550 2788 14,
579 2729 628 2780 cet
666 2725 728 2779 alia
746 2742 798 2780 non
816 2726 906 2780 minus
932 2743 1014 2796 prava
1032 2727 1089 2780 sine

96 2817 249 2872 defensIone
267 2818 384 2887 reposItu
402 2821 474 2880 sunt,
495 2819 526 2870 ut
545 2818 565 2883 1,
596 2821 636 2883 10,
666 2822 698 2873 12
717 2820 878 2881 (cessisse
905 2835 974 2883 eos,
1002 2807 1100 2888 qnod
1129 2881 1131 2887 y

95 2927 144 2981 pro
162 2928 206 2975 eo,
227 2912 333 2981 qnod).
362 2911 446 2977 Quam
467 2926 519 2964 non
544 2914 620 2965 caute
638 2914 687 2965 aut
704 2916 781 2966 acute
809 2917 1002 2980 comparentur,
1031 2905 1097 2983 que

95 3004 198 3057 similia
213 3006 342 3072 putantur
360 3019 424 3068 esse,
444 2997 639 3074 exemplo'esse
658 3007 747 3074 potest
764 3005 863 3069 XXXI,
885 3011 908 3069 i,
922 3009 945 3069 l,
964 3004 1010 3058 ubi
1035 3005 1098 3058 loci¹

95 3090 232 3166 adscripti
255 3090 608 3166 perspicue'demonstrant
637 3098 790 3153 dici.esse
830 3090 946 3168 praede
980 3097 1088 3174 alieni

94 3188 310 3256 (militibus),
341 3207 414 3245 esse
442 3190 584 3261 praedam
607 3191 772 3268 alicuius,
804 3193 896 3260 itaque
919 3189 1088 3245 scribendum

93 3299 158 3343 esse,
178 3285 307 3337 utantee
326 3282 499 3348 scribebatur,
530 3285 771 3354 pradaetiam
790 3284 988 3340 domesticis
1007 3286 1087 3348 erat,
1167 3343 1169 3348 ,
1230 3297 1232 3303 ·

93 3392 148 3430 non
168 3376 287 3445 prada,
305 3380 355 3431 aut
377 3375 447 3446 quod
466 3378 827 3448 inipeoatetimpraeiatione
847 3375 1085 3444 §baddefendcn-

93 3469 158 3523 dum
183 3486 249 3523 non
275 3473 343 3524 tam
369 3471 501 3541 magis.
523 3512 528 3523 .
548 3513 554 3526 .
574 3487 671 3541 quam
689 3471 879 3526 adscribuntur
898 3471 958 3535 loci,
978 3472 1005 3524 in
1025 3471 1086 3540 qui·

94 3562 196 3616 bnsest
214 3566 261 3616 ant
280 3579 343 3616 uon
362 3564 468 3632 magis
488 3606 495 3619 .
514 3603 522 3618 .
541 3607 547 3619 .
567 3580 666 3633 quam
683 3567 731 3618 ant
749 3580 815 3617 non
835 3567 920 3617 tam.
941 3578 1084 3631 ..quem

92 3653 313 3709 Coniectumrum
331 3657 464 3726 specimen
483 3658 542 3726 capi
571 3659 661 3725 potest
680 3673 710 3709 ex
730 3655 885 3715 XXXVIII,
915 3659 939 3719 9,
966 3658 983 3710 3
1012 3653 1084 3718 (Cui

92 3747 282 3802 Arsacides
301 3766 412 3818 parem
432 3751 466 3802 in
484 3749 650 3821 Hyrcania
664 3748 872 3817 nopcultnm
887 3749 1017 3801 tautum
1036 3763 1084 3800 rc·

92 3840 183 3910 gium
207 3843 393 3909 prestitit,
425 3840 482 3896 sed
501 3845 535 3895 et
558 3840 676 3894 filiam
700 3842 732 3894 in
757 3841 1012 3896 matrimonium
1032 3839 1083 3893 de·

92 3932 161 3996 dit,
186 3934 258 4000 qnod
277 3935 396 4004 intelligi
414 3934 507 3989 debet:
538 3934 573 3987 in
592 3933 774 4004 Hyrcania,
806 3951 864 4003 quas
882 3935 942 4003 ipsa
960 3935 1010 3988 loci
1028 3934 1084 4003 sig·

91 4025 212 4079 nificatio
240 4027 307 4081 mire
334 4029 372 4083 sto
400 4027 593 4096 interponitur.
626 4043 688 4081 non
717 4029 846 4081 cultum
870 4031 1004 4081 tentum
1031 4043 1084 4081 re·

89 4119 182 4188 ginm
200 4134 313 4188 parem
332 4121 518 4191 prestitit,
537 4112 934 4190 ubi,qnidsitc'u1crsrsgius
953 4136 1008 4189 par,
1027 4119 1086 4173 inre

89 4212 258 4281 qneraslvel
276 4229 307 4267 ex
324 4213 396 4275 XIV,
417 4217 441 4275 1,
460 4216 477 4268 3
496 4215 552 4278 (ut,
570 4229 610 4267 an
629 4214 722 4268 circa
742 4231 775 4268 se
793 4211 940 4266 animati
959 4214 1083 4274 essent,

89 4309 329 4373 cognosceret,
357 4305 429 4375 qnod
454 4306 608 4375 exponitur:
628 4322 662 4359 en
686 4323 714 4359 se
742 4305 807 4360 duce
836 4305 935 4359 bonnm
964 4305 1084 4358 animum

88 4397 232 4465 haberent;
257 4397 405 4453 nesciebam
424 4400 462 4452 sic
481 4397 534 4452 dici
560 4400 652 4453 circa
678 4415 712 4453 se
736 4403 768 4451 'et
797 4399 987 4452 enlmatum
1012 4414 1084 4452 esse

87 4490 143 4545 diei
162 4506 209 4559 pro
232 4489 360 4560 eoquod
384 4495 425 4544 est
447 4488 529 4544 bene
547 4489 730 4544 animatum
757 4507 844 4556 esse,
864 4494 892 4545 et
911 4491 959 4546 boc
979 4507 1025 4560 pro
1043 4507 1083 4555 eo,

88 4581 161 4652 qnod
178 4585 220 4636 cst
238 4581 359 4636 bonum
378 4583 523 4635 animum
542 4581 683 4650 habere).
