2656 5056
445 709 585 763 (iceronis
603 709 712 762 Brutus,
1017 710 1074 771 109

27 908 173 986 ‘tempus
195 904 425 981 (habiturus
448 915 509 982 es),
541 905 683 987 quoniam
714 906 751 970 de
773 909 892 971 oratore
914 907 973 971 iarn
997 905 1115 987 pridem

22 1012 130 1078 claro
155 1018 187 1076 et
212 1014 373 1078 consulatu
395 1015 499 1078 functo
523 1012 686 1077 dicendum
716 1015 782 1077 erat
810 1012 940 1076 habes.
994 1011 1117 1091 Perspi-

24 1137 141 1184 cuum
164 1121 212 1183 est
234 1117 333 1202 igitur
354 1138 506 1185 summam
530 1117 668 1201 responsi
691 1123 722 1183 et
741 1118 846 1182 iudicii
863 1118 952 1183 Bruti
967 1115 1115 1181 contineri

38 1225 96 1290 his
119 1224 224 1290 verbis
247 1227 434 1291 coniunctis:
464 1226 566 1304 Quid
590 1243 728 1289 censes
757 1223 837 1289 nisi
859 1224 1034 1288 similem
1056 1222 1116 1286 tui

28 1347 117 1403 (mo
140 1349 224 1395 eum
246 1330 465 1407 indicaret?
489 1330 563 1409 Qua
582 1332 816 1413 interponuntur
831 1330 931 1407 verba,
954 1328 993 1394 id
1016 1327 1116 1411 quod

26 1437 59 1501 lr
70 1436 266 1502 abiturus
289 1456 345 1513 es,
368 1435 523 1518 pertinent
537 1437 575 1502 ad
592 1436 819 1514 declarandum,
842 1437 916 1520 quid
930 1435 997 1518 ipse
1013 1435 1116 1500 Cicero

21 1541 82 1607 <ie
107 1541 167 1607 hoc
190 1544 278 1608 Bruti
303 1543 416 1608 iudicio
438 1562 583 1608 sensurus
606 1544 655 1607 sit.
701 1543 855 1624 Scriptum
878 1544 992 1608 suerat:
1015 1540 1117 1622 Quid

33 1668 208 1726 censes,
241 1649 392 1733 inquit,
415 1648 495 1713 nisi
517 1649 567 1725 (id
599 1649 700 1731 quod
731 1648 903 1735 agniturus
924 1656 978 1723 es)
1003 1649 1118 1713 simi-

27 1757 125 1821 lem
150 1756 234 1820 tui?
264 1757 380 1820 Brutus
403 1756 579 1820 Ciceronem
607 1757 707 1837 ipsum
739 1757 817 1820 hanc
840 1755 978 1822 Marcelli
1002 1754 1117 1819 simili-

25 1863 190 1928 tudinem
222 1862 398 1946 agniturum
433 1880 499 1926 csso
531 1862 694 1945 siguificat.
749 1861 806 1927 His
828 1862 987 1944 aptissime
1008 1860 1118 1925 adiun-

29 1972 168 2054 guntur
190 1987 236 2043 eu,
258 1988 326 2052 quae
349 1968 526 2051 sequuntur.

152 2085 232 2150 Ibid.
263 2087 340 2149 265:
361 2087 409 2150 ‘L.
440 2086 685 2167 Torquatus,
718 2104 831 2167 quern
860 2089 902 2149 tu
934 2102 1006 2149 non
1040 2088 1117 2149 tam

28 2195 130 2260 cito
153 2192 356 2258 rhetorem
379 2191 568 2269 dixisses,
600 2192 679 2257 etsi
710 2210 783 2255 non
806 2192 945 2256 deerat
967 2190 1117 2262 oratio,

31 2317 181 2382 quarn,
204 2300 246 2362 ut
268 2296 394 2363 Graeoi
418 2298 572 2377 dicunt,
597 2293 843 2364 πολιτικόν.
887 2298 921 2362 L.
944 2298 1119 2379 Torquatus

36 2406 237 2471 rhetorne
270 2405 353 2469 esset
381 2423 418 2469 ae
444 2403 565 2468 dicendi
595 2405 751 2490 magister,
782 2424 872 2470 nemo
894 2404 1064 2487 quaerebatr
1087 2402 1119 2466 id

37 2532 146 2578 riuum
170 2511 328 2595 agebatur,
351 2514 492 2575 oratoroa
514 2514 596 2576 esset
618 2530 655 2577 an
678 2514 799 2576 tantum
823 2513 914 2576 borno
930 2512 972 2576 rei
989 2510 1120 2592 publicae

39 2618 178 2703 peritus.
222 2618 283 2694 (De
305 2616 412 2683 Graeco
433 2617 576 2692 nomime,
599 2619 681 2700 quod
700 2620 748 2683 est
770 2611 888 2703 ῥήτωρ,
910 2637 968 2683 usu
990 2616 1120 2701 cogitari

39 2744 82 2789 eo
108 2723 344 2804 minuspotest,
366 2724 446 2806 qood
468 2723 499 2788 in
526 2724 621 2789 altero
644 2727 709 2807 ipso
726 2726 787 2790 rod
802 2725 980 2789 πολιτικοῦ
997 2725 1119 2789 nomine

40 2830 153 2896 Graeci
175 2849 248 2894 usus
278 2829 448 2912 proprietas
477 2851 496 2897 a
524 2834 634 2897 Latino
665 2832 848 2915 separatur.)
901 2831 1018 2912 Ipsum,
1041 2830 1118 2913 quod

1 3005 3 3007 ,
46 2935 250 3020 adiungitur:
273 2938 352 3001 etsi
374 2955 445 3001 noo
474 2939 614 3002 deerat
637 2937 783 3009 oratio,
807 2936 876 3000 lusu
895 2936 1027 3018 quodam
1051 2955 1120 3000 ver·

49 3044 164 3107 borum
199 3041 344 3120 ostendit,
382 3043 453 3126 quid
476 3043 580 3109 Cicero
617 3044 789 3127 scripserit:
822 3062 895 3108 nou
928 3045 1006 3108 tarn
1040 3043 1120 3107 oito

19 3224 20 3227 Ἴ
52 3148 221 3220 oratorem
244 3148 436 3223 dixisses,
459 3152 537 3215 etsi
561 3170 632 3216 oon
662 3152 802 3216 deerat
824 3150 970 3222 oratio,
993 3166 1115 3232 quom,

48 3257 96 3318 ut
119 3255 178 3320 oet.
239 3254 384 3319 Mendum
420 3258 526 3321 natum
560 3259 608 3322 est
639 3275 674 3322 ex
707 3259 987 3331 odoratorum,
1023 3254 1119 3319 semel

52 3361 171 3444 scripta
192 3360 297 3429 littera
317 3380 351 3436 03
375 3364 443 3427 tum
466 3365 545 3428 enim
569 3365 802 3429 erratorem
825 3366 940 3429 factum
964 3362 1012 3426 est
1034 3362 1119 3426 rho·

47 3466 227 3548 torem.*t

155 3593 233 3660 ibid.
266 3594 342 3659 304:
379 3600 647 3665 exercebatur
686 3617 762 3664 unc
798 3598 889 3682 lego
922 3597 1119 3664 iudicium

47 3701 176 3766 Varia
197 3703 350 3767 ceteris
379 3711 548 3788 propter
576 3704 726 3770 bellum
754 3704 1027 3782 intermissis,
1056 3705 1118 3769 oui

105 3971 132 4037 *)
152 3970 229 4038 §296
248 3973 337 4028 oratio
358 3974 397 4029 sio
414 3975 633 4047 interpungenda
646 3983 701 4031 est:
721 3975 913 4043 assentior,
932 3972 989 4029 sed
1008 3980 1118 4028 tamen

153 4079 220 4116 non
243 4063 312 4120 isto
337 4068 432 4124 modo
450 4069 514 4138 (quo
534 4077 564 4124 tu
581 4070 728 4139 loqueris);
756 4075 791 4123 nt
816 4067 989 4137 Polycliti
1015 4067 1118 4137 dory-

152 4156 294 4225 phorum
327 4161 394 4216 sibi
423 4162 594 4234 Lysippus
627 4163 755 4228 aiebat,
784 4160 833 4217 sic
860 4168 896 4215 tu
924 4161 1127 4232 suasionem¹

87 4244 92 4251 “
154 4250 245 4318 legis
269 4250 422 4310 Serviliae
449 4257 513 4311 tibi
540 4255 738 4324 magistram
764 4253 875 4310 fuisse
893 4255 1021 4323 (aielrasl3
1050 4255 1118 4309 haec

153 4359 310 4409 germana
337 4349 447 4404 ironia
474 4356 537 4404 est.
560 4348 612 4402 ·ln
636 4365 669 4404 ea
687 4349 917 4418 interpunctione,
936 4364 997 4415 quae
1015 4348 1043 4402 in
1062 4348 1117 4402 edi·

146 4441 274 4497 tionibus
302 4448 352 4510 est,
379 4443 516 4511 particula
538 4450 572 4497 ut
596 4457 725 4510 perverse
743 4442 814 4497 inter
832 4443 926 4512 priorn
944 4449 972 4496 et
989 4441 1026 4509 id,
1045 4441 1118 4509 quod

153 4538 286 4606 sequitur,
306 4537 358 4593 sio
375 4534 544 4592 distrahitur.
