2662 5046
441 666 577 724 crossen
595 668 745 726 usum.
1023 673 1087 738 1ee

62 929 65 937 ,
155 866 225 933 Ibd.
263 864 305 927 91
349 863 512 930 vuindme
544 863 708 949 Uesingine
744 867 978 949 animadvertit,
1021 874 1128 942 omnia

58 973 139 1039 recte
161 969 325 1038 etcrdine
347 969 393 1034 sie
415 968 592 1035 decurrere:
634 969 762 1058 Negas
794 973 924 1054 defici,
959 976 1037 1042 nisi
1059 977 1126 1061 qni

58 1076 278 1161 possideat
333 1073 520 1149 Ostende,
556 1075 590 1140 si
617 1075 705 1142 sine
731 1079 891 1146 armatis
924 1080 1127 1148 coactive

58 1181 278 1248 hominibus
301 1179 477 1245 deiectus
498 1179 690 1263 quispiam
711 1181 782 1260 sit,
805 1200 903 1260 eunn,
937 1185 1000 1268 qui
1021 1185 1125 1252 late'·

60 1292 141 1356 ntur
162 1305 205 1353 se
226 1284 438 1360 deiecisse,
458 1284 617 1350 vincere
635 1287 905 1369 sponsionem,
938 1290 971 1355 si
991 1291 1125 1357 osten·

58 1393 140 1473 dat,
175 1410 268 1458 eum
290 1410 362 1456 non
383 1389 642 1472 possedisse;
678 1409 723 1458 ex
751 1392 823 1459 hcc
846 1394 978 1473 (centra)
999 1394 1125 1466 inter·

60 1498 161 1565 dieto
196 1499 242 1563 dc
275 1496 438 1563 armatis
466 1495 706 1576 hominibus,
744 1498 810 1582 qni
838 1499 971 1580 pessit
991 1502 1124 1579 estern-

59 1604 161 1683 dere,
206 1621 280 1669 nnn
316 1599 551 1686 pessedisse
578 1592 694 1682 enm,
737 1603 804 1690 qui
839 1604 1018 1673 deiectus
1054 1609 1123 1687 sit,

60 1706 315 1776 condemner-i
337 1709 464 1773 tamen
496 1709 728 1790 sponsionis
765 1727 923 1775 necesse
950 1728 1054 1789 esse,
1090 1710 1124 1807 si

59 1813 232 1879 fateatur
270 1829 358 1877 esse
395 1811 606 1890 deiectum,
648 1815 698 1892 nt,
743 1813 845 1898 posita
877 1813 1126 1881 adversariorum

61 1918 221 1995 enuntia,
243 1915 350 1982 Cicero
370 1914 507 1984 sedicet
528 1917 690 1984 ostendere
711 1917 744 1984 id
767 1918 980 2002 interdictum,
1007 1920 1040 1985 in
1062 1938 1123 2005 qne

61 2043 92 2090 ea
117 2023 258 2090 condicio
284 2022 388 2089 locum
410 2022 534 2100 habeat,
570 2022 609 2088 ab
630 2022 684 2089 ille
708 2024 962 2109 distinguendum
982 2042 1059 2100 esse,
1082 2024 1121 2090 de

61 2149 113 2214 qno
133 2148 216 2194 nunc
237 2128 357 2212 agatur,
379 2126 419 2192 ad
440 2127 519 2210 quod
535 2127 600 2193 illa
621 2129 699 2196 nihil
719 2129 882 2213 pertineat.
939 2129 998 2196 Sex
1018 2129 1121 2198 uenbis

62 2240 185 2319 (negas
207 2233 342 2308 defici,
362 2230 442 2298 nisi
465 2231 530 2316 qni
549 2233 763 2316 possideat.
812 2234 999 2315 Ostende)
1022 2254 1122 2303 errore

60 2340 166 2406 iterum
190 2342 264 2406 ante
285 2340 380 2406 verba
401 2357 442 2404 en
471 2337 542 2403 boc
575 2332 800 2406 interdicto
828 2341 954 2424 scriptis
979 2343 1119 2408 totenes

60 2446 260 2528 perturbatur,
294 2445 382 2528 quasi
402 2443 521 2509 duabus
542 2441 792 2510 adversariorum
814 2446 977 2514 sententiis
995 2464 1119 2529 separa·

60 2549 110 2616 lim
133 2550 240 2617 cicere
261 2548 454 2633 respondeat
511 2568 513 2570 ’

150 2690 217 2757 Pru
240 2673 385 2757 Cluentia
407 2688 463 2753 61:
504 2687 604 2767 Quid
625 2687 731 2753 enim
752 2688 911 2754 tandem
933 2689 997 2755 illi
1018 2689 1123 2756 indi·

59 2813 115 2862 ces
136 2793 434 2878 responderent,
469 2793 502 2859 si
525 2794 595 2877 qni
621 2793 739 2859 abiis
773 2796 975 2876 quaereret:
1019 2795 1121 2861 (lon-

58 2899 271 2967 demnastis
303 2898 595 2979 Scamandrum,
633 2917 705 2983 qno
731 2898 921 2965 crimine?
963 2890 1122 2983 Nempe,

58 3007 150 3090 pund
197 3005 387 3070 Habitum
421 3023 686 3097 ...ueneno¹
725 3021 869 3069 necare
917 3005 1122 3073 voluisset

57 3110 149 3192 Quid
182 3110 325 3177 Habiti
356 3109 477 3176 morte
507 3108 742 3175 Scamander
773 3113 1122 3192 consequebatur?

56 3215 93 3284 Ut
129 3220 218 3283 recta
251 3216 385 3282 oratione
418 3204 642 3300 interrogatur,
685 3213 730 3281 sic
766 3215 862 3292 recta,
905 3235 966 3282 non
997 3218 1121 3303 obliqua

56 3323 164 3408 (qnod
194 3369 233 3389 ..
259 3371 268 3388 .
294 3321 518 3401 voluisset),
538 3318 718 3403 responderi
751 3317 842 3386 debet
867 3323 899 3387 ct
922 3321 1122 3406 in'prorimis

55 3429 253 3515 respondetur
275 3426 405 3511 (nibil;
427 3425 494 3492 sed
521 3471 530 3491 .
553 3470 593 3492 ..
621 3424 718 3502 erat,
742 3425 791 3490 et:
822 3424 919 3509 qnia
948 3477 955 3491 .
979 3477 988 3494 .
1011 3477 1020 3496 .
1047 3447 1122 3494 non

56 3533 318 3618 probabatur).
370 3533 480 3615 ltaque
512 3530 637 3614 scripsit
673 3529 794 3596 cicero:
823 3529 992 3630 Nempe,
1024 3532 1146 3627 quodi

162 3636 303 3702 votuit.
345 3635 507 3722 Ecquid
541 3636 680 3702 Habiti
714 3637 772 3703 cet.
828 3637 897 3703 Iam
923 3636 1118 3706 ⁴(iulielmust

57 3743 185 3812 relnit
231 3740 508 3826 Sedqnidcet.
1084 3726 1086 3731 ’
1163 3734 1168 3739 ’

147 3881 218 3948 Ibd
240 3881 281 3944 94
303 3880 350 3963 sic
368 3879 648 3965 interpungendum
675 3881 739 3948 est:
783 3877 883 3957 Quid
904 3879 1121 3946 conferam?

60 3986 247 4054 Sullamne
290 4005 374 4052 cunr
421 3985 553 4051 Iunio?
608 4004 655 4052 an
697 3984 796 4050 nnn-c
841 3983 887 4049 tr.
934 3983 984 4065 pl.
1037 4001 1120 4048 cum

62 4090 261 4170 Quinctio?
281 4110 332 4157 an
351 4109 442 4188 pere
465 4092 525 4158 cet.
710 4104 712 4107 ·

150 4228 307 4297 lbd.113:
349 4229 452 4314 Nego
476 4249 559 4296 rem
580 4248 666 4296 esse
686 4228 806 4294 ullam
827 4227 865 4292 in
888 4242 1120 4310 quemquam

65 4332 206 4404 illerum
232 4335 438 4415 obiectam,
473 4355 551 4420 qnae
571 4333 819 4400 Fidiculanio
850 4350 926 4399 non
959 4330 1120 4399 obieeta
