2626 5070
393 723 424 779 L.
443 723 534 778 Senec.
554 723 589 777 ad
607 723 742 780 Maroiam.
995 719 1057 784 357

72 932 108 981 rus
119 919 269 987 larrinnllo
285 918 374 983 modo
386 918 494 1001 potest.
517 918 672 1001 Scriptum
689 918 914 984 videturiuisse
935 919 1033 1003 ripis
1049 920 1100 986 la·

71 1024 973 1109 raumvallibusque(palndibns·que?)par.circ.¹)
989 1027 1101 1093 Restat

69 1125 145 1199 inline
155 1132 315 1217 capitula)
326 1131 411 1197 locus
428 1129 573 1195 difficilis.
595 1127 750 1210 Expositis
765 1127 847 1193 enim
863 1130 982 1196 vivendi
995 1132 1100 1198 condi·

7 1269 11 1275 ·
67 1235 175 1306 cicuitus
184 1240 302 1306 Seneca
311 1253 534 1318 eum,quocum
544 1234 699 1299 nascituro
711 1233 872 1312 deliberat,
882 1234 1099 1304 intrandumne

8 1361 9 1364 ¹
66 1339 88 1431 in
104 1344 187 1410 sitam
208 1345 267 1420 sit,
289 1343 333 1408 ita
357 1339 535 1423 alloquitur:
571 1339 838 1423 Respondebis
860 1340 961 1406 velle
984 1343 1021 1408 te
1042 1343 1099 1409 vi·

11 1466 12 1469 ¹
64 1455 149 1516 rere?
190 1447 359 1530 Quidni?
397 1447 527 1521 Immo,
556 1447 661 1529 puto,
698 1444 1098 1526 adidnonacoedes,

12 1638 13 1641 Ἴ
64 1569 93 1618 er
110 1575 171 1639 qno
205 1554 281 1620 tibi
310 1550 461 1636 aliquid
488 1550 614 1617 decuti
641 1549 760 1616 doles.
804 1550 1026 1636 Vireergo,
1058 1556 1100 1618 ut

63 1661 226 1726 convenit.
284 1657 344 1724 Sed
366 1657 528 1741 quomodo,
559 1657 610 1740 qui
631 1657 765 1722 nondum
788 1657 820 1721 in
843 1657 939 1722 vitam
960 1658 1098 1737 intravit,

65 1761 126 1830 dolet
145 1767 207 1831 iam
230 1765 290 1831 sibi
312 1764 428 1847 aliquid
450 1762 576 1829 decuti?
610 1763 658 1828 De
680 1763 776 1828 futuri
797 1781 851 1845 spe
873 1765 904 1827 et
925 1764 1099 1830 condicione

62 1865 156 1936 dicitur.
203 1869 407 1936 Scribendum
429 1869 524 1953 igitur
546 1869 666 1952 opinor:
700 1886 741 1933 ex
762 1885 833 1951 quo
854 1867 928 1933 tibi
949 1869 1100 1952 aliquid

13 2047 14 2050 Ἴ
65 1970 166 2040 decuti
199 1974 316 2040 uoles.
364 1975 480 2051 Monet,
513 1992 552 2037 ne
573 1974 617 2038 sic
646 1973 742 2038 vitam
770 1973 864 2056 eligat
893 1975 925 2039 et
946 1978 1098 2056 capessat,

62 2074 180 2162 tanquam
213 2098 283 2146 eam
310 2079 436 2163 eiusque
468 2081 586 2145 fruetus
614 2097 737 2160 semper
765 2078 902 2161 integros
928 2079 1098 2146 habiturus.

62 2177 133 2249 liiror
151 2189 257 2251 umen
278 2186 441 2252 sententiae
464 2188 496 2251 et
524 2185 620 2267 ipsius
642 2183 787 2268 imaginis
811 2184 957 2267 (maxime
978 2186 1010 2250 in
1033 2185 1099 2250 de·

11 2375 12 2382 ¹
62 2291 131 2369 cuti)
152 2291 383 2357 obscuritatem.
785 2308 787 2310 ’

11 2383 12 2387 '
135 2398 200 2462 lbd.
226 2397 275 2474 19,
297 2397 328 2475 4,
361 2396 414 2461 ubi
449 2395 550 2461 editur
571 2395 777 2462 oblivionis
804 2413 967 2471 amnem,
999 2398 1098 2466 debu-

12 2588 13 2591 *
62 2503 107 2563 eut
124 2502 281 2568 Fickertus
303 2503 417 2577 tenere,
439 2501 521 2583 quod
544 2501 575 2566 in
598 2515 658 2565 nno
680 2500 744 2566 cod.
757 2501 913 2583 repertum
926 2501 1096 2577 ,fortasse“

62 2607 151 2673 mlum
182 2627 250 2674 esso
288 2607 422 2688 scripsit,
468 2604 704 2670 Oblivionem
743 2625 904 2684 amnem;
948 2608 981 2673 id
1015 2608 1098 2673 enim

63 2705 188 2790 truncat
215 2716 254 2790 A,
287 2714 319 2778 in
351 2731 410 2796 quo
437 2717 485 2779 est
518 2711 723 2778 oblivione.
777 2712 948 2779 lnieromm
975 2732 1098 2780 amnem

62 2813 141 2884 ecdem
184 2819 276 2885 modo
314 2820 429 2885 Seneca
473 2816 669 2883 Oblivionem
714 2817 883 2899 appellavit
925 2811 1098 2905 (Λήθην),

63 2934 104 2998 quo
124 2925 276 3009 Hispania
298 2924 536 2990 Tarraconensis
559 2923 674 2988 fiumen
697 2924 741 2989 sie
767 2925 940 3008 appellatur
960 2926 993 2990 in
1018 2927 1099 2993 Livii

10 3039 11 3042 ’
64 3025 114 3104 epit.
132 3031 216 3109 aust)

135 3137 198 3204 lbd.
222 3134 273 3212 20,
296 3135 442 3219 itnihil
462 3135 671 3208 interesse,
693 3134 797 3200 inira
817 3136 912 3218 quod
933 3137 1019 3220 quis
1041 3137 1098 3204 ie·

65 3243 137 3320 reat)
177 3240 402 3308 restituendam
450 3242 635 3324 pronominis
676 3241 809 3307 sormam
848 3243 1099 3327 interrogativum

11 3335 12 3339 ’
65 3337 154 3432 (qnid)
197 3348 361 3431 Siesbyeus
383 3365 434 3412 me
458 3347 584 3414 monuit.
619 3345 845 3431 §3seribitur
867 3347 918 3432 (de
940 3349 1099 3431 torquendi

67 3566 234 3592 N...

84 3749 99 3818 ’l
112 3760 227 3819 ddinta
245 3764 342 3819 cultu
361 3767 389 3819 et
407 3763 550 3819 fertilia
573 3767 601 3818 et
619 3765 657 3830 (7)
683 3762 873 3817 terrestria
891 3762 944 3817 iam
964 3763 1099 3832 Hauptius

115 3853 133 3907 ll
152 3874 175 3926 p.
195 3860 220 3923 5,
238 3860 266 3923 6)
285 3855 440 3921 vindicarit,
458 3855 582 3925 idemque
600 3856 766 3925 sssegregie
785 3855 938 3909 aetherea
958 3855 1098 3925 (aerini)

115 3936 241 4013 ignium
259 3948 355 4002 iaces
374 3947 469 4002 effecit.
726 4024 732 4035 ι

85 4036 102 4103 ¹)
115 4045 138 4101 0-
155 4056 196 4119 19,
214 4057 229 4109 1
250 4052 302 4107 etsi
321 4051 466 4106 violentius
484 4051 638 4120 corrigitur,
658 4066 749 4105 verum
766 4053 856 4106 tamen
881 4050 989 4106 videtur
1005 4052 1099 4107 vide·

117 4154 199 4199 amne
218 4147 269 4207 (Δε
288 4144 470 4211 ridentis);
489 4147 548 4198 tum
565 4147 582 4200 2
600 4142 791 4197 revocandum:
809 4146 848 4198 ut
865 4143 1004 4202 minime
1023 4159 1100 4213 pro·

118 4227 228 4302 babili,
259 4238 309 4292 sic
327 4245 387 4307 (pro
406 4236 475 4304 sed)
492 4251 570 4289 vero
588 4235 718 4290 solatio
737 4238 766 4290 et
783 4240 799 4301 s
818 4240 847 4292 6:
876 4252 939 4289 non
958 4235 1100 4290 sollici·

120 4324 166 4379 tus
181 4329 294 4384 lntnri
311 4328 434 4399 pendet
452 4344 489 4383 er
507 4333 567 4397 (pro
585 4325 713 4396 pendet
740 4329 772 4381 et
791 4331 838 4394 er)
863 4329 989 4383 eventu
1017 4343 1100 4381 sem·

122 4426 169 4477 let
185 4420 373 4476 incertiora
402 4419 607 4490 rependenti
634 4422 692 4488 (pro
712 4419 746 4472 in
765 4419 956 4474 incertiora
974 4419 1098 4489 depen-

124 4500 218 4576 denti3
237 4514 311 4570 codd.
330 4515 365 4569 in
384 4530 437 4568 non
456 4512 578 4577 habent).
