2678 5016
424 630 568 685 Iuvenalis.
603 630 745 686 Martialis.
1018 630 1077 693 163

54 827 174 902 iecurm,
220 826 328 893 meriti
352 824 414 897 ira,
448 842 542 907 eoquo
572 823 696 889 invento
718 825 922 901 scribendum,
957 828 989 892 ni
1021 829 1120 906 fallor,

51 934 194 1015 apparet:
723 944 725 949 ⁴

634 1052 841 1117 quascumque
862 1036 966 1101 mariti

254 1143 303 1202 iro
324 1138 386 1202 siti
405 1138 506 1213 debet,
562 1146 564 1150 ’

54 1249 86 1311 et
111 1247 182 1311 sine
205 1245 316 1328 quibus
341 1243 480 1309 sibinen
504 1243 698 1308 satisfactum
718 1243 818 1325 putat.

491 1349 510 1394 s

111 1456 113 1458 ’
152 1453 316 1520 Martialis
337 1455 481 1536 pleraque
503 1452 573 1537 legi,
607 1453 662 1518 sed
684 1451 744 1516 alia
766 1451 825 1516 alio
847 1452 994 1535 tempore,
1030 1474 1119 1540 corp·

55 1562 112 1624 tim
152 1559 258 1624 omnia
279 1558 470 1640 cursimque,
503 1561 539 1622 nt
555 1562 626 1628 “raro
658 1557 834 1621 insisterem
870 1575 926 1622 nec
947 1558 1011 1623 iere
1033 1561 1119 1643 qnie-

59 1684 147 1747 quam
181 1667 237 1728 ant
271 1641 440 1727 tentarem'
453 1663 507 1726 aut
540 1665 731 1729 annotarem.
789 1661 914 1727 Invenio
945 1664 1051 1728 tamen
1087 1666 1119 1729 in

59 1770 246 1853 marginibus
268 1765 382 1850 pusilla
402 1765 477 1841 haec,
500 1786 567 1850 qnae
590 1787 650 1832 non
673 1785 822 1851 premam.

154 1875 199 1948 ΙΙ,
223 1872 275 1949 59,
297 1869 338 1933 3:

123 1979 247 2062 Frange
269 1979 364 2053 toros,
386 1978 458 2058 pete
479 1976 561 2053 vina,
582 1995 669 2042 rosas
690 1994 775 2060 cape,
796 1978 915 2061 tingere
936 1974 1050 2050 nardo,

207 2084 273 2165 ipse
294 2081 381 2146 iubet
403 2081 511 2146 mortis
532 2083 563 2145 te
585 2081 763 2147 meminisse
784 2082 869 2148 deus.

155 2186 311 2271 Frangere
345 2188 430 2251 toros
465 2186 502 2251 de
536 2187 744 2253 accumbendo
775 2187 807 2252 et
827 2185 963 2251 convivio
985 2186 1118 2252 ineundo

62 2291 118 2356 dici
132 2310 205 2358 vnon
226 2293 301 2374 pato
322 2290 576 2375 scribendumque
598 2291 699 2374 potins
724 2291 841 2375 frange
861 2312 972 2354 morae.
1026 2291 1120 2368 (Fuit,

63 2398 110 2479 qui
130 2396 226 2462 vellet
246 2396 358 2458 aceede
378 2400 479 2474 toros.)

156 2503 215 2580 111,
238 2501 289 2578 26,
312 2501 346 2567 5:

193 2605 307 2671 Omnia
344 2607 426 2670 solus
458 2606 552 2671 habes
586 2643 625 2654 -
663 2606 720 2669 hoc
754 2625 805 2670 me
840 2609 915 2688 puta
950 2607 1030 2671 velle

792 2714 922 2794 negare!
947 2748 987 2758 -

250 2834 375 2881 uxorem
398 2815 452 2879 sed
474 2815 578 2890 habes,
605 2813 750 2888 Candide,
773 2834 843 2879 cum
864 2816 984 2899 populo.

132 2908 245 2984 'Poto
282 2939 340 2984 non
371 2921 474 3002 potest
505 2919 620 2984 ironice
650 2918 711 2983 dici
738 2938 794 3001 pro
817 2939 862 2996 eo,
895 2920 974 3003 quod
996 2922 1043 2986 est
1062 2943 1122 3005 po-

65 3035 151 3088 terae.
197 3026 296 3091 Seribi
318 3026 423 3090 debet:

194 3130 307 3196 Omnia
329 3131 410 3195 solus
431 3129 535 3206 habes,
557 3149 610 3191 uec
631 3147 681 3193 me
701 3131 776 3210 puta
796 3129 876 3193 velle
898 3146 1025 3213 negaro3

253 3253 378 3299 uxorem
401 3233 457 3299 sed
477 3235 583 3311 habes,
607 3231 753 3310 Candide,
776 3253 844 3298 eum
869 3234 987 3317 populo.

62 3336 242 3405 Desiderari
263 3360 317 3402 nec
337 3341 400 3405 ianr
422 3340 474 3405 alii
496 3339 662 3404 senserant.

158 3444 302 3520 111,54:

194 3549 273 3614 Cum
310 3548 382 3612 dare
415 3566 473 3612 non
502 3547 629 3629 possim,
663 3548 741 3630 quod
773 3550 892 3632 poscis,
926 3550 1032 3623 Galla,

754 3696 757 3701 -
859 3660 1029 3740 rogantem,

248 3759 346 3823 multo
368 3757 548 3841 simplicius,
571 3756 670 3831 Galla,
694 3777 806 3843 negare
828 3765 924 3843 potes.

158 3863 256 3927 Fuit:
299 3859 388 3940 Quod
419 3862 491 3927 dere
524 3880 582 3926 non
616 3864 749 3945 possim,
787 3868 987 3950 compescis,
1025 3868 1125 3943 Galla,

61 3969 233 4054 rogantem,
256 3969 315 4032 cet.
953 4000 956 4006 ·

162 4073 264 4146 (Nihil
281 4074 311 4136 in
334 4072 555 4156 epigrammate
578 4072 701 4137 obsceni
724 4073 796 4150 est.)

160 4178 200 4253 V,
225 4178 276 4255 20,
300 4176 339 4239 10
361 4195 446 4259 sqq.:

262 4283 339 4347 Haec
361 4284 465 4347 esseut
487 4282 555 4347 loca
577 4301 707 4365 semper,
740 4283 772 4347 hi
793 4282 924 4347 labores.

877 4387 924 4438 ιι1
