2648 5084
1277 222 1290 273 a*

251 297 312 362 aaa
340 309 350 320 ··
526 236 540 258 ’
619 291 820 363 arannem.
836 293 858 346 1.

208 497 371 559 caedium
394 494 516 558 solem
540 495 672 577 agunt,
704 489 933 575 interpretando
956 490 1069 554 natum
1093 493 1182 574 post
1201 507 1262 554 nre·

210 603 373 677 tiliam,
392 585 512 666 retentu
535 598 665 664 solem.
718 596 775 661 Sol
795 619 925 681 magara
947 596 1028 661 nibil
1052 601 1111 662 est
1126 676 1140 697 ι

112 686 116 692 ’
311 707 378 772 Ibd.
401 706 430 779 3.
463 706 499 770 4:
537 706 600 789 qui
629 708 759 781 (uersus)
797 704 974 787 qnoniam
1014 707 1130 777 sunt,
1165 705 1204 766 ut
1231 700 1263 763 dc

210 815 326 879 illius
349 813 479 878 Plauti
501 831 601 876 more
635 810 775 886 dicam,
812 810 1136 884 Plautinissimi,
1169 826 1264 892 prop·

210 923 322 984 terea
368 920 406 983 et
436 918 683 982 meminimus
720 934 786 980 eos
829 919 868 980 et
909 917 1190 998 ascripsimus.
1229 913 1265 976 Sir

212 1027 356 1091 Hertzius
379 1044 396 1088 e
418 1023 588 1099 codicibue3
612 1022 783 1104 superiores
802 1023 935 1087 Plauti
958 1023 1162 1087 omittebant
1202 1021 1266 1085 Rec-

211 1135 277 1199 tum
302 1134 364 1197 est:
386 1133 430 1194 nt
451 1128 497 1193 de
520 1127 605 1190 illia
626 1129 762 1194 Plauti
784 1147 890 1194 more
912 1127 1054 1194 dicam.

197 1270 199 1274 >
313 1236 379 1303 Ibd.
415 1236 444 1308 7,
476 1235 511 1299 8:
557 1235 699 1300 Consul
733 1236 892 1300 tribuno
927 1233 1157 1316 respondit,
1193 1251 1268 1296 con·

210 1343 350 1408 silium
373 1341 528 1433 quidem
565 1341 676 1406 istud
710 1359 815 1424 aeque
837 1340 1047 1424 providens
1070 1340 1160 1405 sibi
1177 1338 1269 1402 ride·

212 1449 306 1521 rior,
330 1448 394 1514 sed
417 1451 475 1513 cet.
534 1448 585 1513 Sic
606 1448 760 1521 Hertnius‚
784 1450 918 1523 secutus,
941 1438 1099 1513 Grononio
1127 1445 1271 1515 euadente,

211 1555 348 1620 codicem
385 1555 518 1638 reginm;
555 1553 822 1619 Ruttendorfianus
857 1555 990 1635 atque.
1052 1553 1144 1617 Ferri
1181 1550 1272 1632 nequit
1323 1638 1324 1642 Ἰ

213 1680 314 1744 aeque
347 1677 497 1744 nusquam
531 1659 672 1724 relatum.
732 1659 854 1724 Excidit
882 1663 954 1724 ante
988 1659 1105 1724 istud
1154 1659 1271 1723 altemn
1323 1647 1324 1731 l

212 1765 398 1832 adiectivnm
435 1765 473 1831 ad
516 1765 637 1832 litteras
673 1767 832 1849 particula
877 1765 1034 1849 quidem
1079 1764 1272 1830 similitudine
1323 1748 1324 1760 ¹

213 1873 380 1937 accedens:
416 1872 619 1938 consilium
651 1872 808 1956 quidem
841 1871 973 1957 fidele
1012 1872 1130 1936 istud
1172 1874 1273 1954 atque

215 1978 425 2061 providens
447 1978 524 2043 sibi
546 1978 731 2044 viderier.
790 1979 902 2063 (Vulgo
929 1978 991 2043 iam
1015 1979 1093 2043 olim
1119 1980 1273 2045 edebatur:

214 2083 429 2159 eonsilium
451 2085 529 2150 sibi
550 2084 673 2150 fidum
696 2089 811 2170 atque
833 2104 947 2169 pron„
975 2103 1036 2148 non
1060 2090 1150 2152 reete
1173 2088 1274 2152 omisso

213 2189 342 2267 istud.)
396 2190 514 2256 Certior
545 2194 650 2256 tamen
684 2195 731 2258 est
763 2191 937 2256 emendatio
972 2190 1054 2257 infre
1086 2192 1104 2276 ἓ
1148 2193 1204 2269 19,
1234 2192 1275 2256 nbi

214 2297 329 2362 editur:
374 2297 560 2364 Leonidas
594 2298 692 2363 Laco
725 2300 786 2382 qui
821 2297 921 2374 (codd.
957 2297 1029 2362 boni
1067 2298 1161 2364 lacu
1204 2299 1273 2383 quil

215 2404 349 2469 simile
382 2403 484 2486 apud
524 2404 811 2490 Thermopylas
844 2405 958 2485 fecit,
1000 2407 1167 2487 propter
1200 2406 1275 2469 eins

215 2511 386 2576 virtutes
415 2510 543 2575 omnia
579 2509 733 2576 Graecia
763 2512 927 2595 gloriam
958 2515 1075 2594 atque
1109 2513 1274 2594 gratian

215 2616 454 2700 praecipuam
498 2617 758 2682 claritudinis
802 2616 1076 2701 inclytissimee
1120 2617 1275 2682 decora·

214 2743 305 2789 vere
340 2725 614 2788 monumentis
647 2729 704 2790 cot
759 2723 864 2789 Oratio
895 2741 1018 2806 prorsus
1041 2742 1111 2789 'non
1152 2725 1275 2791 cubaret

214 2830 258 2911 (in
282 2849 341 2913 quo
373 2848 486 2913 genere
509 2830 732 2896 nihilomnino
762 2830 955 2915 negligentiae
974 2830 1196 2916 libertatisque
1216 2851 1275 2915 pre

204 2927 287 3019 ¹priae
313 2936 433 3002 Gellius
464 2937 585 3014 habet),
616 2938 788 3021 pendetque
828 2936 1035 3003 nominativus
1074 2937 1274 3017 (Leonidas

214 3043 268 3121 L),
301 3043 439 3126 mireque
462 3042 572 3108 deinde
604 3042 735 3108 infertur
767 3047 929 3127 propter
951 3043 1045 3107 eins.
1100 3042 1202 3108 Praaa
1222 3042 1275 3104 uir·

213 3153 296 3220 tutes
330 3149 453 3232 (plurali
495 3151 636 3233 numero)
673 3169 726 3232 pro
771 3150 885 3216 virtute
928 3149 1146 3234 appellantur,
1192 3165 1275 3234 praue

213 3257 374 3339 propter
418 3255 592 3322 virtutes
634 3256 760 3340 gloria
803 3259 984 3323 decorata
1024 3255 1150 3324 dicitnr.
1201 3256 1274 3322 Scn'·

213 3360 363 3426 bendum:
406 3361 604 3427 Leonidas
634 3361 734 3428 Laco
769 3365 858 3448 qaia
880 3364 1011 3429 simile
1032 3362 1136 3445 apud
1160 3363 1274 3427 'lber-

213 3467 391 3551 mopylas
427 3467 547 3544 feeit,
584 3479 800 3552 propterea
835 3472 920 3536 eius
952 3471 1120 3533 uirtutis
1158 3466 1275 3535 omnia

213 3573 367 3640 Gracia
378 3573 548 3656 (uelpotius
561 3595 662 3660 omues
676 3572 791 3654 Greci)
803 3576 967 3660 gloriam
984 3580 1102 3659 atque
1113 3576 1276 3661 gratiam

137 3729 138 3733 ,
213 3679 1276 3766 praecipuamclaritudinisinclytissimaedecoravere

212 3786 473 3852 monumentis
514 3788 732 3864 (monumentis
772 3789 963 3856 claritudinis
994 3788 1080 3865 incl.)
1139 3791 1278 3855 Extremo

213 3892 314 3973 capite
359 3891 390 3978 (ᾗ
434 3893 486 3973 21)
530 3912 629 3958 errore
672 3894 753 3977 apud
796 3896 956 3961 Hertninm
999 3880 1152 3979 scriptum
1194 3903 1277 3978 puto:

213 3994 403 4063 Claudius
439 4001 566 4064 autem
611 3999 900 4085 Quadrigarius
943 4002 1102 4067 annalis
1146 4003 1278 4084 tertiu-

213 4102 354 4182 qnoniam
388 4105 558 4187 superiores
592 4106 751 4186 (Gronovii
785 4115 914 4194 qnoque)
944 4109 1033 4198 recte
1058 4108 1193 4174 annali
1228 4125 1279 4172 nea
