2654 5010
464 625 552 682 Iulius
572 624 739 683 Rufinianus.

438 823 541 893 lulius
563 824 762 892 Rufinianus

548 968 649 1046 (mur.)

165 1137 186 1216 ξ
221 1136 240 1196 2
272 1137 315 1214 (in
350 1134 488 1218 exemplu
520 1133 747 1210 Ciceroniau0):
781 1132 1016 1198 Potuistiue
1049 1151 1134 1199 een·

60 1242 329 1308 tumeliesius
351 1243 500 1319 faeere,
517 1240 551 1306 si
573 1239 654 1306 tibi
676 1239 954 1305 heeParmeno
976 1239 1133 1323 alloqui

61 1367 109 1413 ae
131 1366 203 1413 nen
233 1347 318 1430 ipse
344 1349 536 1413 Parmeno
564 1346 825 1426 nuntiasset?
855 1346 1070 1412 scribendum:
1100 1346 1132 1410 ai

59 1454 141 1520 tibi
172 1455 243 1521 hoe
263 1457 366 1538 <a>
391 1453 587 1520 Parmenone
617 1452 734 1538 aliquis
763 1472 805 1518 ae
832 1472 905 1517 non
928 1453 1014 1535 ipss
1039 1453 1131 1517 Per·

62 1581 176 1627 mene
198 1563 442 1627 nuntiasset.

164 1673 184 1748 ς
219 1667 259 1731 10
292 1668 336 1743 (in
369 1668 506 1749 exemplo
536 1665 693 1744 Catenis):
727 1665 767 1731 Si
800 1684 869 1732 res
903 1667 938 1730 iu
974 1683 1016 1730 eo
1048 1665 1132 1731 leue

59 1773 230 1853 essetis,
254 1774 346 1857 quid
371 1772 484 1838 aliud
508 1772 730 1838 feneretis?
762 1771 981 1838 seribendumz
1003 1772 1043 1836 Si
1065 1791 1133 1836 vus

59 1895 133 1946 uren
169 1881 255 1946 leae
292 1880 459 1957 essetis,
502 1878 595 1962 quid
638 1877 747 1943 aliud
788 1879 1007 1943 faceretis?
1070 1877 1129 1956 (Oi.

62 1984 210 2052 mendum
245 1988 318 2052 olim
351 1987 521 2053 correctum
555 1983 637 2068 apud
669 1983 731 2050 uic.
765 2004 819 2067 pru
851 1986 939 2050 Roas.
971 1985 1043 2048 Am.
1067 1984 1131 2060 73.)

61 2092 230 2174 [correctio
247 2091 534 2157 adhibendaiuerut
550 2091 612 2156 iam
628 2089 710 2173 apud
727 2090 949 2170 Quintilianum
960 2089 1014 2167 IX,
1027 2090 1057 2165 2,
1069 2089 1131 2171 ii]

534 2341 657 2408 Festus.

164 2508 1132 2592 P.129(Muii.)v.meuubiaernlteraaquaemaieres

61 2616 147 2681 siut
176 2635 219 2682 se
241 2618 406 2682 veniant
428 2636 512 2682 eum
534 2616 695 2698 fragore
717 2615 1032 2697 discutiantque
1061 2617 1131 2678 aut

59 2721 281 2799 divellant„
317 2744 397 2807 quae
430 2745 448 2788 a
479 2723 573 2787 Iove
603 2721 687 2785 siut
709 2725 748 2784 et
769 2720 945 2785 consiliu
968 2719 1130 2784 deorum

60 2828 172 2894 mitti
194 2829 490 2895 existimentur.
537 2827 755 2893 Seribendum:
786 2845 867 2908 quae
897 2845 916 2891 a
947 2827 1037 2891 Iove
1061 2826 1130 2892 sine

59 2934 236 3000 consilio
258 2936 419 3000 deorum
443 2934 553 3000 mitti
578 2932 875 2999 existimentur.
899 2931 1016 2997 ibidem
1035 2931 1127 3012 paule

59 3046 143 3123 post:
180 3060 261 3123 qnae
294 3045 445 3105 statum
475 3041 632 3107 mutent
664 3037 825 3103 deorum
852 3037 1028 3103 eunsiiio
1061 3056 1124 3100 su·

60 3146 269 3229 periurum.
320 3146 538 3212 Seribeudum:
572 3164 652 3231 quas
684 3144 785 3211 stetui
814 3145 932 3229 putent
963 3142 1125 3207 deorum

59 3252 235 3319 sensilia
268 3253 530 3334 superiorum.
582 3252 628 3317 De
649 3252 795 3332 putent
816 3249 854 3314 es.
877 3249 1017 3331 superius
1039 3248 1129 3313 exi·

59 3361 288 3425 stimentur.

162 3467 195 3530 P.
224 3467 297 3531 134:
331 3466 474 3532 Messon
504 3484 675 3548 persona
704 3463 855 3529 uomica
876 3462 1126 3545 appellatur,

60 3578 129 3637 aut
164 3574 278 3655 nequi
319 3574 388 3639 aut
422 3576 550 3638 nautes
589 3572 657 3636 aut
694 3572 779 3636 eius
815 3567 987 3654 generis.
1043 3567 1127 3632 Diei

61 3679 107 3743 ab
129 3677 342 3743 inventore
365 3679 451 3744 eius
475 3677 644 3744 Maeseue
666 3676 855 3752 eomoede,
890 3677 933 3739 nt
956 3672 1013 3738 sit
1036 3671 1126 3736 Ari·

62 3785 281 3867 stephanus
306 3783 610 3850 Grammaticus.
645 3764 864 3848 seribendum:
890 3816 926 3829 ψ
950 3780 1036 3844 eius
1058 3797 1127 3864 ge-

61 3891 187 3968 neris,
210 3890 298 3956 dieta
319 3890 365 3955 ab
388 3889 600 3954 inventore
623 3890 681 3955 eet.

493 4210 692 4218 ——--——-

493 4221 692 4230 ὴ*-
