2648 5084
109 253 115 267 ⁸
234 308 298 374 eoo
608 303 842 375 memo-pr.

293 510 359 575 bib.
381 507 422 585 X,
443 505 473 579 d,
492 506 535 570 ’17
559 506 605 583 (in
627 505 728 571 verbis
750 503 907 579 Getonisir
952 505 1076 574 Servi
1098 511 1264 576 iniurius

192 619 313 684 nimis
356 633 459 699 segre
500 614 653 687 ieruut3
701 611 795 696 qnid
836 609 954 686 iilos,
988 613 1097 680 bonu
1131 635 1264 701 genere

192 728 330 802 netoe,
384 736 526 804 mugnu
566 718 717 783 uirtute
769 717 987 801 preditos,
1045 724 1309 806 opinemini

193 831 314 898 enimi
349 827 557 894 babuisse?
598 824 643 889 Ex
678 823 772 890 nimis
808 841 889 908 egre
917 824 1099 895 ferentibus
1129 836 1164 896 et
1194 830 1266 914 plns,

132 957 136 964 ·
193 955 287 1021 quum
302 936 449 1010 debunt,
476 931 652 998 dolentibus
673 931 889 1013 argumentum
911 932 1034 999 iustum
1061 935 1140 1002 duei
1162 938 1268 1021 nequit

195 1043 257 1109 Sed
272 1042 349 1109 Geto
370 1040 506 1106 dixerut:
527 1037 700 1103 iniurius
721 1036 862 1098 nimiae
883 1055 984 1121 agre
1007 1039 1163 1107 ierunt
1194 1043 1268 1108 Nem

46 1133 56 1152 ’
199 1149 371 1216 medioeres
393 1165 478 1230 uquo
499 1146 603 1210 enimn
623 1145 701 1208 ferre
723 1145 931 1208 assuererunt

145 1337 147 1339 Ι
298 1255 364 1321 lbd.
391 1251 498 1330 11‚4:
531 1268 606 1314 non
629 1250 722 1324 ism,
758 1247 856 1333 quod
887 1269 958 1315 nnn
981 1255 1176 1339 segnius,
1210 1253 1271 1320 sed

195 1361 300 1446 quod
321 1357 587 1426 festinantius
613 1357 679 1432 fit,
712 1354 752 1420 id
785 1355 878 1420 fieri
908 1361 1071 1424 mature
1110 1360 1272 1434 dieitur,

197 1467 352 1553 quando
385 1485 444 1542 eu,
487 1483 566 1549 quae
601 1465 742 1546 praeter
784 1461 844 1526 sui
882 1464 1085 1547 temporis
1125 1468 1270 1532 modum

196 1575 411 1657 properate
463 1574 573 1645 sunt,
626 1569 839 1634 immaturo
890 1569 1027 1636 verius
1074 1572 1268 1640 dicuntur.

196 1679 265 1744 Nun
287 1677 567 1763 comprobationem
605 1676 637 1739 et
668 1691 792 1739 oensem
821 1673 904 1739 illiue
932 1694 1009 1742 usus
1040 1678 1114 1743 hene
1137 1683 1270 1745 extrem

199 1784 367 1862 continent,
400 1782 454 1848 sed
475 1783 577 1868 potius
599 1780 765 1846 ostendunt
779 1798 846 1856 vnon
867 1784 951 1845 recte
970 1782 1019 1847 ite
1042 1783 1120 1848 dioi.
1167 1787 1272 1869 Imque

197 1888 407 1962 scribendum,
444 1889 525 1973 quod
561 1886 655 1953 etiem
698 1886 909 1952 coniunctivae
952 1887 1183 1970 (dicentur)
1224 1912 1270 1958 re·

197 1995 308 2079 quirit:
331 1995 507 2080 quemvis
527 1995 597 2078 (eut
620 2001 742 2078 quum)
763 2009 805 2058 es
891 1993 1116 2062 immeture
1138 2001 1274 2065 verius

199 2102 401 2168 dicentur.

300 2207 368 2274 ibd.
394 2208 442 2284 16,
468 2207 521 2272 13:
553 2206 776 2289 presertim
800 2223 884 2271 oum
905 2208 960 2271 itu
981 2208 1038 2272 sit
1059 2209 1210 2277 fabule
1229 2211 1274 2276 de

199 2313 492 2401 Theseumque
515 2312 758 2379 siHeroules
781 2331 866 2379 eum
888 2311 1088 2379 evellerit
1112 2335 1131 2381 e
1155 2322 1271 2401 petru

199 2418 272 2485 Sine
304 2422 367 2487 ullo
399 2419 538 2504 exemplo
570 2419 682 2485 dieitur
722 2420 780 2485 ite
824 2421 937 2501 etque
959 2419 1012 2495 si,
1056 2422 1183 2488 usitste
1220 2424 1273 2488 bne

200 2528 293 2593 utute
330 2531 363 2594 et
398 2528 497 2593 rente:
530 2525 590 2591 ite
623 2521 747 2607 (illei)
785 2525 837 2592 eit
871 2525 1007 2591 fubulu
1040 2527 1089 2591 de
1111 2529 1272 2599 Theseo,

199 2637 315 2717 quaer·
346 2633 542 2700 Hercules
574 2650 658 2696 eum
692 2634 760 2707 eet,
793 2631 831 2697 de
863 2651 921 2715 quo
948 2651 1005 2696 usu
1032 2633 1099 2698 dixi
1128 2637 1170 2701 sd
1204 2637 1273 2701 ‘ree

198 2739 384 2817 Anum,
408 2740 458 2804 60.

299 2845 364 2911 lbd.
411 2846 460 2923 19,
505 2846 539 2911 l:
583 2844 814 2910 Inoessebet
848 2843 1072 2927 quempiam
1120 2846 1273 2913 Taurus

198 2950 1270 3038 philosophusserereutquevehementiubiurgetiune

200 3057 502 3124 odoleno-entem
531 3104 599 3133 ...‚
621 3056 899 3141 quodieotum
930 3055 1086 3140 quidem
1111 3078 1205 3126 esse
1227 3060 1271 3126 sb

200 3179 242 3227 eo
261 3162 418 3231 diceret
437 3164 652 3230 inhoneste
680 3165 719 3228 et
742 3163 926 3247 improbe.
979 3163 1127 3231 Absurde
1150 3169 1270 3251 ponitur

198 3269 366 3351 quidem.
421 3270 483 3337 lec.
509 3269 675 3337 Gronovius
709 3270 804 3336 etiem
826 3268 933 3335 scribit
960 3269 992 3332 in
1014 3269 1178 3338 oodioibne
1199 3292 1268 3338 uun·

200 3376 334 3442 stenter‘
353 3395 421 3443 esse
451 3375 606 3460 qnidam
639 3381 672 3442 et
702 3376 806 3441 nesoio
838 3373 910 3458 qnid
940 3375 1079 3456 perversi
1101 3379 1266 3462 exeommt

198 3479 240 3545 Di
251 3481 338 3546 boni!
350 3501 405 3548 our
414 3500 472 3549 nou
485 3481 531 3560 fit,
539 3481 618 3566 quod
627 3480 690 3546 iem
703 3482 823 3545 veteres
835 3478 984 3575 editiones
992 3478 1164 3549 habebunt:
1176 3482 1270 3568 quod

197 3587 347 3651 i'sotum
363 3587 546 3671 quiddam
562 3605 646 3651 esne
667 3587 712 3651 ub
733 3603 776 3651 eo
798 3585 867 3654 die
889 3584 1114 3654 inhoneste.
1151 3590 1270 3656 Neues·

198 3690 313 3756 serium
329 3694 378 3759 est
392 3693 485 3758 etiem
501 3709 667 3775 pronomen
681 3691 714 3757 in
729 3709 791 3758 nne
804 3692 907 3776 ulique
921 3692 1039 3758 sortione
1053 3693 1269 3779 signifiosuds

198 3795 284 3861 ouius
306 3795 423 3863 eertum
445 3817 540 3883 genus
561 3797 608 3863 ed
623 3816 688 3864 rern
712 3798 791 3865 nihii
810 3798 973 3882 pertinent
982 3798 1010 3876 1)

93 4111 97 4125 .
225 4033 247 4096 ¹)
266 4033 332 4102 esp.
350 4035 384 4090 21
403 4034 433 4089 in
451 4035 575 4091 lemmete
593 4033 647 4088 nti
666 4033 765 4090 exeidit
784 4041 849 4089 ente
868 4035 920 4088 uit
937 4033 967 4097 in
986 4035 1130 4090 vitarit
1151 4036 1269 4094 husu

265 4122 381 4178 Plautus
398 4125 549 4184 sdrooetnr.
