2656 5056
175 300 178 307 '
240 297 302 362 564
355 338 356 343 ,
567 292 628 347 Lib.
644 289 722 351 vm.
740 287 806 359 Cap.
823 287 870 344 vl.

300 497 366 562 lbd.
408 494 466 559 62:
515 491 679 557 revolsa
726 487 1007 569 imperatorum
1057 489 1258 573 imagines,

200 602 479 686 inhorasigna.
534 594 688 662 Siclled.
742 591 852 657 Editur
873 593 1089 669 inhonora,
1123 595 1259 661 adiectiso

76 683 79 691 Ι
201 711 366 788 Pliniano.
396 705 518 788 Aptius,
539 702 655 785 opinor,
676 703 874 761 indecoro.
945 750 947 754 .

52 876 58 887 ,
113 894 117 902 ,
303 815 368 880 lbd.
399 812 439 875 65
469 810 514 884 (in
545 825 690 890 responso
726 801 890 872 Germanis
921 805 961 870 ab
990 807 1260 890 Agrippinensibns

202 923 304 1006 dato):
341 915 655 995 sinttransitus
684 909 941 988 incustoditi,
976 911 1048 976 sed
1076 912 1211 978 diurni
1232 917 1260 976 et

105 1052 110 1061 ·
149 1017 153 1024 ’
200 1030 385 1112 inermes,
418 1022 534 1087 donec
568 1036 665 1084 nova
696 1020 734 1083 et
765 1016 939 1082 recentia
971 1018 1063 1083 iura
1096 1020 1137 1084 in
1169 1021 1262 1085 vetn-

203 1136 349 1200 statem
369 1126 659 1208 nconsuetudine
688 1125 901 1189 vertantur.
963 1122 1037 1188 lura
1060 1144 1123 1190 non
1147 1146 1262 1192 consue

87 1238 89 1243 ’
203 1239 310 1307 tudine
333 1237 440 1301 vetere
460 1233 555 1319 liunt,
588 1232 643 1299 sed
674 1220 813 1313 tempore
845 1236 878 1294 et
898 1231 1056 1294 vetustate
1079 1231 1261 1298 consuetude

131 1359 133 1363 ·
206 1344 344 1411 efficitur.
404 1340 530 1407 Tacitus
567 1338 745 1420 scripserat:
783 1335 902 1400 donec
935 1352 1035 1400 nova
1190 1340 1262 1404 iura

206 1457 388 1515 vetustate
408 1448 446 1522 in
467 1444 779 1510 cousuetudinem
805 1443 1024 1507 vertantur.
1090 1445 1261 1529 Praepositio

25 1602 30 1612 .
67 1582 69 1585 ·
139 1576 141 1579 ·
206 1559 238 1624 in
259 1579 292 1639 m
313 1572 466 1641 conversa,
488 1551 597 1617 deinde
619 1569 711 1633 pravo
730 1551 796 1615 loeo
813 1549 955 1633 suppleta
977 1553 1036 1617 est.

305 1661 372 1727 Lib.
395 1660 433 1733 V,
455 1660 490 1723 l:
513 1676 597 1724 nam
620 1660 756 1723 cuncta
778 1657 915 1738 sponte
936 1655 1049 1722 edita
1069 1663 1141 1723 aut
1164 1677 1263 1725 mann

76 1813 80 1820 -
205 1767 395 1844 sata,sive
411 1765 526 1832 herba
540 1767 653 1830 tonus
670 1766 737 1828 ant
750 1763 847 1827 llere
861 1778 926 1824 seu
941 1761 1115 1828 solidam
1132 1767 1172 1831 in
1188 1786 1263 1850 spe·

205 1875 298 1940 ciem
335 1872 566 1945 adolevere,
607 1871 736 1954 putria
764 1870 801 1934 et
836 1867 970 1932 inania
1009 1871 1124 1936 velut
1152 1875 1190 1938 in
1217 1874 1263 1937 ci·

205 1998 338 2045 nerem
359 1980 586 2044 vanescunt
629 1975 724 2041 Nulla
745 1979 793 2041 est
813 1973 912 2037 solido
934 1975 1065 2058 species,
1089 1981 1146 2044 sed
1168 1980 1264 2051 solid&

205 2086 246 2163 et
268 2085 296 2151 si
317 2088 374 2159 est,
399 2084 477 2149 nihil
498 2083 536 2148 ad
560 2102 628 2148 earn
651 2081 807 2163 pervenire
830 2080 954 2146 dicitnr.
1012 2081 1074 2147 Sed
1101 2086 1264 2151 solidam

205 2191 349 2259 salmasii
371 2193 435 2266 est;
465 2189 556 2256 codex
578 2189 672 2255 habet
692 2188 861 2253 solitam.
905 2185 1020 2270 Opinor
1041 2188 1158 2256 fuisse:
1193 2211 1264 2257 nan

208 2298 346 2364 cuncta
450 2300 549 2372 sata,
583 2295 650 2358 abi
677 2294 797 2359 herba
828 2297 939 2359 tenus
962 2286 1157 2363 auersere
1179 2298 1264 2363 soli·

205 2406 283 2470 tam
305 2403 530 2485 inspeciem
557 2401 781 2472 adolevere,
808 2398 937 2482 putria
1042 2406 1263 2470 vanescunt

207 2511 243 2576 ld
264 2528 368 2575 verum
392 2511 454 2583 est,
489 2507 575 2574 initio
596 2508 714 2572 cuncta·
728 2504 851 2570 solitam
874 2504 1006 2589 speciem
1028 2525 1157 2574 servare
1180 2511 1263 2576 herba

85 2600 92 2630 ⁵
206 2619 261 2682 ant
287 2616 360 2682 flore
386 2619 493 2693 tenus,¹
523 2617 591 2680 tum
633 2629 805 2678 vanescere.
863 2611 934 2677 Ubi
966 2611 997 2678 in
1031 2612 1114 2678 sive
1153 2618 1262 2680 mnteto

206 2722 347 2788 additum
369 2724 418 2787 est
440 2710 517 2786 seu.

305 2827 373 2892 lbd.
408 2826 464 2891 15:
507 2829 588 2904 ant,
633 2824 666 2890 si
708 2817 803 2907 quid
840 2823 986 2890 stabile
1021 2829 1261 2893 occurrebat.

126 2989 128 2993 .
206 2933 306 3001 totis
327 2933 418 2998 illic
438 2931 661 3016 corporibus
684 2931 867 2995 nitentes.
916 2930 995 2995 Puto
1016 2930 1122 3016 fuisse¹
1137 2932 1238 2995 illuc.

306 3144 342 3209 ln
365 3142 536 3210 Germania
558 3145 591 3209 et
603 3142 749 3227 Agricola
770 3142 924 3209 codicibus
945 3143 1062 3208 utimur
1084 3146 1260 3215 recendens.

172 3323 176 3330 ,
206 3250 290 3315 nullo
311 3250 471 3333 praeoipuae
487 3249 693 3324 ancoritana
718 3248 822 3332 itaque
843 3267 903 3314 non
926 3267 1024 3332 pauca
1045 3252 1159 3317 merito
1181 3251 1260 3317 dubia

136 3349 137 3353 ’
206 3360 239 3423 et
260 3359 401 3440 suspecta
434 3358 517 3422 certo
539 3355 652 3438 corrigi
679 3358 843 3439 nequeunt
898 3356 934 3419 ln
955 3353 1070 3420 libellis
1094 3357 1257 3422 scholarum

205 3468 263 3528 usn
284 3462 366 3527 tritis
388 3461 488 3526 multa
507 3462 641 3527 inaniter
664 3459 978 3544 poeniceusque
999 3462 1081 3526 sunt.
1315 3471 1316 3544 l

306 3567 339 3634 0.
363 3568 396 3630 7:
430 3570 467 3633 et
497 3568 537 3633 in
570 3568 745 3652 proximo
766 3567 943 3650 pignora,
977 3566 1259 3635 unde'femina·
1315 3547 1316 3574 ¹

204 3693 285 3740 rum
321 3673 493 3740 ululatus
525 3673 671 3749 audiri,
711 3672 807 3738 nude
844 3672 1003 3756 vagitus
1042 3673 1258 3741 infantium.
1315 3695 1316 3740 l

205 3779 377 3845 Infinitivus
410 3780 574 3848 historicus
603 3782 633 3847 in
665 3779 817 3845 sententis
837 3780 966 3844 relativa
993 3780 1072 3864 apud
1096 3781 1257 3868 Vergilium
1314 3809 1316 3871 ;

204 3885 277 3950 ferri
297 3887 410 3969 posset,
433 3887 459 3952 si
482 3887 519 3952 de
540 3887 693 3971 praeterito
717 3889 855 3969 tempore
876 3888 1027 3969 ageretur,
1050 3869 1110 3952 non
1135 3888 1171 3953 de
1188 3905 1257 3971 pra·
1314 3903 1316 3972 l

205 3992 300 4066 senti;
323 3991 403 4076 apud
425 3993 567 4060 Tacitum
589 4013 627 4059 ne
649 3992 837 4078 sicquidem
860 3992 1067 4075 terriposset.
1126 3994 1256 4061 Scriben·
1314 3974 1316 4006 ¹

206 4095 280 4162 dnm
294 4098 413 4164 videtur
428 4101 496 4165 aut:
518 4100 614 4167 unde
635 4100 868 4166 feminarum
891 4100 1070 4166 ululatus
1093 4103 1254 4169 audiunt
1315 4087 1316 4096 ’
