2626 5070
289 279 351 341 314
647 275 794 331 arnum.
813 274 879 343 cap.
892 274 915 330 1.

248 476 380 543 breviter
402 477 434 541 et
455 475 613 559 perspicue
648 475 777 558 expositi
808 474 893 539 facili
922 492 981 538 usu
1004 473 1135 539 allectus
1156 471 1295 537 Valerium

247 602 275 647 a.
300 581 380 645 1866
402 581 583 665 relegerem,
615 599 673 644 non
702 580 749 644 ita
782 597 881 662 pause
912 583 1123 660 occurrerunt,
1146 580 1178 644 in
1205 577 1294 661 quitus

248 687 368 752 viderer
404 686 494 770 paulo
527 687 596 770 plus
630 686 751 751 efficere
788 688 821 749 et
857 687 987 752 rectiora
1020 686 1185 751 restituere
1215 699 1293 766 possa

247 812 376 877 quorum
398 792 546 858 nonnulla
566 793 704 873 iampro
719 793 865 876 exemplis
881 794 912 857 in
925 791 1025 874 priore
1037 792 1197 864 volumine
1216 785 1290 873 poert

348 898 415 963 Lib.
450 899 481 978 l,
517 901 549 977 l,
589 898 603 958 l
639 897 670 960 in
703 897 816 962 codicis
838 899 864 960 B
886 899 1039 981 scriptura
1060 898 1109 964 bis
1133 915 1190 962 non
1210 918 1232 971 o,
1252 889 1291 956 sel

247 1028 279 1066 oo
300 1006 331 1069 in
356 1003 417 1096 fipe
439 1002 613 1069 addendum
636 1003 693 1078 est
729 1004 764 1066 ut
796 1005 968 1086 generatim
1007 1004 1130 1070 dicatur
1166 994 1290 1083 singulari

247 1129 392 1175 numero:
442 1111 535 1175 bene
577 1107 829 1190 gerendarum
873 1126 998 1173 rerum
1045 1106 1291 1185 auctoritorem

249 1235 429 1300 augurum
465 1213 759 1287 observatione,
793 1213 992 1295 Apollinis
1022 1212 1291 1295 praedictionem

248 1325 375 1386 vatum
397 1320 511 1386 libris
533 1319 571 1394 (B
594 1312 838 1384 auctoritate
931 1317 1226 1401 praedicatione)

247 1426 443 1509 explicari
465 1425 684 1490 voluerunt.

348 1531 415 1597 lbd.
449 1532 484 1607 ll,
520 1531 548 1608 1)
581 1530 618 1594 8:
661 1530 743 1594 Non
776 1531 911 1594 mirum
948 1531 1088 1615 igitur,
1120 1530 1153 1594 si
1180 1547 1240 1612 pro
1262 1541 1291 1587 eo

248 1639 411 1722 imperio
435 1637 608 1720 augendo
629 1635 959 1719 custodiendoque
986 1624 1289 1719 pertineremus

247 1744 491 1829 indulgentia
523 1742 674 1807 deorum
701 1760 852 1823 semper
879 1743 1077 1822 excubuit,
1111 1761 1181 1825 quo
1209 1736 1287 1821 (ooli.

248 1848 356 1928 quod)
378 1850 452 1911 tam
484 1849 713 1931 scrupulosa
745 1867 837 1912 cura
868 1849 1026 1930 parvula
1056 1865 1203 1932 quoque
1229 1860 1291 1910 mo·

248 1955 375 2017 menta
422 1952 628 2036 religionis
671 1953 879 2017 examinari
923 1953 1113 2018 videntur.
1171 1953 1288 2017 Primum

249 2076 374 2123 eorum
397 2077 457 2122 non
480 2059 584 2136 habet,
617 2079 676 2142 quo
702 2059 861 2135 referatur,
883 2078 983 2142 neque
1004 2061 1129 2125 omnino
1163 2059 1199 2124 de
1219 2053 1290 2122 certis

249 2163 431 2248 quibusdam
468 2164 533 2240 dis,
576 2164 632 2229 sed
667 2166 806 2231 universe
843 2166 881 2229 de
916 2165 1058 2230 omnibus
1092 2166 1157 2248 (qui
1191 2161 1290 2248 quiden

248 2270 356 2334 Romae
375 2269 563 2347 colebantur)
587 2268 708 2336 dicitur,
762 2269 962 2335 scribendum
989 2271 1101 2354 igitur:
1135 2269 1291 2353 portion

249 2376 399 2437 deorum
433 2375 678 2458 indulgentia
709 2396 857 2459 semper
887 2376 1076 2440 excubuit.
1120 2375 1203 2454 (Viri.
1234 2370 1293 2436 noe

248 2480 287 2545 ad
299 2482 353 2559 vl,
366 2481 396 2560 2,
407 2482 450 2559 3.)
476 2480 668 2547 Genetivoin
692 2499 824 2545 eorum
847 2479 1143 2562 corruptoadditum
1156 2483 1203 2546 est
1223 2480 1292 2543 deo·

248 2605 337 2650 rum.
360 2586 603 2672 [SicVorstius.]
632 2588 711 2651 Tum
728 2604 797 2651 vero
819 2586 890 2650 ferri
912 2587 1019 2668 nequit
1041 2587 1142 2652 nudus
1164 2582 1293 2652 nouum

248 2710 328 2774 quo,
353 2693 528 2758 coniectura
549 2692 686 2775 Kempfii
721 2692 849 2774 positus,
883 2694 914 2756 in
947 2693 1010 2756 his:
1048 2711 1119 2775 quo
1147 2686 1292 2774 (impii

247 2816 316 2863 scr.
340 2799 397 2862 cet.
441 2799 504 2863 Aut
525 2799 698 2881 praepositio
731 2798 871 2863 addenda
903 2799 952 2862 est
975 2799 1026 2873 (in
1049 2805 1134 2880 quo)
1167 2800 1219 2862 eut
1239 2805 1292 2860 oum

248 2903 395 2968 Torrenio
418 2903 630 2970 scribendum:
653 2903 749 2987 quod
852 2904 1070 2969 examinare
1092 2904 1252 2969 videtur.

348 3008 414 3073 lbd.
438 3010 475 3070 11
499 3009 553 3090 (de
575 3011 670 3076 Fabio
692 3011 880 3087 Dorsoorep:
902 3011 951 3093 in
974 3009 1213 3090 Quirinalem
1234 3000 1295 3071 col·

247 3116 320 3181 lem
351 3117 547 3199 pervenit;
581 3117 644 3182 ubi
677 3117 849 3182 omnibus
882 3115 1061 3181 sollemni
1094 3135 1201 3182 more
1227 3127 1295 3197 per·

248 3222 360 3296 actis,
393 3224 429 3287 in
452 3222 686 3305 Capitolium
713 3224 870 3305 propter
899 3221 1066 3286 divinam
1097 3219 1295 3288 veneratio·

247 3347 330 3393 nem
358 3328 579 3394 victricium
606 3347 793 3393 armorum
814 3327 972 3410 perinde
994 3346 1038 3392 ao
1066 3329 1198 3394 victor
1233 3317 1295 3389 red·

246 3435 302 3499 iit.
352 3435 387 3499 ln
417 3433 517 3499 codice
551 3452 610 3500 non
643 3437 692 3499 est
723 3452 772 3498 sc.
830 3432 959 3498 Prorsus
992 3451 1087 3515 prave
1115 3425 1295 3499 veneratio

248 3539 469 3605 victricium
491 3559 680 3604 armorum
704 3539 741 3603 de
764 3539 930 3603 victoribus
945 3538 1076 3603 Fabium
1097 3536 1295 3604 venerantibut

247 3646 380 3731 ponitur,
402 3665 458 3711 nec
479 3644 581 3710 miuus
603 3663 696 3728 preve
719 3645 830 3710 dicitur
852 3643 965 3709 rebius
998 3647 1161 3728 propter
1181 3646 1295 3711 diviness

247 3736 475 3817 venerationem
515 3751 642 3816 redisse.
693 3754 741 3815 Ao
771 3752 914 3816 turbatur
947 3751 977 3815 iu
1013 3756 1173 3835 propter
1208 3731 1295 3837 (pop

248 3858 358 3924 deinde
379 3879 395 3923 e
418 3857 604 3923 correctione
626 3846 711 3942 pp).
763 3856 903 3922 Valerius
925 3858 1107 3940 scripserat:
1144 3859 1183 3922 in
1206 3855 1295 3942 Capi

168 4028 174 4033 .
247 3960 385 4031 toltum
402 3982 522 4047 prope
553 3961 683 4030 divina
715 3963 972 4028 veneratione
1001 3962 1044 4043 (h.
1072 3981 1098 4029 e.
1122 3962 1226 4030 Gellia
1248 3983 1295 4030 eur

248 4090 341 4154 prope
384 4076 419 4136 ut
451 4068 543 4132 deum
581 4069 827 4147 venerantibus),
869 4068 1089 4133 victricium
1126 4087 1295 4138 armorui
