2662 5046
239 218 332 336 '248⁸
553 223 877 340 splilaVchapIIL

209 475 242 539 at
266 469 400 538 melioria
432 468 477 534 rei
499 467 681 551 significatio
702 468 758 544 ait3
794 486 886 552 quum
909 468 992 552 quen
1012 467 1219 554 Nipperdciua
1240 493 1280 541 ox

207 578 274 660 ipso
307 576 477 659 perferre
513 573 612 639 efficit
652 574 684 638 in
727 573 912 655 praeferre
949 574 1087 652 munte,
1128 578 1279 646 Horatius

207 682 388 765 praeferre
416 699 451 747 ee
480 679 557 747 dixit
591 679 749 750 inertem
779 677 904 750 uideri
935 697 1045 761 quum
1074 700 1212 766 capere
1243 687 1281 750 et

208 789 325 872 ringi;
359 787 414 871 qui
435 787 511 852 haec
533 802 645 868 qnam
665 784 739 850 illa
756 784 941 867 preferre
971 785 1004 850 in
1025 805 1116 868 pruno
1137 790 1278 856 cratone

208 895 328 972 dixerit,
349 892 506 960 nemiuem
526 891 613 965 noui3
634 889 746 955 deinde
766 908 827 955 non
847 890 1160 964 animadvertuntue
1183 895 1278 962 ceteri

211 1000 344 1084 quidem,
383 1018 445 1076 eoa,
482 998 534 1080 qui
568 995 759 1061 frumentum
795 995 894 1070 aliave
926 996 1073 1079 impunita
1103 1000 1275 1075 exsolvant,

208 1105 289 1188 apud
307 1104 414 1174 ‘huius
442 1103 544 1171 aetatis
559 1101 735 1184 ‚commorer
758 1100 833 1163 darc
852 1100 1043 1171 minantum
1063 1106 1120 1169 aut
1135 1107 1277 1188 malm

207 1210 276 1283 dici,
299 1228 453 1294 nunqnam
470 1218 629 1294 procuro,
659 1207 720 1274 mei
741 1205 927 1289 adiungatur
947 1207 1133 1292 significatio
1154 1210 1277 1278 fiducia

207 1315 374 1382 ellicieulae
385 1313 662 1399 (gewaehrleieten,
687 1310 830 1388 achan),
853 1330 922 1394 (lucu
944 1314 984 1380 ab
1004 1314 1151 1381 hocloco
1172 1316 1288 1383 auena

82 1501 84 1505 Ι
207 1424 265 1486 est.
310 1419 419 1504 ltaque
441 1418 614 1503 corrigendi
636 1417 765 1482 conatus
787 1434 823 1482 eu
845 1415 1024 1502 dirigendus
1046 1423 1103 1496 eet,
1125 1424 1163 1485 nt
1183 1441 1277 1504 pra·

207 1531 319 1592 utare
356 1544 375 1591 a
409 1524 563 1592 frumento
597 1522 777 1589 abiunctum
814 1522 854 1588 nd
889 1523 978 1591 illurn
1011 1527 1274 1609 comparationem

207 1632 418 1699 transferatur.
475 1628 597 1695 Deinde
625 1629 743 1702 certum
776 1631 826 1693 eet
844 1629 916 1695 eta
940 1630 1046 1699 multia
1067 1631 1275 1711 intellectum,

208 1737 342 1803 alterum
366 1726 558 1814 debeant,
590 1733 672 1818 qnod
693 1733 779 1801 uerbi
798 1734 897 1800 formu
926 1753 1052 1817 protana
1074 1755 1204 1819 prauum
1226 1738 1277 1807 eat

162 1894 172 1903 s
207 1844 275 1925 (pro
298 1863 343 1921 eo,
365 1842 446 1927 quod
466 1844 514 1907 est
536 1859 602 1906 ece
625 1840 779 1917 (laborm
803 1859 874 1905 nam
896 1860 1064 1924 pronomen
1086 1843 1196 1910 abacue
1221 1863 1275 1910 ne·

207 1949 274 2033 quit
295 1947 326 2012 in
347 1948 431 2025 illie,
468 1946 577 2031 quibus
600 1946 658 2012 hoc
680 1948 910 2032 persuadeatur,
935 1947 1177 2032 significandis),
1213 1950 1276 2015 hnc

207 2052 394 2118 translatum
407 2071 475 2124 ease
488 2052 686 2135 exsuperiore
708 2052 875 2120 debeant
895 2053 1003 2119 itidem
1027 2051 1178 2118 infinitivo
1201 2053 1276 2117 eub-

206 2159 297 2226 iecto.
341 2159 409 2224 Iam
433 2158 527 2233 illine,
550 2177 642 2242 qnam
666 2158 738 2237 dixi,
769 2159 938 2244 corrigendi
959 2161 1016 2226 uiae
1037 2156 1148 2241 triplex
1170 2160 1275 2241 potest

207 2286 275 2332 esse
299 2265 414 2341 exitus,
446 2262 577 2348 primns,
610 2283 702 2347 quem
725 2263 860 2331 Faernus
882 2265 1017 2343 invenit,
1044 2264 1079 2328 ut
1100 2264 1272 2330 scribatur:

207 2372 282 2437 Hos
309 2419 318 2438 .
345 2421 353 2439 .
381 2419 389 2437 .
418 2371 641 2448 deterrere·
680 2388 725 2434 ne
769 2369 1003 2433 frumentum
1047 2368 1273 2452 conferant,

207 2478 304 2562 quod
337 2478 538 2563 prestare
557 2476 705 2549 dicant,
741 2474 774 2539 ei
795 2474 869 2538 iam
897 2521 905 2539 .
931 2521 969 2540 ..
1006 2493 1076 2539 uon
1100 2477 1273 2558 possint,

207 2583 406 2649 Gallorum
434 2630 441 2647 .
464 2630 472 2647 .
495 2629 504 2647 .
541 2581 730 2664 perferre,
751 2580 782 2646 in
804 2599 862 2664 quo
884 2580 970 2646 verbi
992 2580 1127 2645 dicant
1147 2580 1180 2645 in
1204 2581 1273 2647 de-

208 2688 324 2755 beant
354 2687 467 2754 mutati
488 2685 565 2752 ratio
588 2705 649 2751 non
671 2686 760 2751 facile
782 2684 936 2764 redditur,
969 2685 1066 2767 alter,
1099 2705 1193 2772 quem
1217 2706 1273 2772 ego

207 2793 280 2858 olim
303 2792 445 2871 indicaui,
476 2795 520 2868 ut,
555 2790 685 2857 sublatis
707 2790 858 2875 quodret
880 2791 1068 2869 debeant,
1103 2791 1272 2859 scribatur:

207 2917 253 2963 nc
361 2896 586 2973 conferant;
617 2897 821 2982 prestare,
855 2894 982 2965 eiiam
1005 2899 1074 2978 cet,
1104 2897 1171 2981 ipae
1195 2917 1286 2981 quo·-

207 3023 264 3088 que
287 3003 455 3078 violentior,
478 3003 598 3081 tertius,
632 3004 664 3068 in
692 3023 782 3088 quem
804 3005 912 3087 postea
935 3003 1059 3069 demum
1082 3003 1188 3082 incidi,
1226 3008 1270 3079 nt,

206 3109 289 3174 nulla
310 3109 414 3175 littera
437 3110 572 3187 mumtn,
606 3107 674 3174 dnae
707 3127 797 3175 uoces
819 3108 928 3176 vicine
950 3109 1055 3175 sedem
1078 3111 1271 3193 permutent:

159 3212 162 3219 ’
206 3234 249 3280 ne
357 3215 590 3280 frumentum
611 3215 837 3295 conferunt,
860 3215 960 3298 quod
982 3215 1156 3292 debanna
1175 3236 1286 3300 prm--

204 3329 323 3395 coare,
354 3321 387 3386 ei
423 3321 497 3387 iam
519 3323 578 3387 cet.
640 3321 743 3406 Atque
771 3321 851 3386 hanc
875 3321 1025 3387 rationem
1044 3338 1125 3386 nuuc
1147 3339 1272 3404 prcrnna

205 3428 283 3509 putu
320 3427 527 3510 sequendum
568 3426 715 3493 fueissime
757 3426 950 3510 intelligitur,
993 3429 1046 3510 qui
1086 3434 1273 3509 praestare

205 3549 298 3614 prave
319 3550 389 3597 cum
412 3533 581 3599 debeant
602 3532 808 3607 coniunctum,
839 3531 951 3596 deiude
974 3533 1195 3615 transpositum
1218 3534 1271 3600 ait.

205 3637 303 3702 Recte
324 3640 429 3704 antem
454 3641 646 3721 prestare
668 3657 704 3702 ex
726 3649 841 3713 eorum,
878 3656 953 3722 quoa
975 3638 1083 3704 Liscus
1096 3638 1273 3722 ‘reprehen-

205 3741 268 3815 dit,
311 3763 439 3826 persona
472 3743 589 3809 (lictum
624 3741 789 3829 accipitur,
833 3740 968 3827 pendens
1005 3744 1044 3809 ab
1080 3743 1281 3814 seditiosa.

205 3850 391 3914 oratione.
443 3849 496 3935 [ln
528 3849 607 3915 hanc
630 3849 875 3918 emendationem
899 3851 993 3916 etiam
1015 3847 1160 3916 Hellemt
1193 3851 1280 3916 iuci-

206 3954 252 4019 dit
272 3954 382 4020 Philol.
404 3954 511 4020 XXXI
532 3976 562 4039 p.
584 3954 675 4039 519]
