2580 5054
472 666 628 721 Atheniens
1001 669 1040 731 55
1114 630 1124 640 ⁸

16 861 89 931 ime
122 883 157 928 ex
189 882 235 941 eo,
269 862 348 946 qnod
383 864 431 928 est
464 859 579 941 λεπάς,
615 864 721 929 fictum
757 864 831 930 alibi
869 884 927 930 non
963 867 1083 931 vidntur

15 973 159 1054 τροπή).

114 1132 149 1196 P.
162 1130 220 1192 138
233 1148 266 1194 e:
282 1129 451 1211 Πολέμων
461 1123 587 1215 δ’ἐντφ
600 1124 692 1213 παρά
706 1127 900 1212 Ξενοφῶντι
919 1123 1080 1216 κανάθρῳ

15 1240 76 1304 τοῦ
97 1229 191 1320 παρά
217 1229 354 1302 Λάκωσι
385 1237 596 1320 καλουμένου
618 1237 760 1303 δείπνου
783 1236 922 1310 κοπίδος
942 1261 1081 1321 μνημο-

15 1340 159 1410 νειίοντα
183 1345 358 1426 Κρατῖνον
380 1349 417 1409 ἐν
438 1337 610 1417 Πλούτοις
633 1346 741 1429 λέγειν
764 1369 790 1410 κ.
814 1369 843 1408 τ.
867 1346 896 1410 λ.
951 1343 1019 1409 Non
1044 1349 1081 1409 ἐν

15 1454 58 1539 τῷ
82 1443 245 1535 κανάθρῳ
268 1450 324 1514 hoc
345 1450 463 1516 dixerat
484 1450 619 1529 Polemo,
652 1450 706 1515 sod
739 1456 776 1516 ἐν
809 1451 853 1535 τῷ
887 1454 983 1534 περὶ
1007 1453 1081 1516 τού

15 1555 108 1643 παρά
142 1554 338 1640 Ξενοφῶντι
376 1552 617 1639 κανάθρσυ,
655 1557 712 1621 hoc
744 1557 801 1634 esi,
838 1558 869 1620 in
903 1557 1008 1623 libello
1040 1556 1079 1620 de

14 1666 158 1735 canathno
186 1663 415 1747 Xenophonteo,
449 1663 707 1745 quemadmodum
734 1663 780 1727 Ill
809 1681 839 1744 p.
862 1666 902 1727 85
925 1666 940 1727 f
966 1665 1080 1730 citetur

14 1773 169 1845 Καλλίας
192 1778 229 1836 ἐν
251 1771 295 1855 τῷ
318 1770 395 1854 περί
418 1771 478 1853 τῆς
500 1763 580 1854 παρ’
602 1763 750 1855 Ἀλκαίῳ
773 1767 920 1844 λεπάδος
943 1775 974 1836 et
995 1771 1025 1835 X
1046 1789 1077 1852 p.

14 1883 71 1944 451
96 1880 115 1944 d
143 1872 377 1951 Ἀπολλώνιος
398 1871 416 1943 ά
438 1872 573 1949 Ῥόδιος
596 1882 632 1941 ἐν
654 1877 698 1962 τῷ
721 1877 799 1959 περί
827 1868 1025 1964 Ἀρχιλόχου
1047 1879 1079 1941 et

14 1987 87 2053 olibi
103 1986 229 2051 Polemo
245 1992 281 2048 ἐν
296 1988 457 2068 τοῖςπερὶ
471 1975 687 2067 α’κροπόλεας
702 1984 734 2047 ei
748 1983 808 2047 alin
823 1983 948 2049 similia.
983 1983 1077 2047 Pleno

14 2094 126 2160 licitur
144 2092 203 2164 Ill,
225 2090 265 2156 85
282 2110 315 2155 e:
337 2085 588 2176 Ἀριστοφάνης
604 2094 640 2154 ἐν
656 2091 700 2176 τῷ
716 2092 794 2174 περί
811 2092 872 2175 τῆς
886 2083 1077 2176 α’χνυμὲνης

14 2194 179 2284 σκυτάλης
199 2193 453 2284 συγγράμματι.
502 2197 616 2263 Oculus
643 2198 761 2263 librarii
783 2198 937 2263 aberravit
957 2216 976 2262 a
998 2198 1077 2281 περί

14 2308 49 2373 τά
72 2303 178 2390 παρά.
223 2305 288 2387 [Sic
309 2307 372 2370 iam
395 2305 603 2371 Casaubonns.
649 2304 751 2387 Longe
781 2305 873 2369 aliler
899 2303 1010 2370 dicitur
1041 2312 1077 2370 ἐν

13 2415 51 2502 ιη’
85 2405 360 2495 Ἐρατοσθένους
387 2412 559 2495 ἐπιδημία,
593 2429 661 2493 qnae
689 2412 756 2492 ipso
776 2411 945 2493 'inscriptio
975 2414 1024 2476 est
1045 2413 1074 2476 in

13 2523 102 2585 hreno
125 2524 305 2599 contracte]

112 2683 145 2746 P.
164 2684 222 2745 141
239 2704 256 2746 a
272 2684 315 2757 (in
331 2683 431 2747 verbis
448 2680 610 2759 Nicoclis):
635 2687 702 2747 ἔστι
720 2682 753 2745 δέ
772 2681 813 2745 τά
830 2685 895 2763 μὲν
911 2676 1073 2764 κάμματα

13 2785 148 2867 υαιστά,
181 2795 214 2854 αί
250 2789 282 2855 δὲ
315 2789 528 2872 καμματίδες
564 2785 617 2860 αἷς
655 2781 819 2854 κάπτουσι
858 2786 899 2854 τά
938 2785 1074 2865 ψαιστά.

13 2896 103 2960 loliis
125 2896 236 2960 laureis
259 2916 317 2961 non
342 2895 556 2980 deglutiebant
578 2897 688 2971 crusta,
712 2893 767 2958 sed
788 2895 967 2976 operiebant
988 2901 1074 2969 (σιέ-

13 3026 109 3068 τουσι
134 3002 303 3087 Hesychius
325 3001 421 3068 habei
444 3020 469 3065 v.
493 2995 656 3085 κάμματα
688 3000 796 3067 eodem
827 2999 960 3066 Nicoclis
982 3003 1073 3067 iesti-

13 3110 108 3173 nonio
142 3111 258 3187 utens);
291 3109 485 3174 scribendum
520 3092 615 3192 igitir
647 3104 700 3180 οιίς
730 3105 1002 3174 καλύπτουσι
1030 3102 1071 3172 τά

13 3209 189 3293 pascuost)

106 3380 140 3445 P.
161 3380 220 3442 146
242 3379 340 3445 fhaec
362 3380 519 3462 leguntur:
544 3374 721 3454 Φιλόξενος
743 3372 773 3446 δ’
794 3374 812 3446 ὁ
835 3374 1016 3465 Κυθήριος
1035 3386 1072 3444 ἐν

13 3488 48 3573 τῷ
73 3491 332 3573 ἐπιγραφομένῳ
352 3487 500 3573 Δείπνῳ,
525 3489 621 3572 εἴπερ
645 3479 770 3553 τοάτου
792 3488 847 3553 καί
863 3481 881 3552 ά
898 3489 1071 3575 καιμῳδιο·

13 3588 104 3666 τονάς
139 3587 289 3660 Πλάτων
325 3599 362 3659 ἐν
397 3593 441 3680 τῷ
479 3588 591 3660 Φάωνι
622 3586 797 3680 ἐμνήσθη,
835 3595 888 3660 καί
926 3589 975 3679 μη
1010 3597 1070 3661 τοιῖ·

13 3699 199 3768 Λευκαδίου
226 3701 417 3777 Φιλοξένου,
447 3694 610 3786 τοιαάτην
643 3703 815 3767 ἐκτίθεται
850 3699 1070 3787 παρασκευήν

13 3808 156 3875 δείπνου.
200 3805 277 3871 Cum
300 3807 460 3872 Philoxeni
483 3807 618 3894 Cytherii
641 3809 818 3876 testimonio
841 3815 976 3875 excorio
993 3810 1069 3874 libro

13 3915 60 4002 τῷ
83 3915 232 3997 Διιίιυφ)
254 3912 435 3996 deprompto
468 3913 545 3979 nihil
578 3916 701 3981 omnino
735 3916 886 3981 coniuncti
909 3915 1003 3980 habel·
1025 3934 1069 3987 ee,

13 4039 74 4104 μα
88 4018 260 4096 subiicitur,
277 4018 439 4094 dubitatio,
455 4022 559 4086 utrum
573 4023 653 4087 hunc
665 4021 867 4087 Philoxenum
881 4020 1068 4114 anchorum

13 4128 93 4192 ‚hato
110 4126 244 4192 comicus
260 4126 471 4201 nominaverit,
494 4127 679 4210 omninoque
694 4127 760 4193 haeo
775 4127 884 4193 lnbnlae
902 4128 1067 4194 Platonicae

13 4234 118 4299 nentio
147 4250 271 4315 prorsus
299 4232 451 4300 inutiliter
484 4235 516 4298 ei
547 4253 686 4316 perverse
719 4234 932 4316 interponitur.
989 4235 1067 4300 illud

13 4407 234 4416 -.—.—-.-.

53 4502 80 4570 *l
101 4503 130 4559 P.
150 4502 201 4559 145
219 4501 232 4557 1
248 4520 300 4560 scr.
319 4495 353 4559 οὗ
371 4503 409 4574 δὴ
429 4504 479 4569 εἰς
497 4500 652 4567 ἅπαντας
669 4520 718 4573 pro
739 4495 772 4559 σίι
792 4506 862 4560 ἐδεῑν
881 4503 1001 4561 ἅπαντα.
