<?xml version="1.0" encoding="UTF-8"?>
<!DOCTYPE html PUBLIC "-//W3C//DTD XHTML 1.0 Transitional//EN"
    "http://www.w3.org/TR/xhtml1/DTD/xhtml1-transitional.dtd">
<html xmlns="http://www.w3.org/1999/xhtml" xml:lang="en" lang="en">
 <head>
  <title>
</title>
<meta http-equiv="Content-Type" content="text/html;charset=utf-8" />
  <meta name='ocr-system' content='tesseract 3.04.00' />
  <meta name='ocr-capabilities' content='ocr_page ocr_carea ocr_par ocr_line ocrx_word'/>
</head>
<body>
  <div class='ocr_page' id='page_1' title='image "./ioniemadvigiiad00madvgoog_0585.png"; bbox 0 0 2648 5084; ppageno 0'>
   <div class='ocr_carea' id='block_1_1' title="bbox 254 297 889 369">
    <p class='ocr_par' dir='ltr' id='par_1_1' title="bbox 254 297 889 369">
     <span class='ocr_line' id='line_1_1' title="bbox 254 297 889 369; baseline -0.017 -4"><span class='ocrx_word' id='word_1_1' title='bbox 254 302 315 365; x_wconf 81' lang='grc'><strong>574</strong></span> <span class='ocrx_word' id='word_1_2' title='bbox 606 299 666 355; x_wconf 85' lang='lat' dir='ltr'><strong>Lib.</strong></span> <span class='ocrx_word' id='word_1_3' title='bbox 674 299 750 355; x_wconf 84' lang='lat' dir='ltr'>VIII.</span> <span class='ocrx_word' id='word_1_4' title='bbox 761 297 826 369; x_wconf 75' lang='lat' dir='ltr'><strong>(lap.</strong></span> <span class='ocrx_word' id='word_1_5' title='bbox 841 299 889 354; x_wconf 80' lang='lat' dir='ltr'><strong>vl.</strong></span> 
     </span>
    </p>
   </div>
   <div class='ocr_carea' id='block_1_2' title="bbox 184 500 1323 4108">
    <p class='ocr_par' dir='ltr' id='par_1_2' title="bbox 213 500 1273 1854">
     <span class='ocr_line' id='line_1_2' title="bbox 213 500 1269 583; baseline 0.002 -16"><span class='ocrx_word' id='word_1_6' title='bbox 213 503 306 567; x_wconf 91' lang='lat' dir='ltr'><strong>dest.</strong></span> <span class='ocrx_word' id='word_1_7' title='bbox 330 504 385 566; x_wconf 89' lang='lat' dir='ltr'><strong>aut</strong></span> <span class='ocrx_word' id='word_1_8' title='bbox 406 503 443 567; x_wconf 91' lang='grc'><strong>11</strong></span> <span class='ocrx_word' id='word_1_9' title='bbox 465 519 534 565; x_wconf 94' lang='lat' dir='ltr'><strong>nou</strong></span> <span class='ocrx_word' id='word_1_10' title='bbox 557 500 675 583; x_wconf 82' lang='lat' dir='ltr'><strong>dest),</strong></span> <span class='ocrx_word' id='word_1_11' title='bbox 704 502 837 583; x_wconf 90' lang='lat' dir='ltr'><strong>putoque</strong></span> <span class='ocrx_word' id='word_1_12' title='bbox 859 500 1031 564; x_wconf 88' lang='lat' dir='ltr'><strong>necessario</strong></span> <span class='ocrx_word' id='word_1_13' title='bbox 1043 503 1218 568; x_wconf 89' lang='lat' dir='ltr'><strong>tollendum</strong></span> <span class='ocrx_word' id='word_1_14' title='bbox 1232 507 1269 569; x_wconf 90' lang='grc'><strong>11</strong></span> 
     </span>
     <span class='ocr_line' id='line_1_3' title="bbox 213 604 1272 693; baseline 0 -19"><span class='ocrx_word' id='word_1_15' title='bbox 213 609 292 674; x_wconf 88' lang='lat' dir='ltr'><strong>Nam</strong></span> <span class='ocrx_word' id='word_1_16' title='bbox 318 608 397 691; x_wconf 91' lang='lat' dir='ltr'><strong>quod</strong></span> <span class='ocrx_word' id='word_1_17' title='bbox 420 607 583 673; x_wconf 79' lang='lat' dir='ltr'>Suetonius</span> <span class='ocrx_word' id='word_1_18' title='bbox 616 626 649 672; x_wconf 90' lang='lat' dir='ltr'><strong>se</strong></span> <span class='ocrx_word' id='word_1_19' title='bbox 682 608 778 672; x_wconf 90' lang='lat' dir='ltr'><strong>sicin</strong></span> <span class='ocrx_word' id='word_1_20' title='bbox 806 604 980 671; x_wconf 89' lang='lat' dir='ltr'><strong>notionibus</strong></span> <span class='ocrx_word' id='word_1_21' title='bbox 1003 608 1227 693; x_wconf 86' lang='lat' dir='ltr'><strong>coniungendis</strong></span> <span class='ocrx_word' id='word_1_22' title='bbox 1246 614 1272 674; x_wconf 87' lang='lat' dir='ltr'><strong>et</strong></span> 
     </span>
     <span class='ocr_line' id='line_1_4' title="bbox 215 711 1273 800; baseline 0.001 -21"><span class='ocrx_word' id='word_1_23' title='bbox 215 716 245 779; x_wconf 92' lang='lat' dir='ltr'><strong>iu</strong></span> <span class='ocrx_word' id='word_1_24' title='bbox 280 714 507 779; x_wconf 79' lang='lat' dir='ltr'><strong>continuatione</strong></span> <span class='ocrx_word' id='word_1_25' title='bbox 540 713 709 797; x_wconf 82' lang='lat' dir='ltr'><strong>negationis</strong></span> <span class='ocrx_word' id='word_1_26' title='bbox 741 711 924 796; x_wconf 79' lang='lat' dir='ltr'><strong>implicavit,</strong></span> <span class='ocrx_word' id='word_1_27' title='bbox 960 716 996 777; x_wconf 91' lang='lat' dir='ltr'><strong>ut</strong></span> <span class='ocrx_word' id='word_1_28' title='bbox 1027 716 1197 799; x_wconf 77' lang='lat' dir='ltr'><strong>quicquam</strong></span> <span class='ocrx_word' id='word_1_29' title='bbox 1229 735 1273 800; x_wconf 87' lang='lat' dir='ltr'><strong>pro</strong></span> 
     </span>
     <span class='ocr_line' id='line_1_5' title="bbox 214 817 1270 896; baseline 0.007 -17"><span class='ocrx_word' id='word_1_30' title='bbox 214 817 290 882; x_wconf 76' lang='lat' dir='ltr'><strong>cibit</strong></span> <span class='ocrx_word' id='word_1_31' title='bbox 311 819 426 886; x_wconf 90' lang='lat' dir='ltr'><strong>diceret</strong></span> <span class='ocrx_word' id='word_1_32' title='bbox 443 827 534 896; x_wconf 79' lang='lat' dir='ltr'><strong>(nam</strong></span> <span class='ocrx_word' id='word_1_33' title='bbox 555 837 614 883; x_wconf 91' lang='lat' dir='ltr'><strong>nou</strong></span> <span class='ocrx_word' id='word_1_34' title='bbox 638 819 757 884; x_wconf 81' lang='lat' dir='ltr'><strong>destitit</strong></span> <span class='ocrx_word' id='word_1_35' title='bbox 778 817 889 892; x_wconf 84' lang='lat' dir='ltr'><strong>Caesar,</strong></span> <span class='ocrx_word' id='word_1_36' title='bbox 927 819 984 883; x_wconf 92' lang='lat' dir='ltr'><strong>hcc</strong></span> <span class='ocrx_word' id='word_1_37' title='bbox 1007 823 1067 894; x_wconf 89' lang='lat' dir='ltr'><strong>est,</strong></span> <span class='ocrx_word' id='word_1_38' title='bbox 1090 824 1226 888; x_wconf 80' lang='lat' dir='ltr'><strong>seruauit</strong></span> <span class='ocrx_word' id='word_1_39' title='bbox 1245 825 1270 888; x_wconf 85' lang='lat' dir='ltr'><strong>et</strong></span> 
     </span>
     <span class='ocr_line' id='line_1_6' title="bbox 214 924 1268 1009; baseline 0.003 -19"><span class='ocrx_word' id='word_1_40' title='bbox 214 927 323 1004; x_wconf 90' lang='lat' dir='ltr'><strong>tenuit,</strong></span> <span class='ocrx_word' id='word_1_41' title='bbox 358 930 393 990; x_wconf 94' lang='lat' dir='ltr'><strong>ut</strong></span> <span class='ocrx_word' id='word_1_42' title='bbox 427 925 506 989; x_wconf 77' lang='lat' dir='ltr'><strong>nibil</strong></span> <span class='ocrx_word' id='word_1_43' title='bbox 536 927 676 1009; x_wconf 90' lang='lat' dir='ltr'><strong>cuiquam</strong></span> <span class='ocrx_word' id='word_1_44' title='bbox 699 924 897 1007; x_wconf 86' lang='lat' dir='ltr'><strong>polliceretur</strong></span> <span class='ocrx_word' id='word_1_45' title='bbox 922 926 983 990; x_wconf 89' lang='lat' dir='ltr'><strong>nisi</strong></span> <span class='ocrx_word' id='word_1_46' title='bbox 1010 926 1069 991; x_wconf 92' lang='lat' dir='ltr'><strong>sub</strong></span> <span class='ocrx_word' id='word_1_47' title='bbox 1094 929 1268 1004; x_wconf 85' lang='lat' dir='ltr'><strong>conditione)</strong></span> 
     </span>
     <span class='ocr_line' id='line_1_7' title="bbox 213 1031 1267 1119; baseline 0.003 -22"><span class='ocrx_word' id='word_1_48' title='bbox 213 1036 267 1098; x_wconf 88' lang='lat' dir='ltr'><strong>aut</strong></span> <span class='ocrx_word' id='word_1_49' title='bbox 299 1054 353 1094; x_wconf 83' lang='lat' dir='ltr'><strong>nec</strong></span> <span class='ocrx_word' id='word_1_50' title='bbox 374 1033 517 1095; x_wconf 76' lang='lat' dir='ltr'><strong>destiterit</strong></span> <span class='ocrx_word' id='word_1_51' title='bbox 548 1050 602 1114; x_wconf 93' lang='lat' dir='ltr'><strong>pro</strong></span> <span class='ocrx_word' id='word_1_52' title='bbox 624 1042 651 1094; x_wconf 83' lang='lat' dir='ltr'><strong>et</strong></span> <span class='ocrx_word' id='word_1_53' title='bbox 671 1031 815 1093; x_wconf 74' lang='lat' dir='ltr'><strong>destiterit</strong></span> <span class='ocrx_word' id='word_1_54' title='bbox 844 1037 928 1114; x_wconf 85' lang='lat' dir='ltr'><strong>(nam</strong></span> <span class='ocrx_word' id='word_1_55' title='bbox 957 1032 1082 1099; x_wconf 87' lang='lat' dir='ltr'><strong>destitit</strong></span> <span class='ocrx_word' id='word_1_56' title='bbox 1115 1036 1267 1119; x_wconf 87' lang='lat' dir='ltr'><strong>quicquam</strong></span> 
     </span>
     <span class='ocr_line' id='line_1_8' title="bbox 214 1137 1268 1224; baseline 0.001 -20"><span class='ocrx_word' id='word_1_57' title='bbox 214 1139 350 1222; x_wconf 84' lang='lat' dir='ltr'><strong>polliceri</strong></span> <span class='ocrx_word' id='word_1_58' title='bbox 381 1138 440 1203; x_wconf 88' lang='lat' dir='ltr'><strong>nisi</strong></span> <span class='ocrx_word' id='word_1_59' title='bbox 472 1140 528 1203; x_wconf 93' lang='lat' dir='ltr'><strong>sub</strong></span> <span class='ocrx_word' id='word_1_60' title='bbox 551 1138 661 1216; x_wconf 84' lang='lat' dir='ltr'><strong>cond),</strong></span> <span class='ocrx_word' id='word_1_61' title='bbox 699 1137 780 1203; x_wconf 88' lang='lat' dir='ltr'><strong>idem</strong></span> <span class='ocrx_word' id='word_1_62' title='bbox 817 1138 845 1203; x_wconf 90' lang='lat' dir='ltr'><strong>ci</strong></span> <span class='ocrx_word' id='word_1_63' title='bbox 882 1137 993 1216; x_wconf 86' lang='lat' dir='ltr'><strong>accidit</strong></span> <span class='ocrx_word' id='word_1_64' title='bbox 1022 1139 1092 1204; x_wconf 78' lang='lat' dir='ltr'><strong>Tib.</strong></span> <span class='ocrx_word' id='word_1_65' title='bbox 1123 1141 1166 1202; x_wconf 78' lang='lat'><strong>45</strong></span> <span class='ocrx_word' id='word_1_66' title='bbox 1200 1143 1268 1224; x_wconf 80' lang='lat' dir='ltr'><strong>(nec</strong></span> 
     </span>
     <span class='ocr_line' id='line_1_9' title="bbox 214 1244 1269 1328; baseline 0 -20"><span class='ocrx_word' id='word_1_67' title='bbox 214 1245 422 1328; x_wconf 84' lang='lat' dir='ltr'><strong>quicquam</strong></span> <span class='ocrx_word' id='word_1_68' title='bbox 456 1245 621 1327; x_wconf 90' lang='lat' dir='ltr'><strong>amplius</strong></span> <span class='ocrx_word' id='word_1_69' title='bbox 654 1244 733 1326; x_wconf 91' lang='lat' dir='ltr'><strong>pati</strong></span> <span class='ocrx_word' id='word_1_70' title='bbox 768 1250 1027 1322; x_wconf 84' lang='lat' dir='ltr'><strong>recusantem,</strong></span> <span class='ocrx_word' id='word_1_71' title='bbox 1063 1246 1124 1312; x_wconf 89' lang='lat' dir='ltr'><strong>hoc</strong></span> <span class='ocrx_word' id='word_1_72' title='bbox 1158 1251 1214 1323; x_wconf 89' lang='lat' dir='ltr'><strong>est,</strong></span> <span class='ocrx_word' id='word_1_73' title='bbox 1239 1250 1269 1310; x_wconf 88' lang='lat' dir='ltr'><strong>et</strong></span> 
     </span>
     <span class='ocr_line' id='line_1_10' title="bbox 299 1351 1269 1437; baseline 0.001 -22.925"><span class='ocrx_word' id='word_1_74' title='bbox 299 1354 541 1437; x_wconf 81' lang='lat' dir='ltr'><strong>recusantem</strong></span> <span class='ocrx_word' id='word_1_75' title='bbox 564 1352 613 1416; x_wconf 88' lang='lat' dir='ltr'><strong>vel</strong></span> <span class='ocrx_word' id='word_1_76' title='bbox 644 1368 710 1415; x_wconf 90' lang='lat' dir='ltr'><strong>nec</strong></span> <span class='ocrx_word' id='word_1_77' title='bbox 831 1351 913 1432; x_wconf 91' lang='lat' dir='ltr'><strong>pati</strong></span> <span class='ocrx_word' id='word_1_78' title='bbox 945 1352 1224 1429; x_wconf 76' lang='lat' dir='ltr'><strong>sustinentem)</strong></span> <span class='ocrx_word' id='word_1_79' title='bbox 1243 1355 1269 1417; x_wconf 88' lang='grc'><strong>11</strong></span> 
     </span>
     <span class='ocr_line' id='line_1_11' title="bbox 214 1455 1268 1540; baseline 0.006 -21"><span class='ocrx_word' id='word_1_80' title='bbox 214 1455 283 1520; x_wconf 86' lang='lat' dir='ltr'><strong>Ner.</strong></span> <span class='ocrx_word' id='word_1_81' title='bbox 311 1455 352 1517; x_wconf 83' lang='lat'><strong>42</strong></span> <span class='ocrx_word' id='word_1_82' title='bbox 384 1456 471 1532; x_wconf 89' lang='lat' dir='ltr'><strong>(Nec</strong></span> <span class='ocrx_word' id='word_1_83' title='bbox 502 1478 544 1522; x_wconf 93' lang='lat' dir='ltr'><strong>eo</strong></span> <span class='ocrx_word' id='word_1_84' title='bbox 571 1456 697 1522; x_wconf 88' lang='lat' dir='ltr'><strong>secius</strong></span> <span class='ocrx_word' id='word_1_85' title='bbox 725 1457 925 1540; x_wconf 89' lang='lat' dir='ltr'><strong>quicquam</strong></span> <span class='ocrx_word' id='word_1_86' title='bbox 1034 1460 1187 1537; x_wconf 92' lang='lat' dir='ltr'><strong>omisit,</strong></span> <span class='ocrx_word' id='word_1_87' title='bbox 1221 1461 1268 1524; x_wconf 86' lang='lat' dir='ltr'><strong>hoc</strong></span> 
     </span>
     <span class='ocr_line' id='line_1_12' title="bbox 214 1562 1269 1643; baseline 0.002 -16"><span class='ocrx_word' id='word_1_88' title='bbox 214 1568 274 1640; x_wconf 88' lang='lat' dir='ltr'><strong>cst,</strong></span> <span class='ocrx_word' id='word_1_89' title='bbox 318 1583 383 1630; x_wconf 90' lang='lat' dir='ltr'><strong>nec</strong></span> <span class='ocrx_word' id='word_1_90' title='bbox 423 1583 463 1630; x_wconf 91' lang='lat' dir='ltr'><strong>eo</strong></span> <span class='ocrx_word' id='word_1_91' title='bbox 496 1564 622 1629; x_wconf 89' lang='lat' dir='ltr'><strong>socius</strong></span> <span class='ocrx_word' id='word_1_92' title='bbox 654 1562 755 1627; x_wconf 88' lang='lat' dir='ltr'><strong>nihil</strong></span> <span class='ocrx_word' id='word_1_93' title='bbox 883 1563 1042 1643; x_wconf 86' lang='lat' dir='ltr'><strong>omisit);</strong></span> <span class='ocrx_word' id='word_1_94' title='bbox 1083 1570 1168 1631; x_wconf 89' lang='lat' dir='ltr'><strong>recte</strong></span> <span class='ocrx_word' id='word_1_95' title='bbox 1204 1567 1269 1631; x_wconf 85' lang='lat' dir='ltr'><strong>dixit</strong></span> 
     </span>
     <span class='ocr_line' id='line_1_13' title="bbox 215 1667 1268 1754; baseline 0.001 -21"><span class='ocrx_word' id='word_1_96' title='bbox 215 1671 331 1734; x_wconf 90' lang='lat' dir='ltr'><strong>Domit.</strong></span> <span class='ocrx_word' id='word_1_97' title='bbox 367 1670 404 1734; x_wconf 74' lang='lat'><strong>2:</strong></span> <span class='ocrx_word' id='word_1_98' title='bbox 446 1667 524 1733; x_wconf 90' lang='lat' dir='ltr'><strong>Nec</strong></span> <span class='ocrx_word' id='word_1_99' title='bbox 560 1670 688 1733; x_wconf 90' lang='lat' dir='ltr'><strong>tamen</strong></span> <span class='ocrx_word' id='word_1_100' title='bbox 731 1686 771 1733; x_wconf 94' lang='lat' dir='ltr'><strong>eo</strong></span> <span class='ocrx_word' id='word_1_101' title='bbox 804 1671 928 1734; x_wconf 90' lang='lat' dir='ltr'><strong>secius</strong></span> <span class='ocrx_word' id='word_1_102' title='bbox 1078 1673 1179 1736; x_wconf 93' lang='lat' dir='ltr'><strong>omni</strong></span> <span class='ocrx_word' id='word_1_103' title='bbox 1211 1689 1268 1754; x_wconf 87' lang='lat' dir='ltr'><strong>ope</strong></span> 
     </span>
     <span class='ocr_line' id='line_1_14' title="bbox 214 1776 732 1854; baseline 0 -14"><span class='ocrx_word' id='word_1_104' title='bbox 214 1776 415 1841; x_wconf 90' lang='lat' dir='ltr'><strong>contendit</strong></span> <span class='ocrx_word' id='word_1_105' title='bbox 435 1779 493 1840; x_wconf 90' lang='lat' dir='ltr'><strong>cet.</strong></span> <span class='ocrx_word' id='word_1_106' title='bbox 729 1847 732 1854; x_wconf 56' lang='grc'><strong>,</strong></span> 
     </span>
    </p>

    <p class='ocr_par' dir='ltr' id='par_1_3' title="bbox 208 1880 1323 2501">
     <span class='ocr_line' id='line_1_15' title="bbox 315 1880 1268 1970; baseline 0.006 -25"><span class='ocrx_word' id='word_1_107' title='bbox 315 1880 520 1966; x_wconf 69' lang='lat' dir='ltr'><strong>Augustei:</strong></span> <span class='ocrx_word' id='word_1_108' title='bbox 564 1880 732 1964; x_wconf 89' lang='lat' dir='ltr'><strong>Namque</strong></span> <span class='ocrx_word' id='word_1_109' title='bbox 766 1881 851 1947; x_wconf 92' lang='lat' dir='ltr'><strong>illis</strong></span> <span class='ocrx_word' id='word_1_110' title='bbox 885 1883 1110 1954; x_wconf 83' lang='lat' dir='ltr'><strong>(triumviratus</strong></span> <span class='ocrx_word' id='word_1_111' title='bbox 1138 1887 1268 1970; x_wconf 87' lang='lat' dir='ltr'><strong>collegis)</strong></span> 
     </span>
     <span class='ocr_line' id='line_1_16' title="bbox 214 1981 1269 2074; baseline 0.005 -23"><span class='ocrx_word' id='word_1_112' title='bbox 214 1989 252 2052; x_wconf 92' lang='lat' dir='ltr'><strong>in</strong></span> <span class='ocrx_word' id='word_1_113' title='bbox 297 1990 504 2053; x_wconf 90' lang='lat' dir='ltr'><strong>multorum</strong></span> <span class='ocrx_word' id='word_1_114' title='bbox 550 2006 647 2069; x_wconf 86' lang='lat' dir='ltr'><strong>saepe</strong></span> <span class='ocrx_word' id='word_1_115' title='bbox 692 2006 893 2071; x_wconf 88' lang='lat' dir='ltr'><strong>personam</strong></span> <span class='ocrx_word' id='word_1_116' title='bbox 929 2007 994 2071; x_wconf 88' lang='lat' dir='ltr'><strong>per</strong></span> <span class='ocrx_word' id='word_1_117' title='bbox 1036 1981 1208 2074; x_wconf 83' lang='lat' dir='ltr'><strong>gratiam</strong></span> <span class='ocrx_word' id='word_1_118' title='bbox 1239 1999 1269 2056; x_wconf 89' lang='lat' dir='ltr'><strong>et</strong></span> 
     </span>
     <span class='ocr_line' id='line_1_17' title="bbox 216 2093 1268 2180; baseline 0.009 -23"><span class='ocrx_word' id='word_1_119' title='bbox 216 2112 346 2176; x_wconf 88' lang='lat' dir='ltr'><strong>preces</strong></span> <span class='ocrx_word' id='word_1_120' title='bbox 370 2093 648 2167; x_wconf 81' lang='lat' dir='ltr'><strong>exorabilibus,</strong></span> <span class='ocrx_word' id='word_1_121' title='bbox 679 2094 785 2159; x_wconf 90' lang='lat' dir='ltr'><strong>solus</strong></span> <span class='ocrx_word' id='word_1_122' title='bbox 807 2115 1038 2180; x_wconf 88' lang='lat' dir='ltr'><strong>magnopere</strong></span> <span class='ocrx_word' id='word_1_123' title='bbox 1066 2099 1268 2166; x_wconf 85' lang='lat' dir='ltr'><strong>contendit</strong></span> 
     </span>
     <span class='ocr_line' id='line_1_18' title="bbox 215 2200 1268 2288; baseline 0.004 -24"><span class='ocrx_word' id='word_1_124' title='bbox 215 2219 257 2264; x_wconf 90' lang='lat' dir='ltr'><strong>ne</strong></span> <span class='ocrx_word' id='word_1_125' title='bbox 300 2201 359 2264; x_wconf 91' lang='lat' dir='ltr'><strong>cui</strong></span> <span class='ocrx_word' id='word_1_126' title='bbox 402 2204 635 2282; x_wconf 89' lang='lat' dir='ltr'><strong>parceretur.</strong></span> <span class='ocrx_word' id='word_1_127' title='bbox 703 2200 798 2266; x_wconf 86' lang='lat' dir='ltr'><strong>Scrib.</strong></span> <span class='ocrx_word' id='word_1_128' title='bbox 841 2203 878 2266; x_wconf 91' lang='lat' dir='ltr'><strong>iu</strong></span> <span class='ocrx_word' id='word_1_129' title='bbox 922 2203 1132 2269; x_wconf 90' lang='lat' dir='ltr'><strong>multorum</strong></span> <span class='ocrx_word' id='word_1_130' title='bbox 1178 2225 1268 2288; x_wconf 87' lang='lat' dir='ltr'><strong>saepe</strong></span> 
     </span>
     <span class='ocr_line' id='line_1_19' title="bbox 210 2306 1268 2392; baseline 0.005 -23"><span class='ocrx_word' id='word_1_131' title='bbox 210 2328 382 2391; x_wconf 77' lang='lat' dir='ltr'><strong>persono</strong></span> <span class='ocrx_word' id='word_1_132' title='bbox 414 2313 496 2383; x_wconf 91' lang='lat' dir='ltr'><strong>(cum</strong></span> <span class='ocrx_word' id='word_1_133' title='bbox 530 2306 568 2370; x_wconf 92' lang='lat' dir='ltr'><strong>de</strong></span> <span class='ocrx_word' id='word_1_134' title='bbox 600 2325 637 2371; x_wconf 90' lang='lat' dir='ltr'><strong>ea</strong></span> <span class='ocrx_word' id='word_1_135' title='bbox 671 2311 833 2391; x_wconf 83' lang='lat' dir='ltr'><strong>ageretur).</strong></span> <span class='ocrx_word' id='word_1_136' title='bbox 888 2307 991 2392; x_wconf 84' lang='lat' dir='ltr'><strong>Longe</strong></span> <span class='ocrx_word' id='word_1_137' title='bbox 1025 2309 1118 2375; x_wconf 86' lang='lat' dir='ltr'><strong>aliter</strong></span> <span class='ocrx_word' id='word_1_138' title='bbox 1154 2313 1268 2378; x_wconf 91' lang='lat' dir='ltr'><strong>dicitur:</strong></span> 
     </span>
     <span class='ocr_line' id='line_1_20' title="bbox 208 2406 1323 2501; baseline 0.006 -26"><span class='ocrx_word' id='word_1_139' title='bbox 208 2413 318 2498; x_wconf 78' lang='lat' dir='ltr'><strong>facilis</strong></span> <span class='ocrx_word' id='word_1_140' title='bbox 340 2423 367 2476; x_wconf 85' lang='grc'><strong>11</strong></span> <span class='ocrx_word' id='word_1_141' title='bbox 388 2411 550 2476; x_wconf 68' lang='lat' dir='ltr'><strong>encratitis</strong></span> <span class='ocrx_word' id='word_1_142' title='bbox 571 2417 604 2474; x_wconf 83' lang='lat' dir='ltr'><strong>a&#39;n</strong></span> <span class='ocrx_word' id='word_1_143' title='bbox 625 2414 765 2475; x_wconf 81' lang='lat' dir='ltr'><strong>vitricum</strong></span> <span class='ocrx_word' id='word_1_144' title='bbox 779 2413 856 2498; x_wconf 78' lang='lat' dir='ltr'><strong>fuit,</strong></span> <span class='ocrx_word' id='word_1_145' title='bbox 882 2414 1019 2488; x_wconf 76' lang='grc'><strong>1101181,</strong></span> <span class='ocrx_word' id='word_1_146' title='bbox 1041 2436 1124 2501; x_wconf 81' lang='lat' dir='ltr'><strong>erga.</strong></span> <span class='ocrx_word' id='word_1_147' title='bbox 1322 2406 1323 2409; x_wconf 8' lang='grc' dir='ltr'><strong>Ἴ</strong></span> 
     </span>
    </p>

    <p class='ocr_par' dir='ltr' id='par_1_4' title="bbox 214 2518 1270 3026">
     <span class='ocr_line' id='line_1_21' title="bbox 314 2518 1270 2611; baseline 0.004 -28"><span class='ocrx_word' id='word_1_148' title='bbox 314 2518 446 2584; x_wconf 79' lang='grc'><strong>111132</strong></span> <span class='ocrx_word' id='word_1_149' title='bbox 480 2519 624 2603; x_wconf 91' lang='lat' dir='ltr'><strong>quoniam</strong></span> <span class='ocrx_word' id='word_1_150' title='bbox 651 2520 681 2584; x_wconf 92' lang='lat' dir='ltr'><strong>in</strong></span> <span class='ocrx_word' id='word_1_151' title='bbox 705 2519 806 2585; x_wconf 92' lang='lat' dir='ltr'><strong>codice</strong></span> <span class='ocrx_word' id='word_1_152' title='bbox 833 2519 1022 2586; x_wconf 92' lang='lat' dir='ltr'><strong>Memmiano</strong></span> <span class='ocrx_word' id='word_1_153' title='bbox 1044 2527 1109 2589; x_wconf 92' lang='lat' dir='ltr'><strong>est:</strong></span> <span class='ocrx_word' id='word_1_154' title='bbox 1157 2527 1270 2611; x_wconf 90' lang='lat' dir='ltr'><strong>lgitur</strong></span> 
     </span>
     <span class='ocr_line' id='line_1_22' title="bbox 216 2624 1268 2709; baseline 0.006 -21"><span class='ocrx_word' id='word_1_155' title='bbox 216 2624 471 2709; x_wconf 88' lang='lat' dir='ltr'><strong>grassaturad</strong></span> <span class='ocrx_word' id='word_1_156' title='bbox 504 2624 710 2708; x_wconf 88' lang='lat' dir='ltr'><strong>dispositis</strong></span> <span class='ocrx_word' id='word_1_157' title='bbox 834 2629 1071 2694; x_wconf 86' lang='lat' dir='ltr'><strong>stationibus</strong></span> <span class='ocrx_word' id='word_1_158' title='bbox 1093 2629 1268 2704; x_wconf 88' lang='lat' dir='ltr'><strong>inhibuit,</strong></span> 
     </span>
     <span class='ocr_line' id='line_1_23' title="bbox 214 2730 1268 2824; baseline 0.006 -30"><span class='ocrx_word' id='word_1_159' title='bbox 214 2730 348 2795; x_wconf 80' lang='lat' dir='ltr'><strong>efficitur</strong></span> <span class='ocrx_word' id='word_1_160' title='bbox 389 2742 657 2813; x_wconf 73' lang='lat' dir='ltr'><strong>grassaturam</strong></span> <span class='ocrx_word' id='word_1_161' title='bbox 860 2733 1032 2800; x_wconf 84' lang='lat' dir='ltr'><strong>inhibuit</strong></span> <span class='ocrx_word' id='word_1_162' title='bbox 1075 2738 1126 2813; x_wconf 86' lang='lat' dir='ltr'><strong>(de</strong></span> <span class='ocrx_word' id='word_1_163' title='bbox 1169 2755 1268 2824; x_wconf 83' lang='lat' dir='ltr'><strong>genere</strong></span> 
     </span>
     <span class='ocr_line' id='line_1_24' title="bbox 214 2835 1267 2926; baseline 0.005 -26"><span class='ocrx_word' id='word_1_164' title='bbox 214 2835 378 2918; x_wconf 82' lang='lat' dir='ltr'><strong>universo),</strong></span> <span class='ocrx_word' id='word_1_165' title='bbox 401 2855 461 2902; x_wconf 92' lang='lat' dir='ltr'><strong>uon</strong></span> <span class='ocrx_word' id='word_1_166' title='bbox 493 2842 745 2923; x_wconf 87' lang='lat' dir='ltr'><strong>grassaturas</strong></span> <span class='ocrx_word' id='word_1_167' title='bbox 775 2839 931 2918; x_wconf 87' lang='lat' dir='ltr'><strong>(Salmas.)</strong></span> <span class='ocrx_word' id='word_1_168' title='bbox 953 2844 1008 2906; x_wconf 89' lang='lat' dir='ltr'><strong>aut</strong></span> <span class='ocrx_word' id='word_1_169' title='bbox 1029 2848 1267 2926; x_wconf 87' lang='lat' dir='ltr'><strong>grassatores</strong></span> 
     </span>
     <span class='ocr_line' id='line_1_25' title="bbox 215 2943 499 3026; baseline 0.014 -20"><span class='ocrx_word' id='word_1_170' title='bbox 215 2943 312 3018; x_wconf 86' lang='lat' dir='ltr'><strong>(codd.</strong></span> <span class='ocrx_word' id='word_1_171' title='bbox 338 2943 499 3026; x_wconf 69' lang='lat' dir='ltr'><strong>interpell</strong></span> 
     </span>
    </p>

    <p class='ocr_par' dir='ltr' id='par_1_5' title="bbox 184 3050 1268 4108">
     <span class='ocr_line' id='line_1_26' title="bbox 312 3050 1266 3141; baseline 0.005 -28"><span class='ocrx_word' id='word_1_172' title='bbox 312 3050 379 3115; x_wconf 89' lang='lat' dir='ltr'><strong>lbd.</strong></span> <span class='ocrx_word' id='word_1_173' title='bbox 425 3051 480 3141; x_wconf 79' lang='lat'><strong>35:</strong></span> <span class='ocrx_word' id='word_1_174' title='bbox 535 3051 759 3117; x_wconf 85' lang='lat' dir='ltr'><strong>Senatorum</strong></span> <span class='ocrx_word' id='word_1_175' title='bbox 802 3051 1035 3117; x_wconf 84' lang='lat' dir='ltr'><strong>affluentem</strong></span> <span class='ocrx_word' id='word_1_176' title='bbox 1079 3066 1266 3120; x_wconf 91' lang='lat' dir='ltr'><strong>numerum</strong></span> 
     </span>
     <span class='ocr_line' id='line_1_27' title="bbox 214 3155 1268 3245; baseline 0.004 -26"><span class='ocrx_word' id='word_1_177' title='bbox 214 3155 378 3221; x_wconf 83' lang='lat' dir='ltr'><strong>deformi</strong></span> <span class='ocrx_word' id='word_1_178' title='bbox 414 3160 451 3222; x_wconf 96' lang='grc'><strong>11</strong></span> <span class='ocrx_word' id='word_1_179' title='bbox 481 3157 688 3223; x_wconf 88' lang='lat' dir='ltr'><strong>incondita</strong></span> <span class='ocrx_word' id='word_1_180' title='bbox 722 3158 834 3223; x_wconf 88' lang='lat' dir='ltr'><strong>turba</strong></span> <span class='ocrx_word' id='word_1_181' title='bbox 871 3162 997 3241; x_wconf 87' lang='lat' dir='ltr'><strong>(erant</strong></span> <span class='ocrx_word' id='word_1_182' title='bbox 1030 3161 1133 3226; x_wconf 87' lang='lat' dir='ltr'><strong>enim</strong></span> <span class='ocrx_word' id='word_1_183' title='bbox 1167 3179 1268 3245; x_wconf 87' lang='lat' dir='ltr'><strong>super</strong></span> 
     </span>
     <span class='ocr_line' id='line_1_28' title="bbox 214 3262 1267 3349; baseline 0.008 -23"><span class='ocrx_word' id='word_1_184' title='bbox 214 3262 323 3327; x_wconf 89' lang='lat' dir='ltr'><strong>mille</strong></span> <span class='ocrx_word' id='word_1_185' title='bbox 346 3268 383 3328; x_wconf 89' lang='lat' dir='ltr'><strong>et</strong></span> <span class='ocrx_word' id='word_1_186' title='bbox 405 3263 556 3346; x_wconf 88' lang='lat' dir='ltr'><strong>quidam</strong></span> <span class='ocrx_word' id='word_1_187' title='bbox 577 3264 844 3349; x_wconf 86' lang='lat' dir='ltr'><strong>indignissimi</strong></span> <span class='ocrx_word' id='word_1_188' title='bbox 877 3266 1023 3348; x_wconf 87' lang='lat' dir='ltr'><strong>etpost</strong></span> <span class='ocrx_word' id='word_1_189' title='bbox 1045 3282 1175 3334; x_wconf 87' lang='lat' dir='ltr'><strong>nocem</strong></span> <span class='ocrx_word' id='word_1_190' title='bbox 1198 3272 1267 3340; x_wconf 79' lang='lat' dir='ltr'><strong>t&#39;ae·</strong></span> 
     </span>
     <span class='ocr_line' id='line_1_29' title="bbox 214 3370 1267 3458; baseline 0 -23"><span class='ocrx_word' id='word_1_191' title='bbox 214 3370 312 3435; x_wconf 89' lang='lat' dir='ltr'><strong>saris</strong></span> <span class='ocrx_word' id='word_1_192' title='bbox 355 3388 421 3452; x_wconf 91' lang='lat' dir='ltr'><strong>per</strong></span> <span class='ocrx_word' id='word_1_193' title='bbox 463 3370 633 3454; x_wconf 87' lang='lat' dir='ltr'><strong>gratiam</strong></span> <span class='ocrx_word' id='word_1_194' title='bbox 667 3375 703 3434; x_wconf 91' lang='lat' dir='ltr'><strong>et</strong></span> <span class='ocrx_word' id='word_1_195' title='bbox 745 3372 939 3455; x_wconf 75' lang='lat' dir='ltr'><strong>premium</strong></span> <span class='ocrx_word' id='word_1_196' title='bbox 983 3371 1142 3451; x_wconf 82' lang='lat' dir='ltr'><strong>allecti,</strong></span> <span class='ocrx_word' id='word_1_197' title='bbox 1187 3390 1267 3458; x_wconf 89' lang='lat' dir='ltr'><strong>quos</strong></span> 
     </span>
     <span class='ocr_line' id='line_1_30' title="bbox 184 3475 1266 3563; baseline 0.002 -23"><span class='ocrx_word' id='word_1_198' title='bbox 184 3475 366 3541; x_wconf 88' lang='lat' dir='ltr'><strong>orciuos</strong></span> <span class='ocrx_word' id='word_1_199' title='bbox 403 3476 540 3560; x_wconf 87' lang='lat' dir='ltr'><strong>vulgus</strong></span> <span class='ocrx_word' id='word_1_200' title='bbox 586 3477 761 3556; x_wconf 85' lang='lat' dir='ltr'><strong>vocabat)</strong></span> <span class='ocrx_word' id='word_1_201' title='bbox 798 3478 841 3542; x_wconf 86' lang='lat' dir='ltr'><strong>ud</strong></span> <span class='ocrx_word' id='word_1_202' title='bbox 877 3477 1025 3543; x_wconf 90' lang='lat' dir='ltr'><strong>modum</strong></span> <span class='ocrx_word' id='word_1_203' title='bbox 1069 3481 1266 3563; x_wconf 88' lang='lat' dir='ltr'><strong>pristinum</strong></span> 
     </span>
     <span class='ocr_line' id='line_1_31' title="bbox 214 3582 1266 3671; baseline -0.002 -23"><span class='ocrx_word' id='word_1_204' title='bbox 214 3587 251 3648; x_wconf 92' lang='lat' dir='ltr'><strong>et</strong></span> <span class='ocrx_word' id='word_1_205' title='bbox 286 3583 537 3666; x_wconf 90' lang='lat' dir='ltr'><strong>splendorem</strong></span> <span class='ocrx_word' id='word_1_206' title='bbox 571 3582 732 3667; x_wconf 88' lang='lat' dir='ltr'><strong>redegit.</strong></span> <span class='ocrx_word' id='word_1_207' title='bbox 801 3582 871 3649; x_wconf 87' lang='lat' dir='ltr'><strong>Non</strong></span> <span class='ocrx_word' id='word_1_208' title='bbox 903 3602 976 3652; x_wconf 86' lang='lat' dir='ltr'><strong>saue</strong></span> <span class='ocrx_word' id='word_1_209' title='bbox 1015 3606 1073 3668; x_wconf 83' lang='lat' dir='ltr'><strong>per</strong></span> <span class='ocrx_word' id='word_1_210' title='bbox 1110 3588 1266 3671; x_wconf 74' lang='lat' dir='ltr'><strong>proemium</strong></span> 
     </span>
     <span class='ocr_line' id='line_1_32' title="bbox 214 3686 1266 3776; baseline 0.004 -23"><span class='ocrx_word' id='word_1_211' title='bbox 214 3689 309 3772; x_wconf 81' lang='lat' dir='ltr'><strong>(quod</strong></span> <span class='ocrx_word' id='word_1_212' title='bbox 332 3691 455 3755; x_wconf 92' lang='lat' dir='ltr'><strong>omnino</strong></span> <span class='ocrx_word' id='word_1_213' title='bbox 484 3689 534 3755; x_wconf 82' lang='lat' dir='ltr'><strong>nir</strong></span> <span class='ocrx_word' id='word_1_214' title='bbox 555 3686 667 3754; x_wconf 89' lang='lat' dir='ltr'><strong>dicitnr</strong></span> <span class='ocrx_word' id='word_1_215' title='bbox 688 3708 742 3774; x_wconf 90' lang='lat' dir='ltr'><strong>pro</strong></span> <span class='ocrx_word' id='word_1_216' title='bbox 764 3709 809 3767; x_wconf 92' lang='lat' dir='ltr'><strong>eo,</strong></span> <span class='ocrx_word' id='word_1_217' title='bbox 846 3692 927 3776; x_wconf 90' lang='lat' dir='ltr'><strong>quod</strong></span> <span class='ocrx_word' id='word_1_218' title='bbox 949 3694 997 3757; x_wconf 91' lang='lat' dir='ltr'><strong>est</strong></span> <span class='ocrx_word' id='word_1_219' title='bbox 1020 3695 1149 3775; x_wconf 67' lang='grc'><strong>11111111·</strong></span> <span class='ocrx_word' id='word_1_220' title='bbox 1170 3692 1266 3774; x_wconf 77' lang='lat' dir='ltr'><strong>cauco)</strong></span> 
     </span>
     <span class='ocr_line' id='line_1_33' title="bbox 213 3797 1268 3885; baseline 0 -24"><span class='ocrx_word' id='word_1_221' title='bbox 213 3797 314 3862; x_wconf 87' lang='lat' dir='ltr'><strong>allecti</strong></span> <span class='ocrx_word' id='word_1_222' title='bbox 346 3800 435 3862; x_wconf 88' lang='lat' dir='ltr'><strong>erant</strong></span> <span class='ocrx_word' id='word_1_223' title='bbox 464 3797 668 3882; x_wconf 86' lang='lat' dir='ltr'><strong>indignissimi</strong></span> <span class='ocrx_word' id='word_1_224' title='bbox 691 3798 847 3871; x_wconf 88' lang='lat' dir='ltr'><strong>homiues,</strong></span> <span class='ocrx_word' id='word_1_225' title='bbox 880 3798 944 3874; x_wconf 91' lang='lat' dir='ltr'><strong>sed,</strong></span> <span class='ocrx_word' id='word_1_226' title='bbox 980 3797 1154 3883; x_wconf 91' lang='lat' dir='ltr'><strong>quodcum</strong></span> <span class='ocrx_word' id='word_1_227' title='bbox 1175 3799 1268 3885; x_wconf 87' lang='lat' dir='ltr'><strong>gratia</strong></span> 
     </span>
     <span class='ocr_line' id='line_1_34' title="bbox 212 3903 1267 3991; baseline 0.004 -24"><span class='ocrx_word' id='word_1_228' title='bbox 212 3904 408 3969; x_wconf 90' lang='lat' dir='ltr'><strong>coniunctum</strong></span> <span class='ocrx_word' id='word_1_229' title='bbox 430 3907 487 3979; x_wconf 91' lang='lat' dir='ltr'><strong>est,</strong></span> <span class='ocrx_word' id='word_1_230' title='bbox 509 3905 541 3969; x_wconf 92' lang='lat' dir='ltr'><strong>iu</strong></span> <span class='ocrx_word' id='word_1_231' title='bbox 563 3903 698 3970; x_wconf 90' lang='lat' dir='ltr'><strong>deterius</strong></span> <span class='ocrx_word' id='word_1_232' title='bbox 720 3923 860 3989; x_wconf 77' lang='lat' dir='ltr'><strong>vergens,</strong></span> <span class='ocrx_word' id='word_1_233' title='bbox 883 3923 948 3988; x_wconf 89' lang='lat' dir='ltr'><strong>per</strong></span> <span class='ocrx_word' id='word_1_234' title='bbox 974 3906 1147 3989; x_wconf 81' lang='lat' dir='ltr'><strong>pretium</strong></span> <span class='ocrx_word' id='word_1_235' title='bbox 1168 3911 1267 3991; x_wconf 78' lang='lat' dir='ltr'><strong>(pra-</strong></span> 
     </span>
     <span class='ocr_line' id='line_1_35' title="bbox 212 4010 1267 4108; baseline 0.003 -36"><span class='ocrx_word' id='word_1_236' title='bbox 212 4010 328 4086; x_wconf 86' lang='lat' dir='ltr'><strong>tium).</strong></span> <span class='ocrx_word' id='word_1_237' title='bbox 372 4011 471 4108; x_wconf 82' lang='lat' dir='ltr'><strong>Quam</strong></span> <span class='ocrx_word' id='word_1_238' title='bbox 504 4030 585 4094; x_wconf 79' lang='lat' dir='ltr'><strong>sape</strong></span> <span class='ocrx_word' id='word_1_239' title='bbox 618 4011 786 4092; x_wconf 90' lang='lat' dir='ltr'><strong>pretium</strong></span> <span class='ocrx_word' id='word_1_240' title='bbox 824 4014 856 4076; x_wconf 85' lang='lat' dir='ltr'><strong>et</strong></span> <span class='ocrx_word' id='word_1_241' title='bbox 888 4012 1082 4095; x_wconf 78' lang='lat' dir='ltr'><strong>praemium</strong></span> <span class='ocrx_word' id='word_1_242' title='bbox 1115 4011 1267 4078; x_wconf 88' lang='lat' dir='ltr'><strong>scribendo</strong></span> 
     </span>
    </p>
   </div>
   <div class='ocr_carea' id='block_1_3' title="bbox 0 0 1328 5084">
    <p class='ocr_par' dir='ltr' id='par_1_6' title="bbox 0 0 1328 5084">
     <span class='ocr_line' id='line_1_36' title="bbox 0 0 1328 5084; baseline 0 0"><span class='ocrx_word' id='word_1_243' title='bbox 0 0 1328 5084; x_wconf 95' lang='lat' dir='ltr'><strong> </strong></span> 
     </span>
    </p>
   </div>
  </div>
 </body>
</html>
