<?xml version="1.0" encoding="UTF-8"?>
<!DOCTYPE html PUBLIC "-//W3C//DTD XHTML 1.0 Transitional//EN"
    "http://www.w3.org/TR/xhtml1/DTD/xhtml1-transitional.dtd">
<html xmlns="http://www.w3.org/1999/xhtml" xml:lang="en" lang="en">
 <head>
  <title>
</title>
<meta http-equiv="Content-Type" content="text/html;charset=utf-8" />
  <meta name='ocr-system' content='tesseract 3.04.00' />
  <meta name='ocr-capabilities' content='ocr_page ocr_carea ocr_par ocr_line ocrx_word'/>
</head>
<body>
  <div class='ocr_page' id='page_1' title='image "./ioniemadvigiiad00madvgoog_0389.png"; bbox 0 0 2662 5062; ppageno 0'>
   <div class='ocr_carea' id='block_1_1' title="bbox 187 293 829 364">
    <p class='ocr_par' dir='ltr' id='par_1_1' title="bbox 187 293 829 364">
     <span class='ocr_line' id='line_1_1' title="bbox 187 293 829 364; baseline -0.005 -12"><span class='ocrx_word' id='word_1_1' title='bbox 187 298 249 362; x_wconf 67' lang='lat'>338</span> <span class='ocrx_word' id='word_1_2' title='bbox 530 295 590 352; x_wconf 80' lang='lat' dir='ltr'>uir.</span> <span class='ocrx_word' id='word_1_3' title='bbox 610 295 689 352; x_wconf 86' lang='lat' dir='ltr'>vm.</span> <span class='ocrx_word' id='word_1_4' title='bbox 707 293 774 364; x_wconf 78' lang='lat' dir='ltr'>Cap.</span> <span class='ocrx_word' id='word_1_5' title='bbox 790 294 829 350; x_wconf 89' lang='lat' dir='ltr'>ll.</span> 
     </span>
    </p>
   </div>
   <div class='ocr_carea' id='block_1_2' title="bbox 65 488 1330 3317">
    <p class='ocr_par' dir='ltr' id='par_1_2' title="bbox 135 488 1330 1103">
     <span class='ocr_line' id='line_1_2' title="bbox 144 488 1323 582; baseline -0.008 -17"><span class='ocrx_word' id='word_1_6' title='bbox 144 518 206 567; x_wconf 91' lang='lat' dir='ltr'>nou</span> <span class='ocrx_word' id='word_1_7' title='bbox 230 516 305 582; x_wconf 91' lang='lat' dir='ltr'>opus</span> <span class='ocrx_word' id='word_1_8' title='bbox 331 496 381 569; x_wconf 81' lang='lat' dir='ltr'>sil,</span> <span class='ocrx_word' id='word_1_9' title='bbox 412 494 585 560; x_wconf 75' lang='lat' dir='ltr'>adscribam</span> <span class='ocrx_word' id='word_1_10' title='bbox 608 497 714 558; x_wconf 88' lang='lat' dir='ltr'>tamen</span> <span class='ocrx_word' id='word_1_11' title='bbox 735 491 870 557; x_wconf 81' lang='lat' dir='ltr'><strong>similem</strong></span> <span class='ocrx_word' id='word_1_12' title='bbox 892 489 996 556; x_wconf 80' lang='lat' dir='ltr'>Ovidii</span> <span class='ocrx_word' id='word_1_13' title='bbox 1023 488 1245 557; x_wconf 65' lang='lat' dir='ltr'>seutentiuss</span> <span class='ocrx_word' id='word_1_14' title='bbox 1309 489 1323 582; x_wconf 65' lang='lat' dir='ltr'>l</span> 
     </span>
     <span class='ocr_line' id='line_1_3' title="bbox 146 582 1328 692; baseline -0.012 -21"><span class='ocrx_word' id='word_1_15' title='bbox 146 623 182 671; x_wconf 71' lang='grc' dir='ltr'>οι</span> <span class='ocrx_word' id='word_1_16' title='bbox 204 604 303 669; x_wconf 80' lang='lat' dir='ltr'>ronco</span> <span class='ocrx_word' id='word_1_17' title='bbox 324 602 366 678; x_wconf 88' lang='lat'>11,</span> <span class='ocrx_word' id='word_1_18' title='bbox 392 602 420 677; x_wconf 92' lang='lat'>1,</span> <span class='ocrx_word' id='word_1_19' title='bbox 441 597 484 677; x_wconf 71' lang='lat' dir='ltr'>ce</span> <span class='ocrx_word' id='word_1_20' title='bbox 506 599 538 663; x_wconf 76' lang='lat' dir='ltr'>ec</span> <span class='ocrx_word' id='word_1_21' title='bbox 558 597 614 662; x_wconf 83' lang='lat'>44:</span> <span class='ocrx_word' id='word_1_22' title='bbox 663 597 776 682; x_wconf 69' lang='lat' dir='ltr'>Totque</span> <span class='ocrx_word' id='word_1_23' title='bbox 806 582 968 675; x_wconf 70' lang='lat' dir='ltr'>(oms)</span> <span class='ocrx_word' id='word_1_24' title='bbox 1002 597 1105 662; x_wconf 63' lang='lat' dir='ltr'>some</span> <span class='ocrx_word' id='word_1_25' title='bbox 1125 596 1248 660; x_wconf 62' lang='lat' dir='ltr'>esser</span> <span class='ocrx_word' id='word_1_26' title='bbox 1310 587 1328 692; x_wconf 48' lang='grc' dir='ltr'>ξ’</span> 
     </span>
     <span class='ocr_line' id='line_1_4' title="bbox 146 690 1330 794; baseline -0.004 -24"><span class='ocrx_word' id='word_1_27' title='bbox 146 709 273 794; x_wconf 63' lang='lat' dir='ltr'>captivis</span> <span class='ocrx_word' id='word_1_28' title='bbox 286 704 490 770; x_wconf 69' lang='lat' dir='ltr'>additoccllis</span> <span class='ocrx_word' id='word_1_29' title='bbox 500 702 632 782; x_wconf 63' lang='lat' dir='ltr'>mecla,</span> <span class='ocrx_word' id='word_1_30' title='bbox 651 723 739 787; x_wconf 79' lang='lat' dir='ltr'>poeue</span> <span class='ocrx_word' id='word_1_31' title='bbox 752 701 848 765; x_wconf 77' lang='lat' dir='ltr'>bootes</span> <span class='ocrx_word' id='word_1_32' title='bbox 869 712 943 786; x_wconf 77' lang='lat' dir='ltr'>quot</span> <span class='ocrx_word' id='word_1_33' title='bbox 963 704 1043 767; x_wconf 76' lang='lat' dir='ltr'>sotir</span> <span class='ocrx_word' id='word_1_34' title='bbox 1065 726 1125 767; x_wconf 82' lang='lat' dir='ltr'>esse</span> <span class='ocrx_word' id='word_1_35' title='bbox 1139 690 1252 789; x_wconf 45' lang='lat' dir='ltr'>suls·</span> <span class='ocrx_word' id='word_1_36' title='bbox 1314 693 1330 754; x_wconf 54' lang='lat' dir='ltr'>l&#39;</span> 
     </span>
     <span class='ocr_line' id='line_1_5' title="bbox 135 788 1328 895; baseline -0.004 -16"><span class='ocrx_word' id='word_1_37' title='bbox 135 814 246 895; x_wconf 75' lang='lat' dir='ltr'>Quam</span> <span class='ocrx_word' id='word_1_38' title='bbox 268 810 357 877; x_wconf 87' lang='lat' dir='ltr'>facilc</span> <span class='ocrx_word' id='word_1_39' title='bbox 378 812 478 877; x_wconf 87' lang='lat' dir='ltr'>satis</span> <span class='ocrx_word' id='word_1_40' title='bbox 500 808 648 876; x_wconf 85' lang='lat' dir='ltr'>exciderit</span> <span class='ocrx_word' id='word_1_41' title='bbox 668 809 740 873; x_wconf 87' lang='lat' dir='ltr'>aute</span> <span class='ocrx_word' id='word_1_42' title='bbox 760 808 981 888; x_wconf 73' lang='lat' dir='ltr'>satellites,</span> <span class='ocrx_word' id='word_1_43' title='bbox 1009 812 1108 892; x_wconf 87' lang='lat' dir='ltr'>patet.</span> <span class='ocrx_word' id='word_1_44' title='bbox 1153 788 1256 876; x_wconf 61' lang='lat'>89⁴¹</span> <span class='ocrx_word' id='word_1_45' title='bbox 1292 852 1298 869; x_wconf 69' lang='lat'>,</span> <span class='ocrx_word' id='word_1_46' title='bbox 1325 806 1328 818; x_wconf 76' lang='grc'><strong>”</strong></span> 
     </span>
     <span class='ocr_line' id='line_1_6' title="bbox 146 912 1261 998; baseline -0.004 -14"><span class='ocrx_word' id='word_1_47' title='bbox 146 918 266 985; x_wconf 85' lang='lat' dir='ltr'>viderat</span> <span class='ocrx_word' id='word_1_48' title='bbox 286 934 393 981; x_wconf 84' lang='lat' dir='ltr'>verum</span> <span class='ocrx_word' id='word_1_49' title='bbox 414 917 477 981; x_wconf 90' lang='lat' dir='ltr'>iam</span> <span class='ocrx_word' id='word_1_50' title='bbox 499 915 620 998; x_wconf 85' lang='lat' dir='ltr'>Lipsius</span> <span class='ocrx_word' id='word_1_51' title='bbox 652 914 727 997; x_wconf 87' lang='lat' dir='ltr'>(nisi</span> <span class='ocrx_word' id='word_1_52' title='bbox 749 912 831 997; x_wconf 86' lang='lat' dir='ltr'>quod</span> <span class='ocrx_word' id='word_1_53' title='bbox 855 915 920 979; x_wconf 87' lang='lat' dir='ltr'>sat</span> <span class='ocrx_word' id='word_1_54' title='bbox 947 916 1102 998; x_wconf 73' lang='lat' dir='ltr'>scripsit),</span> <span class='ocrx_word' id='word_1_55' title='bbox 1132 913 1261 982; x_wconf 61' lang='lat' dir='ltr'>euml</span> 
     </span>
     <span class='ocr_line' id='line_1_7' title="bbox 148 1017 1266 1103; baseline -0.004 -11"><span class='ocrx_word' id='word_1_56' title='bbox 148 1025 354 1092; x_wconf 88' lang='lat' dir='ltr'>coniecturam</span> <span class='ocrx_word' id='word_1_57' title='bbox 388 1040 458 1087; x_wconf 93' lang='lat' dir='ltr'>cum</span> <span class='ocrx_word' id='word_1_58' title='bbox 492 1022 650 1088; x_wconf 75' lang='lat' dir='ltr'>Fickertus</span> <span class='ocrx_word' id='word_1_59' title='bbox 681 1037 743 1084; x_wconf 90' lang='lat' dir='ltr'>uon</span> <span class='ocrx_word' id='word_1_60' title='bbox 780 1017 1072 1103; x_wconf 79' lang='lat' dir='ltr'>commemorasset,</span> <span class='ocrx_word' id='word_1_61' title='bbox 1105 1020 1266 1088; x_wconf 62' lang='lat' dir='ltr'>itemffl</span> 
     </span>
    </p>

    <p class='ocr_par' dir='ltr' id='par_1_3' title="bbox 65 1123 1286 2371">
     <span class='ocr_line' id='line_1_8' title="bbox 65 1123 1271 1209; baseline -0.002 -14"><span class='ocrx_word' id='word_1_62' title='bbox 65 1175 68 1180; x_wconf 87' lang='lat'><em>-</em></span> <span class='ocrx_word' id='word_1_63' title='bbox 147 1127 290 1196; x_wconf 88' lang='lat' dir='ltr'>facienda</span> <span class='ocrx_word' id='word_1_64' title='bbox 309 1127 464 1192; x_wconf 88' lang='lat' dir='ltr'>mibifuit.</span> <span class='ocrx_word' id='word_1_65' title='bbox 498 1123 659 1209; x_wconf 74' lang='lat' dir='ltr'>§dquod</span> <span class='ocrx_word' id='word_1_66' title='bbox 681 1124 841 1190; x_wconf 87' lang='lat' dir='ltr'>scribitur:</span> <span class='ocrx_word' id='word_1_67' title='bbox 866 1127 905 1190; x_wconf 87' lang='lat' dir='ltr'>et</span> <span class='ocrx_word' id='word_1_68' title='bbox 926 1127 965 1190; x_wconf 88' lang='lat' dir='ltr'>iu</span> <span class='ocrx_word' id='word_1_69' title='bbox 988 1126 1201 1192; x_wconf 88' lang='lat' dir='ltr'>florentia</span> <span class='ocrx_word' id='word_1_70' title='bbox 1250 1123 1271 1170; x_wconf 63' lang='lat'><strong>⁴</strong></span> 
     </span>
     <span class='ocr_line' id='line_1_9' title="bbox 147 1229 1275 1316; baseline -0.004 -14"><span class='ocrx_word' id='word_1_71' title='bbox 147 1237 263 1302; x_wconf 85' lang='lat' dir='ltr'>beata</span> <span class='ocrx_word' id='word_1_72' title='bbox 284 1238 373 1316; x_wconf 80' lang='lat' dir='ltr'>(rep.)</span> <span class='ocrx_word' id='word_1_73' title='bbox 394 1232 610 1315; x_wconf 89' lang='lat' dir='ltr'>pecuniam,</span> <span class='ocrx_word' id='word_1_74' title='bbox 646 1229 848 1306; x_wconf 82' lang='lat' dir='ltr'>iuvidiam,</span> <span class='ocrx_word' id='word_1_75' title='bbox 880 1230 991 1296; x_wconf 91' lang='lat' dir='ltr'>mille</span> <span class='ocrx_word' id='word_1_76' title='bbox 1014 1232 1095 1298; x_wconf 91' lang='lat' dir='ltr'>alia</span> <span class='ocrx_word' id='word_1_77' title='bbox 1116 1233 1227 1298; x_wconf 71' lang='lat' dir='ltr'>ine(</span> <span class='ocrx_word' id='word_1_78' title='bbox 1263 1245 1275 1259; x_wconf 90' lang='lat'><strong>·</strong></span> 
     </span>
     <span class='ocr_line' id='line_1_10' title="bbox 148 1327 1278 1421; baseline -0.006 -16"><span class='ocrx_word' id='word_1_79' title='bbox 148 1341 224 1406; x_wconf 90' lang='lat' dir='ltr'>mia</span> <span class='ocrx_word' id='word_1_80' title='bbox 253 1338 353 1405; x_wconf 84' lang='lat' dir='ltr'>vitia</span> <span class='ocrx_word' id='word_1_81' title='bbox 381 1355 564 1421; x_wconf 85' lang='lat' dir='ltr'>regnare,</span> <span class='ocrx_word' id='word_1_82' title='bbox 594 1336 677 1401; x_wconf 88' lang='lat' dir='ltr'>recte</span> <span class='ocrx_word' id='word_1_83' title='bbox 712 1335 881 1401; x_wconf 80' lang='lat' dir='ltr'>Pinetanus</span> <span class='ocrx_word' id='word_1_84' title='bbox 917 1336 1033 1420; x_wconf 88' lang='lat' dir='ltr'>aliique</span> <span class='ocrx_word' id='word_1_85' title='bbox 1066 1327 1278 1403; x_wconf 57' lang='lat' dir='ltr'>viderunt.</span> 
     </span>
     <span class='ocr_line' id='line_1_11' title="bbox 148 1441 1279 1530; baseline -0.002 -20"><span class='ocrx_word' id='word_1_86' title='bbox 148 1444 346 1530; x_wconf 89' lang='lat' dir='ltr'>pecuniam</span> <span class='ocrx_word' id='word_1_87' title='bbox 380 1460 441 1506; x_wconf 91' lang='lat' dir='ltr'>uon</span> <span class='ocrx_word' id='word_1_88' title='bbox 474 1460 541 1506; x_wconf 86' lang='lat' dir='ltr'>esse</span> <span class='ocrx_word' id='word_1_89' title='bbox 570 1441 680 1507; x_wconf 87' lang='lat' dir='ltr'>vitium</span> <span class='ocrx_word' id='word_1_90' title='bbox 711 1460 768 1507; x_wconf 92' lang='lat' dir='ltr'>uec</span> <span class='ocrx_word' id='word_1_91' title='bbox 795 1459 887 1523; x_wconf 87' lang='lat' dir='ltr'>posse</span> <span class='ocrx_word' id='word_1_92' title='bbox 909 1460 982 1507; x_wconf 90' lang='lat' dir='ltr'>cum</span> <span class='ocrx_word' id='word_1_93' title='bbox 1003 1443 1125 1509; x_wconf 79' lang='lat' dir='ltr'>inuidia</span> <span class='ocrx_word' id='word_1_94' title='bbox 1147 1463 1215 1510; x_wconf 77' lang='lat' dir='ltr'>cor</span> <span class='ocrx_word' id='word_1_95' title='bbox 1238 1457 1279 1476; x_wconf 62' lang='lat'>⁴·</span> 
     </span>
     <span class='ocr_line' id='line_1_12' title="bbox 148 1545 1282 1633; baseline -0.002 -17"><span class='ocrx_word' id='word_1_96' title='bbox 148 1548 243 1633; x_wconf 80' lang='lat' dir='ltr'>iungi.</span> <span class='ocrx_word' id='word_1_97' title='bbox 274 1546 476 1613; x_wconf 89' lang='lat' dir='ltr'>Scribeudum</span> <span class='ocrx_word' id='word_1_98' title='bbox 487 1545 1282 1631; x_wconf 54' lang='lat' dir='ltr'>videturcalumrria,cuiusvcciodureprimffll</span> 
     </span>
     <span class='ocr_line' id='line_1_13' title="bbox 148 1652 1282 1737; baseline -0.003 -15"><span class='ocrx_word' id='word_1_99' title='bbox 148 1656 259 1721; x_wconf 76' lang='lat' dir='ltr'>littere</span> <span class='ocrx_word' id='word_1_100' title='bbox 280 1656 349 1737; x_wconf 89' lang='lat' dir='ltr'>post</span> <span class='ocrx_word' id='word_1_101' title='bbox 383 1654 422 1719; x_wconf 88' lang='lat' dir='ltr'>ta</span> <span class='ocrx_word' id='word_1_102' title='bbox 444 1652 582 1718; x_wconf 84' lang='lat' dir='ltr'>excidere</span> <span class='ocrx_word' id='word_1_103' title='bbox 604 1653 778 1736; x_wconf 87' lang='lat' dir='ltr'>potueruut,</span> <span class='ocrx_word' id='word_1_104' title='bbox 811 1653 868 1718; x_wconf 91' lang='lat' dir='ltr'>sed</span> <span class='ocrx_word' id='word_1_105' title='bbox 888 1655 1039 1736; x_wconf 77' lang='lat' dir='ltr'>praeterea</span> <span class='ocrx_word' id='word_1_106' title='bbox 1064 1654 1282 1719; x_wconf 54' lang='lat' dir='ltr'>iberti*</span> 
     </span>
     <span class='ocr_line' id='line_1_14' title="bbox 149 1757 1282 1844; baseline -0.005 -19"><span class='ocrx_word' id='word_1_107' title='bbox 149 1780 217 1844; x_wconf 78' lang='lat' dir='ltr'>quse</span> <span class='ocrx_word' id='word_1_108' title='bbox 240 1758 391 1825; x_wconf 90' lang='lat' dir='ltr'>correctio</span> <span class='ocrx_word' id='word_1_109' title='bbox 409 1759 440 1823; x_wconf 90' lang='lat' dir='ltr'>in</span> <span class='ocrx_word' id='word_1_110' title='bbox 463 1759 603 1843; x_wconf 85' lang='lat' dir='ltr'>margine</span> <span class='ocrx_word' id='word_1_111' title='bbox 628 1757 741 1824; x_wconf 88' lang='lat' dir='ltr'>codicis</span> <span class='ocrx_word' id='word_1_112' title='bbox 765 1759 972 1824; x_wconf 76' lang='lat' dir='ltr'>receudssimi</span> <span class='ocrx_word' id='word_1_113' title='bbox 986 1763 1139 1826; x_wconf 88' lang='lat' dir='ltr'>annotata</span> <span class='ocrx_word' id='word_1_114' title='bbox 1160 1762 1244 1826; x_wconf 56' lang='lat' dir='ltr'>seb</span> <span class='ocrx_word' id='word_1_115' title='bbox 1276 1766 1282 1819; x_wconf 77' lang='lat'>3</span> 
     </span>
     <span class='ocr_line' id='line_1_15' title="bbox 149 1864 1281 1947; baseline 0.002 -18"><span class='ocrx_word' id='word_1_116' title='bbox 149 1883 222 1929; x_wconf 85' lang='lat' dir='ltr'>nam</span> <span class='ocrx_word' id='word_1_117' title='bbox 245 1881 343 1946; x_wconf 87' lang='lat' dir='ltr'>reque</span> <span class='ocrx_word' id='word_1_118' title='bbox 366 1867 486 1930; x_wconf 88' lang='lat' dir='ltr'>armata</span> <span class='ocrx_word' id='word_1_119' title='bbox 506 1882 607 1947; x_wconf 86' lang='lat' dir='ltr'>usque</span> <span class='ocrx_word' id='word_1_120' title='bbox 628 1864 761 1929; x_wconf 88' lang='lat' dir='ltr'>inermia</span> <span class='ocrx_word' id='word_1_121' title='bbox 781 1864 857 1930; x_wconf 81' lang='lat' dir='ltr'>vitia</span> <span class='ocrx_word' id='word_1_122' title='bbox 877 1867 961 1930; x_wconf 90' lang='lat' dir='ltr'>recte</span> <span class='ocrx_word' id='word_1_123' title='bbox 983 1864 1046 1929; x_wconf 87' lang='lat' dir='ltr'>dici</span> <span class='ocrx_word' id='word_1_124' title='bbox 1065 1865 1281 1931; x_wconf 51' lang='lat' dir='ltr'>ridentur&lt;</span> 
     </span>
     <span class='ocr_line' id='line_1_16' title="bbox 149 1968 1284 2054; baseline 0.003 -21"><span class='ocrx_word' id='word_1_125' title='bbox 149 1969 196 2033; x_wconf 88' lang='lat' dir='ltr'>De</span> <span class='ocrx_word' id='word_1_126' title='bbox 217 1968 235 2051; x_wconf 61' lang='grc' dir='ltr'>ᾗ</span> <span class='ocrx_word' id='word_1_127' title='bbox 258 1969 277 2031; x_wconf 83' lang='grc'>5</span> <span class='ocrx_word' id='word_1_128' title='bbox 299 1975 424 2053; x_wconf 84' lang='lat' dir='ltr'>(quam</span> <span class='ocrx_word' id='word_1_129' title='bbox 456 1988 614 2054; x_wconf 87' lang='lat' dir='ltr'>requam</span> <span class='ocrx_word' id='word_1_130' title='bbox 641 1970 786 2048; x_wconf 81' lang='lat' dir='ltr'>uiuere)</span> <span class='ocrx_word' id='word_1_131' title='bbox 808 1971 870 2036; x_wconf 85' lang='lat' dir='ltr'>dixi</span> <span class='ocrx_word' id='word_1_132' title='bbox 892 1971 951 2037; x_wconf 85' lang='lat' dir='ltr'>vol.</span> <span class='ocrx_word' id='word_1_133' title='bbox 975 1971 990 2035; x_wconf 91' lang='lat' dir='ltr'><strong>I</strong></span> <span class='ocrx_word' id='word_1_134' title='bbox 1012 1990 1045 2053; x_wconf 86' lang='lat' dir='ltr'>p.</span> <span class='ocrx_word' id='word_1_135' title='bbox 1067 1970 1112 2033; x_wconf 81' lang='lat'>44</span> <span class='ocrx_word' id='word_1_136' title='bbox 1134 1970 1284 2037; x_wconf 50' lang='lat' dir='ltr'>ride)</span> 
     </span>
     <span class='ocr_line' id='line_1_17' title="bbox 150 2061 1286 2161; baseline 0.003 -20"><span class='ocrx_word' id='word_1_137' title='bbox 150 2092 244 2158; x_wconf 89' lang='lat' dir='ltr'>orque</span> <span class='ocrx_word' id='word_1_138' title='bbox 265 2074 342 2140; x_wconf 92' lang='lat' dir='ltr'>mihi</span> <span class='ocrx_word' id='word_1_139' title='bbox 363 2075 483 2142; x_wconf 83' lang='lat' dir='ltr'>felicior</span> <span class='ocrx_word' id='word_1_140' title='bbox 504 2076 599 2143; x_wconf 85' lang='lat' dir='ltr'>fuisse</span> <span class='ocrx_word' id='word_1_141' title='bbox 623 2094 716 2160; x_wconf 84' lang='lat' dir='ltr'>quam</span> <span class='ocrx_word' id='word_1_142' title='bbox 739 2076 893 2161; x_wconf 88' lang='lat' dir='ltr'>Hauptius</span> <span class='ocrx_word' id='word_1_143' title='bbox 915 2078 945 2159; x_wconf 92' lang='grc' dir='ltr'>(Ι</span> <span class='ocrx_word' id='word_1_144' title='bbox 965 2096 994 2159; x_wconf 95' lang='lat' dir='ltr'>p.</span> <span class='ocrx_word' id='word_1_145' title='bbox 1016 2076 1069 2154; x_wconf 85' lang='lat'>6);</span> <span class='ocrx_word' id='word_1_146' title='bbox 1102 2095 1206 2143; x_wconf 91' lang='lat' dir='ltr'>uecu</span> <span class='ocrx_word' id='word_1_147' title='bbox 1251 2061 1286 2124; x_wconf 68' lang='lat' dir='ltr'>‘l</span> 
     </span>
     <span class='ocr_line' id='line_1_18' title="bbox 150 2181 1286 2266; baseline 0.004 -20"><span class='ocrx_word' id='word_1_148' title='bbox 150 2181 299 2264; x_wconf 88' lang='lat' dir='ltr'>opinor,</span> <span class='ocrx_word' id='word_1_149' title='bbox 345 2181 426 2266; x_wconf 88' lang='lat' dir='ltr'>quod</span> <span class='ocrx_word' id='word_1_150' title='bbox 458 2200 528 2247; x_wconf 90' lang='lat' dir='ltr'>cum</span> <span class='ocrx_word' id='word_1_151' title='bbox 563 2183 679 2249; x_wconf 87' lang='lat' dir='ltr'>irouica</span> <span class='ocrx_word' id='word_1_152' title='bbox 710 2182 842 2265; x_wconf 86' lang='lat' dir='ltr'>quadam</span> <span class='ocrx_word' id='word_1_153' title='bbox 883 2182 1061 2248; x_wconf 76' lang='lat' dir='ltr'>urbanitate</span> <span class='ocrx_word' id='word_1_154' title='bbox 1099 2183 1286 2250; x_wconf 61' lang='lat' dir='ltr'>dicituffs</span> 
     </span>
     <span class='ocr_line' id='line_1_19' title="bbox 151 2285 934 2371; baseline 0 -20"><span class='ocrx_word' id='word_1_155' title='bbox 151 2285 242 2353; x_wconf 90' lang='lat' dir='ltr'>credo</span> <span class='ocrx_word' id='word_1_156' title='bbox 264 2305 341 2363; x_wconf 91' lang='lat' dir='ltr'>esse,</span> <span class='ocrx_word' id='word_1_157' title='bbox 365 2306 419 2353; x_wconf 90' lang='lat' dir='ltr'>cur</span> <span class='ocrx_word' id='word_1_158' title='bbox 438 2306 459 2352; x_wconf 92' lang='lat' dir='ltr'>a</span> <span class='ocrx_word' id='word_1_159' title='bbox 479 2287 686 2370; x_wconf 85' lang='lat' dir='ltr'>superioribus</span> <span class='ocrx_word' id='word_1_160' title='bbox 708 2287 900 2371; x_wconf 70' lang='lat' dir='ltr'>obiurgatus</span> <span class='ocrx_word' id='word_1_161' title='bbox 910 2288 934 2364; x_wconf 84' lang='lat'>¹)</span> 
     </span>
    </p>

    <p class='ocr_par' dir='ltr' id='par_1_4' title="bbox 250 2391 1286 2476">
     <span class='ocr_line' id='line_1_20' title="bbox 250 2391 1286 2476; baseline 0.005 -20"><span class='ocrx_word' id='word_1_162' title='bbox 250 2391 317 2458; x_wconf 89' lang='lat' dir='ltr'>lbd.</span> <span class='ocrx_word' id='word_1_163' title='bbox 351 2392 473 2458; x_wconf 84' lang='lat' dir='ltr'>initium</span> <span class='ocrx_word' id='word_1_164' title='bbox 509 2394 619 2476; x_wconf 88' lang='lat' dir='ltr'>capitis</span> <span class='ocrx_word' id='word_1_165' title='bbox 652 2393 672 2456; x_wconf 88' lang='grc'>9</span> <span class='ocrx_word' id='word_1_166' title='bbox 709 2394 823 2460; x_wconf 87' lang='lat' dir='ltr'>frustra</span> <span class='ocrx_word' id='word_1_167' title='bbox 855 2393 1038 2459; x_wconf 87' lang='lat' dir='ltr'>coniecturis</span> <span class='ocrx_word' id='word_1_168' title='bbox 1070 2397 1286 2463; x_wconf 57' lang='lat' dir='ltr'>tentato?-</span> 
     </span>
    </p>

    <p class='ocr_par' dir='ltr' id='par_1_5' title="bbox 149 2481 1322 3317">
     <span class='ocr_line' id='line_1_21' title="bbox 151 2481 1285 2583; baseline 0.006 -20"><span class='ocrx_word' id='word_1_169' title='bbox 151 2497 224 2564; x_wconf 81' lang='lat' dir='ltr'>Siue</span> <span class='ocrx_word' id='word_1_170' title='bbox 258 2499 444 2582; x_wconf 89' lang='lat' dir='ltr'>parsimonia</span> <span class='ocrx_word' id='word_1_171' title='bbox 478 2518 534 2565; x_wconf 88' lang='lat' dir='ltr'>nec</span> <span class='ocrx_word' id='word_1_172' title='bbox 568 2499 639 2564; x_wconf 86' lang='lat' dir='ltr'>ullse</span> <span class='ocrx_word' id='word_1_173' title='bbox 671 2514 745 2583; x_wconf 79' lang='lat' dir='ltr'>apes</span> <span class='ocrx_word' id='word_1_174' title='bbox 782 2500 925 2566; x_wconf 88' lang='lat' dir='ltr'>sufficere</span> <span class='ocrx_word' id='word_1_175' title='bbox 958 2498 1143 2578; x_wconf 63' lang='lat' dir='ltr'>uouncur„</span> <span class='ocrx_word' id='word_1_176' title='bbox 1172 2481 1285 2570; x_wconf 56' lang='lat' dir='ltr'>sed</span> 
     </span>
     <span class='ocr_line' id='line_1_22' title="bbox 150 2604 1282 2689; baseline 0.004 -19"><span class='ocrx_word' id='word_1_177' title='bbox 150 2622 273 2687; x_wconf 91' lang='lat' dir='ltr'>semper</span> <span class='ocrx_word' id='word_1_178' title='bbox 296 2605 428 2670; x_wconf 87' lang='lat' dir='ltr'>maiores</span> <span class='ocrx_word' id='word_1_179' title='bbox 460 2604 638 2670; x_wconf 81' lang='lat' dir='ltr'>necessariae</span> <span class='ocrx_word' id='word_1_180' title='bbox 670 2623 738 2672; x_wconf 88' lang='lat' dir='ltr'>esse</span> <span class='ocrx_word' id='word_1_181' title='bbox 772 2606 942 2689; x_wconf 74' lang='lat' dir='ltr'>querique,</span> <span class='ocrx_word' id='word_1_182' title='bbox 974 2623 1032 2671; x_wconf 90' lang='lat' dir='ltr'>uec</span> <span class='ocrx_word' id='word_1_183' title='bbox 1066 2608 1141 2673; x_wconf 83' lang='lat' dir='ltr'>1111ae</span> <span class='ocrx_word' id='word_1_184' title='bbox 1164 2607 1282 2675; x_wconf 66' lang='grc' dir='ltr'><em>πού</em></span> 
     </span>
     <span class='ocr_line' id='line_1_23' title="bbox 150 2710 1280 2799; baseline 0.003 -22"><span class='ocrx_word' id='word_1_185' title='bbox 150 2711 227 2777; x_wconf 88' lang='lat' dir='ltr'>satis</span> <span class='ocrx_word' id='word_1_186' title='bbox 248 2714 354 2794; x_wconf 85' lang='lat' dir='ltr'>patere</span> <span class='ocrx_word' id='word_1_187' title='bbox 381 2713 427 2789; x_wconf 86' lang='lat' dir='ltr'>(et</span> <span class='ocrx_word' id='word_1_188' title='bbox 455 2728 562 2776; x_wconf 90' lang='lat' dir='ltr'>omues</span> <span class='ocrx_word' id='word_1_189' title='bbox 588 2710 803 2793; x_wconf 62' lang='lat' dir='ltr'>usurpatore,</span> <span class='ocrx_word' id='word_1_190' title='bbox 834 2717 871 2778; x_wconf 88' lang='lat' dir='ltr'>ut</span> <span class='ocrx_word' id='word_1_191' title='bbox 903 2711 984 2777; x_wconf 87' lang='lat' dir='ltr'>orire</span> <span class='ocrx_word' id='word_1_192' title='bbox 1013 2711 1280 2799; x_wconf 60' lang='lat' dir='ltr'>dissiparlque</span> 
     </span>
     <span class='ocr_line' id='line_1_24' title="bbox 150 2815 1278 2905; baseline 0.005 -23"><span class='ocrx_word' id='word_1_193' title='bbox 150 2817 205 2882; x_wconf 89' lang='lat' dir='ltr'>aut</span> <span class='ocrx_word' id='word_1_194' title='bbox 225 2815 292 2899; x_wconf 89' lang='lat' dir='ltr'>rapi</span> <span class='ocrx_word' id='word_1_195' title='bbox 324 2815 364 2881; x_wconf 94' lang='lat' dir='ltr'>ab</span> <span class='ocrx_word' id='word_1_196' title='bbox 385 2817 454 2883; x_wconf 81' lang='lat' dir='ltr'>aliir</span> <span class='ocrx_word' id='word_1_197' title='bbox 476 2816 617 2900; x_wconf 83' lang='lat' dir='ltr'>possint).</span> <span class='ocrx_word' id='word_1_198' title='bbox 664 2815 724 2881; x_wconf 86' lang='lat' dir='ltr'>Sed</span> <span class='ocrx_word' id='word_1_199' title='bbox 744 2817 777 2880; x_wconf 89' lang='lat' dir='ltr'>iu</span> <span class='ocrx_word' id='word_1_200' title='bbox 799 2817 817 2900; x_wconf 61' lang='grc' dir='ltr'>ᾗ</span> <span class='ocrx_word' id='word_1_201' title='bbox 841 2817 1038 2884; x_wconf 73' lang='lat' dir='ltr'>fmuuifesti</span> <span class='ocrx_word' id='word_1_202' title='bbox 1062 2821 1097 2884; x_wconf 89' lang='lat' dir='ltr'>et</span> <span class='ocrx_word' id='word_1_203' title='bbox 1117 2820 1278 2905; x_wconf 57' lang='lat' dir='ltr'>gravi?</span> 
     </span>
     <span class='ocr_line' id='line_1_25' title="bbox 149 2906 1268 3005; baseline -0.001 -18"><span class='ocrx_word' id='word_1_204' title='bbox 149 2906 255 2988; x_wconf 81' lang='lat' dir='ltr'>mendi</span> <span class='ocrx_word' id='word_1_205' title='bbox 306 2939 412 2988; x_wconf 90' lang='lat' dir='ltr'>eorum</span> <span class='ocrx_word' id='word_1_206' title='bbox 456 2922 633 2996; x_wconf 81' lang='lat' dir='ltr'>verborum,</span> <span class='ocrx_word' id='word_1_207' title='bbox 676 2941 744 3005; x_wconf 85' lang='lat' dir='ltr'>quae</span> <span class='ocrx_word' id='word_1_208' title='bbox 790 2924 835 2989; x_wconf 88' lang='lat' dir='ltr'>sic</span> <span class='ocrx_word' id='word_1_209' title='bbox 875 2924 908 2988; x_wconf 90' lang='lat' dir='ltr'>iu</span> <span class='ocrx_word' id='word_1_210' title='bbox 950 2924 980 2988; x_wconf 81' lang='lat' dir='ltr'>A</span> <span class='ocrx_word' id='word_1_211' title='bbox 1022 2923 1204 2992; x_wconf 87' lang='lat' dir='ltr'>scribuntur</span> <span class='ocrx_word' id='word_1_212' title='bbox 1217 2934 1268 2986; x_wconf 67' lang='grc' dir='ltr'><strong><em>ς</em></strong></span> 
     </span>
     <span class='ocr_line' id='line_1_26' title="bbox 149 3027 1258 3120; baseline 0.002 -27"><span class='ocrx_word' id='word_1_213' title='bbox 149 3027 351 3095; x_wconf 90' lang='lat' dir='ltr'>Discamus</span> <span class='ocrx_word' id='word_1_214' title='bbox 379 3074 446 3094; x_wconf 87' lang='lat'>...</span> <span class='ocrx_word' id='word_1_215' title='bbox 476 3027 743 3120; x_wconf 83' lang='lat' dir='ltr'>frugalitatem</span> <span class='ocrx_word' id='word_1_216' title='bbox 767 3029 891 3095; x_wconf 90' lang='lat' dir='ltr'>colere</span> <span class='ocrx_word' id='word_1_217' title='bbox 912 3028 1069 3094; x_wconf 87' lang='lat' dir='ltr'>etiamsi</span> <span class='ocrx_word' id='word_1_218' title='bbox 1093 3030 1258 3095; x_wconf 57' lang='lat' dir='ltr'>mulov</span> 
     </span>
     <span class='ocr_line' id='line_1_27' title="bbox 149 3133 1241 3220; baseline 0.001 -20"><span class='ocrx_word' id='word_1_219' title='bbox 149 3134 310 3220; x_wconf 90' lang='lat' dir='ltr'>pudebit</span> <span class='ocrx_word' id='word_1_220' title='bbox 332 3134 368 3198; x_wconf 91' lang='lat' dir='ltr'>ei</span> <span class='ocrx_word' id='word_1_221' title='bbox 390 3133 477 3217; x_wconf 88' lang='lat' dir='ltr'>plus</span> <span class='ocrx_word' id='word_1_222' title='bbox 499 3139 695 3211; x_wconf 89' lang='lat' dir='ltr'>(mauussec.</span> <span class='ocrx_word' id='word_1_223' title='bbox 710 3153 803 3218; x_wconf 90' lang='lat' dir='ltr'>supra</span> <span class='ocrx_word' id='word_1_224' title='bbox 826 3153 865 3201; x_wconf 91' lang='lat' dir='ltr'>os</span> <span class='ocrx_word' id='word_1_225' title='bbox 886 3134 1011 3217; x_wconf 87' lang='lat' dir='ltr'>scripsit</span> <span class='ocrx_word' id='word_1_226' title='bbox 1031 3135 1064 3211; x_wconf 91' lang='lat' dir='ltr'>b,</span> <span class='ocrx_word' id='word_1_227' title='bbox 1085 3134 1172 3202; x_wconf 91' lang='lat' dir='ltr'>uude</span> <span class='ocrx_word' id='word_1_228' title='bbox 1196 3136 1241 3201; x_wconf 61' lang='grc' dir='ltr'>Β</span> 
     </span>
     <span class='ocr_line' id='line_1_28' title="bbox 149 3224 1322 3317; baseline -0.003 -8"><span class='ocrx_word' id='word_1_229' title='bbox 149 3244 182 3309; x_wconf 90' lang='lat' dir='ltr'>et</span> <span class='ocrx_word' id='word_1_230' title='bbox 202 3241 269 3307; x_wconf 86' lang='lat' dir='ltr'>Pal.</span> <span class='ocrx_word' id='word_1_231' title='bbox 291 3240 312 3302; x_wconf 83' lang='lat'>4</span> <span class='ocrx_word' id='word_1_232' title='bbox 333 3239 448 3305; x_wconf 91' lang='lat' dir='ltr'>simul</span> <span class='ocrx_word' id='word_1_233' title='bbox 475 3239 566 3317; x_wconf 78' lang='lat' dir='ltr'>host,</span> <span class='ocrx_word' id='word_1_234' title='bbox 601 3239 671 3305; x_wconf 90' lang='lat' dir='ltr'>ideo</span> <span class='ocrx_word' id='word_1_235' title='bbox 698 3239 854 3305; x_wconf 81' lang='lat' dir='ltr'>difficilius</span> <span class='ocrx_word' id='word_1_236' title='bbox 883 3241 932 3305; x_wconf 91' lang='lat' dir='ltr'>est</span> <span class='ocrx_word' id='word_1_237' title='bbox 955 3240 1072 3305; x_wconf 89' lang='lat' dir='ltr'>certam</span> <span class='ocrx_word' id='word_1_238' title='bbox 1097 3257 1237 3307; x_wconf 49' lang='lat' dir='ltr'>correct</span> <span class='ocrx_word' id='word_1_239' title='bbox 1318 3224 1322 3231; x_wconf 45' lang='lat'>⁵</span> 
     </span>
    </p>
   </div>
   <div class='ocr_carea' id='block_1_3' title="bbox 169 3460 1314 4181">
    <p class='ocr_par' dir='ltr' id='par_1_6' title="bbox 169 3460 1314 4181">
     <span class='ocr_line' id='line_1_29' title="bbox 169 3462 1239 3525; baseline 0 -10"><span class='ocrx_word' id='word_1_240' title='bbox 169 3463 178 3496; x_wconf 87' lang='lat'><strong>¹</strong></span> <span class='ocrx_word' id='word_1_241' title='bbox 276 3505 283 3519; x_wconf 86' lang='lat'><strong>.</strong></span> <span class='ocrx_word' id='word_1_242' title='bbox 320 3502 327 3524; x_wconf 88' lang='lat'>,</span> <span class='ocrx_word' id='word_1_243' title='bbox 532 3462 559 3515; x_wconf 76' lang='lat' dir='ltr'>r·</span> <span class='ocrx_word' id='word_1_244' title='bbox 780 3462 787 3475; x_wconf 86' lang='lat'>&#39;</span> <span class='ocrx_word' id='word_1_245' title='bbox 818 3477 835 3515; x_wconf 81' lang='lat' dir='ltr'>v</span> <span class='ocrx_word' id='word_1_246' title='bbox 865 3503 872 3517; x_wconf 91' lang='lat'><strong>.</strong></span> <span class='ocrx_word' id='word_1_247' title='bbox 1011 3500 1018 3525; x_wconf 89' lang='lat'>‚</span> <span class='ocrx_word' id='word_1_248' title='bbox 1049 3477 1065 3515; x_wconf 95' lang='lat' dir='ltr'>o</span> <span class='ocrx_word' id='word_1_249' title='bbox 1099 3462 1106 3475; x_wconf 77' lang='lat'>⁸</span> <span class='ocrx_word' id='word_1_250' title='bbox 1212 3491 1239 3507; x_wconf 59' lang='grc' dir='ltr'>ν</span> 
     </span>
     <span class='ocr_line' id='line_1_30' title="bbox 180 3460 1314 3626; baseline 0.001 -16"><span class='ocrx_word' id='word_1_251' title='bbox 180 3463 526 3626; x_wconf 53' lang='lat' dir='ltr'>’letoldus&#39;</span> <span class='ocrx_word' id='word_1_252' title='bbox 541 3461 789 3610; x_wconf 54' lang='lat' dir='ltr'>Irltltlx</span> <span class='ocrx_word' id='word_1_253' title='bbox 812 3462 948 3610; x_wconf 60' lang='lat' dir='ltr'>,liulf</span> <span class='ocrx_word' id='word_1_254' title='bbox 968 3464 1041 3625; x_wconf 72' lang='lat'>³0⁵,</span> <span class='ocrx_word' id='word_1_255' title='bbox 1066 3460 1234 3619; x_wconf 54' lang='lat' dir='ltr'>llll</span> <span class='ocrx_word' id='word_1_256' title='bbox 1308 3521 1314 3526; x_wconf 80' lang='grc'><strong><em>’</em></strong></span> 
     </span>
     <span class='ocr_line' id='line_1_31' title="bbox 219 3640 1225 3704; baseline -0.002 0"><span class='ocrx_word' id='word_1_257' title='bbox 219 3649 355 3704; x_wconf 80' lang='lat' dir='ltr'>Moratum</span> <span class='ocrx_word' id='word_1_258' title='bbox 383 3662 474 3702; x_wconf 84' lang='lat' dir='ltr'>omues</span> <span class='ocrx_word' id='word_1_259' title='bbox 491 3649 555 3702; x_wconf 87' lang='lat' dir='ltr'>aute</span> <span class='ocrx_word' id='word_1_260' title='bbox 573 3647 728 3703; x_wconf 75' lang='lat' dir='ltr'>Fickertum</span> <span class='ocrx_word' id='word_1_261' title='bbox 757 3652 785 3704; x_wconf 89' lang='lat' dir='ltr'>et</span> <span class='ocrx_word' id='word_1_262' title='bbox 803 3640 933 3703; x_wconf 79' lang='lat' dir='ltr'>Haasium</span> <span class='ocrx_word' id='word_1_263' title='bbox 951 3647 1036 3702; x_wconf 86' lang='lat' dir='ltr'>secuti</span> <span class='ocrx_word' id='word_1_264' title='bbox 1054 3651 1136 3702; x_wconf 86' lang='lat' dir='ltr'>eraut</span> <span class='ocrx_word' id='word_1_265' title='bbox 1155 3650 1225 3703; x_wconf 83' lang='lat' dir='ltr'>scri·</span> 
     </span>
     <span class='ocr_line' id='line_1_32' title="bbox 219 3739 1222 3811; baseline -0.002 -15"><span class='ocrx_word' id='word_1_266' title='bbox 219 3741 339 3797; x_wconf 83' lang='lat' dir='ltr'>beutcm:</span> <span class='ocrx_word' id='word_1_267' title='bbox 359 3740 428 3795; x_wconf 89' lang='lat' dir='ltr'>nisi</span> <span class='ocrx_word' id='word_1_268' title='bbox 446 3743 498 3792; x_wconf 83' lang='lat' dir='ltr'>cui</span> <span class='ocrx_word' id='word_1_269' title='bbox 514 3741 549 3806; x_wconf 77' lang='lat' dir='ltr'>(A</span> <span class='ocrx_word' id='word_1_270' title='bbox 567 3739 660 3811; x_wconf 87' lang='lat' dir='ltr'>quid)</span> <span class='ocrx_word' id='word_1_271' title='bbox 680 3739 855 3796; x_wconf 82' lang='lat' dir='ltr'>facillime</span> <span class='ocrx_word' id='word_1_272' title='bbox 874 3743 990 3808; x_wconf 80' lang='lat' dir='ltr'>negat,</span> <span class='ocrx_word' id='word_1_273' title='bbox 1009 3739 1091 3797; x_wconf 84' lang='lat' dir='ltr'>sibi.</span> <span class='ocrx_word' id='word_1_274' title='bbox 1140 3740 1222 3796; x_wconf 86' lang='lat' dir='ltr'>Nihil</span> 
     </span>
     <span class='ocr_line' id='line_1_33' title="bbox 219 3831 1222 3903; baseline 0.001 -15"><span class='ocrx_word' id='word_1_275' title='bbox 219 3849 282 3889; x_wconf 86' lang='lat' dir='ltr'>saue</span> <span class='ocrx_word' id='word_1_276' title='bbox 308 3833 451 3889; x_wconf 83' lang='lat' dir='ltr'>felicitatis</span> <span class='ocrx_word' id='word_1_277' title='bbox 481 3835 539 3888; x_wconf 87' lang='lat' dir='ltr'>erat</span> <span class='ocrx_word' id='word_1_278' title='bbox 562 3832 601 3899; x_wconf 84' lang='lat' dir='ltr'>id,</span> <span class='ocrx_word' id='word_1_279' title='bbox 633 3833 703 3903; x_wconf 88' lang='lat' dir='ltr'>quod</span> <span class='ocrx_word' id='word_1_280' title='bbox 738 3833 894 3898; x_wconf 87' lang='lat' dir='ltr'>deberetur,</span> <span class='ocrx_word' id='word_1_281' title='bbox 920 3831 974 3886; x_wconf 85' lang='lat' dir='ltr'>eibi</span> <span class='ocrx_word' id='word_1_282' title='bbox 1005 3848 1105 3903; x_wconf 78' lang='lat' dir='ltr'>negare</span> <span class='ocrx_word' id='word_1_283' title='bbox 1134 3850 1222 3903; x_wconf 82' lang='lat' dir='ltr'>posse,</span> 
     </span>
     <span class='ocr_line' id='line_1_34' title="bbox 216 3922 1216 3996; baseline -0.001 -15"><span class='ocrx_word' id='word_1_284' title='bbox 216 3927 271 3981; x_wconf 88' lang='lat' dir='ltr'>nisi</span> <span class='ocrx_word' id='word_1_285' title='bbox 289 3926 415 3983; x_wconf 88' lang='lat' dir='ltr'>creditori</span> <span class='ocrx_word' id='word_1_286' title='bbox 435 3927 528 3996; x_wconf 81' lang='lat' dir='ltr'>negari</span> <span class='ocrx_word' id='word_1_287' title='bbox 547 3929 645 3996; x_wconf 86' lang='lat' dir='ltr'>posset.</span> <span class='ocrx_word' id='word_1_288' title='bbox 695 3926 734 3980; x_wconf 89' lang='lat' dir='ltr'>De</span> <span class='ocrx_word' id='word_1_289' title='bbox 758 3942 854 3996; x_wconf 77' lang='lat' dir='ltr'>genere</span> <span class='ocrx_word' id='word_1_290' title='bbox 879 3924 970 3980; x_wconf 88' lang='lat' dir='ltr'>mendi</span> <span class='ocrx_word' id='word_1_291' title='bbox 998 3922 1055 3979; x_wconf 85' lang='lat' dir='ltr'>dixi</span> <span class='ocrx_word' id='word_1_292' title='bbox 1080 3925 1134 3980; x_wconf 83' lang='lat' dir='ltr'>rol</span> <span class='ocrx_word' id='word_1_293' title='bbox 1156 3926 1216 3996; x_wconf 93' lang='lat' dir='ltr'>lp.</span> 
     </span>
     <span class='ocr_line' id='line_1_35' title="bbox 219 4016 1225 4086; baseline -0.003 -12"><span class='ocrx_word' id='word_1_294' title='bbox 219 4021 262 4074; x_wconf 80' lang='grc'>68.</span> <span class='ocrx_word' id='word_1_295' title='bbox 298 4017 353 4075; x_wconf 74' lang='lat' dir='ltr'>cfr.</span> <span class='ocrx_word' id='word_1_296' title='bbox 373 4019 416 4074; x_wconf 90' lang='lat'>111</span> <span class='ocrx_word' id='word_1_297' title='bbox 436 4019 469 4074; x_wconf 92' lang='lat' dir='ltr'>de</span> <span class='ocrx_word' id='word_1_298' title='bbox 487 4019 574 4075; x_wconf 84' lang='lat' dir='ltr'>benef.</span> <span class='ocrx_word' id='word_1_299' title='bbox 594 4020 637 4086; x_wconf 76' lang='grc'>26,</span> <span class='ocrx_word' id='word_1_300' title='bbox 667 4020 685 4074; x_wconf 81' lang='lat'><strong>2</strong></span> <span class='ocrx_word' id='word_1_301' title='bbox 709 4018 756 4073; x_wconf 91' lang='lat' dir='ltr'>ubi</span> <span class='ocrx_word' id='word_1_302' title='bbox 782 4022 854 4074; x_wconf 86' lang='lat' dir='ltr'>recte</span> <span class='ocrx_word' id='word_1_303' title='bbox 879 4017 1023 4073; x_wconf 87' lang='lat' dir='ltr'>edebatur:</span> <span class='ocrx_word' id='word_1_304' title='bbox 1047 4016 1136 4084; x_wconf 87' lang='lat' dir='ltr'>eius,</span> <span class='ocrx_word' id='word_1_305' title='bbox 1165 4018 1225 4072; x_wconf 85' lang='lat' dir='ltr'>cui</span> 
     </span>
     <span class='ocr_line' id='line_1_36' title="bbox 218 4110 432 4181; baseline 0.005 -15"><span class='ocrx_word' id='word_1_306' title='bbox 218 4110 305 4176; x_wconf 82' lang='lat' dir='ltr'>(codd.</span> <span class='ocrx_word' id='word_1_307' title='bbox 323 4110 432 4181; x_wconf 83' lang='lat' dir='ltr'>quod).</span> 
     </span>
    </p>
   </div>
   <div class='ocr_carea' id='block_1_4' title="bbox 0 0 1344 5062">
    <p class='ocr_par' dir='ltr' id='par_1_7' title="bbox 0 0 1344 5062">
     <span class='ocr_line' id='line_1_37' title="bbox 0 0 1344 5062; baseline 0 0"><span class='ocrx_word' id='word_1_308' title='bbox 0 0 1344 5062; x_wconf 95' lang='lat' dir='ltr'> </span> 
     </span>
    </p>
   </div>
  </div>
 </body>
</html>
