2662 5062
429 104 461 159 L
480 103 580 162 Smeea
597 105 632 162 ad
650 107 746 179 Polyb.
921 160 923 163 .
1019 110 1082 176 408

47 301 219 366 avunculus
253 300 320 365 nia
371 300 516 371 cetum:
557 303 751 370 aennenli
789 305 867 388 mei
901 326 946 376 ee
985 330 1119 395 nepes.

50 401 271 471 Scribendnmt
307 408 499 474 aennenli
531 409 606 475 mei
637 411 775 494 manne·
800 429 934 496 nepes.
978 415 1056 483 Cum
1079 421 1118 485 ni

56 510 121 574 ente
141 529 189 576 ne
211 512 386 591 excidisset,
421 530 458 579 ex
481 534 540 580 ma
547 533 569 599 g
598 515 749 581 remansit
776 534 827 582 ae.
872 517 951 598 Mer,
975 522 1030 588 nbi
1051 524 1118 590 edi·

57 613 115 678 ter:
165 615 316 696 Cesar,
352 621 522 702 patruus
552 637 680 697 mens,
717 622 896 710 necessarie
918 626 1116 696 scribendum

62 722 294 803 instanlia:
342 723 393 786 Ti.
417 724 566 802 Casan
589 727 729 791 senserat
748 718 933 811 id'Lipeius.

146 827 215 894 lbd.
241 827 290 903 16,
312 828 347 891 5:
392 829 606 896 Faeiamns
634 830 735 896 lieet
754 831 823 897 illi
845 833 999 916 (fortuna)
1023 855 1117 903 een·

66 929 198 997 rieinm
238 981 328 1014 ...‚
359 953 434 1000 non
469 938 602 1002 tamen
635 935 881 1016 mutabitnr3
918 939 1118 1010 adversus

67 1051 182 1103 ennae
226 1058 267 1105 se
306 1059 452 1122 praees
488 1059 705 1124 omnesque
741 1042 1021 1126 querimonias
1057 1048 1118 1128 (sie

67 1143 130 1207 ree
150 1143 318 1210 Pincianus
341 1147 525 1212 etllnretus
547 1165 601 1229 pre
623 1145 889 1223 carimonias,
911 1148 991 1230 qued
1012 1152 1114 1216 ertum

68 1249 212 1316 etaltere
234 1270 306 1334 qne
328 1252 451 1327 extrito)
478 1252 620 1335 eriget.
672 1250 740 1316 Hee
769 1270 875 1317 verum
906 1255 1008 1329 esset
1028 1255 1054 1320 si
1076 1254 1116 1322 de

69 1355 210 1420 evertenda
244 1360 277 1422 et
308 1357 463 1422 ebrnenda
484 1358 607 1422 fortuna
627 1358 788 1442 ageretnn
824 1375 905 1421 nune
935 1358 1040 1442 agitur
1072 1359 1112 1425 de

69 1452 196 1527 leenae
217 1450 359 1546 pre'eibus
382 1465 415 1528 et
435 1461 633 1546 querimoniis
656 1464 689 1526 et
709 1460 885 1526 avertenda
932 1462 1113 1528 Restituun-

71 1556 123 1627 lnm
149 1566 244 1650 igitur
271 1568 361 1634 axB
393 1569 425 1632 et
456 1567 553 1632 tribue
586 1566 655 1632 aliie
686 1565 840 1631 eedieibue
864 1565 1020 1650 exiget,
1057 1567 1115 1634 hee

71 1668 117 1742 eet,
142 1673 316 1754 penetrabit
346 1675 395 1748 et,
426 1691 484 1757 qne
513 1673 558 1738 ire
587 1671 777 1745 intenderat,
811 1673 927 1755 perget.
980 1671 1026 1738 Ut
1060 1673 1112 1742 bie

71 1771 204 1857 erigere
226 1797 285 1856 se,
319 1779 364 1845 sie
385 1797 454 1861 per
482 1777 650 1843 deleres
680 1775 879 1859 exigenda
909 1776 1053 1844 dicuntur
1073 1778 1113 1846 de
1142 1834 1144 1838 a

69 1873 107 1940 rit.
127 1880 203 1949 beat
227 1884 256 1962 7,
280 1886 308 1948 l.
1105 1902 1109 1909 ·’

143 1987 208 2053 Ibd.
234 1989 288 2065 18,
320 1990 357 2054 2:
389 1986 606 2056 nonenim
639 2004 756 2050 unum
786 1987 849 2051 est
879 1984 1001 2051 rebus
1037 1986 1112 2051 hn-

1 2099 13 2173 l
70 2093 171 2158 nanis
192 2092 314 2178 ep'ns,.
341 2095 404 2160 eni
425 2092 537 2158 nulla
565 2093 790 2174 tempestas
812 2094 968 2155 neeeat.
1012 2091 1109 2157 Serib.

1 2186 5 2223 ³
70 2196 117 2258 est
134 2218 172 2260 en
191 2200 311 2267 rebus
332 2199 518 2265 humanis
538 2214 642 2279 epus.

144 2406 328 2475 teusetae
350 2407 493 2475 Helviam
515 2408 551 2482 7,
586 2407 623 2469 7:
668 2405 725 2472 Ad
753 2405 854 2471 hane
886 2406 1113 2471 eommuta-

1 2539 5 2601 3
66 2503 193 2577 lienam
230 2514 407 2578 leeernm
444 2514 629 2580 libentes
672 2511 832 2576 nemina
876 2508 1029 2574 dabant
1070 2510 1110 2575 et

1 2612 3 2659 l
65 2612 207 2683 relictis
229 2618 312 2685 aris
333 2619 419 2686 suis
441 2621 556 2684 trans
578 2617 708 2683 maria
729 2615 983 2699 sequebatur
1005 2614 1110 2679 eele-

64 2727 116 2782 lle
147 2742 276 2790 senex.
324 2722 375 2789 Sie
404 2727 481 2791 AB
514 2724 626 2803 (aeteri
658 2723 825 2788 eelenee
858 2720 1112 2804 sequebatur

63 2834 185 2906 tener).
238 2829 314 2909 Qnis
354 2831 456 2914 (unns)
485 2851 596 2909 senex,
624 2827 741 2894 relictis
770 2827 831 2892 aris
863 2826 946 2902 anie,
987 2824 1109 2890 eelenee

62 2923 177 2999 (iuuenes
209 2952 316 3000 omnes
348 2956 405 3002 nee
439 2956 508 3004 arae
541 2935 763 3018 relinquentes)
796 2931 1005 3014 sequebatur?
1048 2927 1108 3009 Qui

61 3045 136 3115 lupar
155 3038 220 3104 haee
242 3039 427 3122 probarent,
461 3043 605 3109 ridentur
626 3040 672 3106 sie
693 3035 865 3120 aeeepisee,
898 3034 984 3118 quasi
1008 3033 1108 3117 serip-

60 3133 110 3205 tum
128 3146 225 3210 esset:
261 3148 314 3225 „et
335 3148 459 3214 eelenes
487 3148 604 3213 relictis
627 3145 688 3211 eris
710 3143 775 3208 suis
797 3139 1025 3225 proficiscentes
1058 3156 1109 3204 se·

59 3246 208 3321 luebantur
231 3255 338 3317 eraeta
358 3256 451 3319 aetate
472 3252 644 3338 parentes“.
696 3247 777 3313 Nam
800 3263 890 3311 senes
912 3245 1004 3310 multi
1027 3243 1106 3310 eele-

59 3362 144 3419 lernm
168 3355 228 3439 ipsi
250 3360 355 3433 erent;
390 3377 578 3444 quamquam
614 3373 703 3420 neme
733 3354 821 3436 pater
841 3348 941 3413 filium
963 3350 1106 3415 eelennm

58 3461 220 3537 ltqnebatur
253 3463 313 3528 nisi
334 3464 400 3547 ipse
422 3466 554 3530 eelenus.
608 3461 686 3526 Haee
709 3476 778 3523 eum
800 3471 895 3539 prava
923 3470 993 3519 ease
1015 3472 1106 3537 snpe-

58 3555 131 3630 n'eres
157 3566 291 3633 editores
323 3572 484 3648 sentirent,
517 3567 719 3651 scripserant:
749 3560 919 3634 eelenus
951 3575 1108 3643 seque·

58 3654 312 3748 belunenen,
344 3675 376 3738 in
411 3694 472 3758 qna
504 3675 655 3757 scriptura
683 3666 848 3734 manifeste
869 3662 982 3728 vitiose
1001 3662 1105 3728 obiee-

59 3763 109 3833 tum
128 3773 211 3842 deest
243 3781 275 3843 et
296 3795 401 3844 emnes
431 3780 530 3845 eeleni
564 3795 658 3847 senes
682 3774 770 3838 finnt.
825 3765 1015 3849 Elapsllenda'
1036 3785 1105 3833 em·

59 3867 114 3937 nine
133 3882 297 3949 senectutis
320 3885 435 3951 mentie
459 3882 731 3968 quarendnmqne,
754 3866 826 3960 qnid
848 3869 946 3937 eeleni
969 3872 1104 3938 Remani

732 4042 735 4049 .
848 3998 900 4049 aa*
