2648 5084
202 241 209 253 ‘
234 219 296 343 5¹94
575 227 583 248 ⁵
606 273 667 330 mo.
678 273 726 328 m
738 273 803 345 esp.
814 275 837 329 1.

192 483 390 563 enreeret,
424 474 527 540 setis
562 474 1069 550 hobendnmoeneuernnt‚
1102 481 1258 565 mereg-

195 589 325 655 oifieene
368 585 400 649 in
446 580 600 646 oodieibue
637 581 758 646 littoreo
799 580 834 644 ie
866 599 927 645 non
966 601 1057 658 eene,
1104 588 1260 670 superiore·

175 686 297 762 ¹nutem
347 688 569 775 plnoeooior
621 687 692 768 nti,
729 689 797 763 oet,
850 705 904 769 per
946 706 985 752 se
1035 690 1175 778 intelligi
1215 713 1258 776 po

192 804 275 868 teret
316 799 430 865 farrum
486 813 553 860 esre
605 812 822 877 proourore
869 792 928 858 dis
982 796 1258 878 placentino

193 907 359 972 discrimen
391 901 515 986 aliquod
544 898 710 983 signitoori
742 899 881 973 tenoris,
915 900 970 983 qni
1014 902 1084 967 Iori
1116 911 1151 971 et
1182 906 1259 970 Mart

193 1013 373 1082 hebetetur,
426 1010 458 1072 et
502 1006 586 1081 eine,
639 1005 690 1088 qni
731 1006 841 1069 ceteris
884 1003 948 1081 die;
1007 1026 1096 1076 nnnc
1140 1031 1177 1077 ex
1216 1012 1259 1077 ilto

194 1115 538 1203 placentibur'mro
560 1129 618 1195 qno
639 1110 670 1174 in
701 1110 786 1176 eodd.
821 1111 951 1177 sortemo
986 1116 1115 1198 aliquid
1151 1121 1259 1202 propin

196 1225 267 1299 init)
310 1222 468 1305 perspicue
510 1220 638 1302 apparet
678 1217 723 1281 rie
756 1217 948 1283 scribendum
987 1239 1080 1286 esse:
1129 1225 1258 1291 hostiis

195 1328 412 1394 maioribus
441 1326 526 1391 iovi
560 1326 598 1389 et
630 1323 749 1389 Marti
780 1331 1018 1407 procuraret
1051 1334 1093 1394 et
1124 1332 1260 1397 ceteris

195 1434 259 1500 die
366 1432 602 1495 lactentibus.
659 1429 697 1492 Io
717 1432 773 1494 nti
794 1440 1072 1514 procurasset,
1099 1440 1161 1503 oet
1202 1436 1261 1501 vio

194 1541 233 1606 ed
256 1540 320 1605 Liv.
344 1533 445 1615 xxm,
477 1540 502 1611 l,
527 1537 575 1601 15.
620 1537 654 1601 In
678 1538 824 1602 lemmate
845 1537 955 1619 eapitis
976 1541 1188 1608 scribendum
1208 1549 1260 1608 ert:

194 1646 321 1710 Verbo
342 1644 488 1710 veteris
509 1646 675 1708 senatos
697 1643 870 1709 consulti
897 1646 1042 1727 posita.
1076 1654 1150 1732 (pro
1185 1651 1261 1722 sita

195 1750 275 1834 quod
323 1752 496 1834 superiores
548 1748 617 1814 edd.
666 1751 878 1833 omittebant),
932 1771 1007 1834 quo
1062 1755 1259 1821 decretum

194 1861 252 1922 e-et
272 1861 331 1928 oet
377 1856 446 1942 [Sic
468 1857 567 1936 Lien]

293 1963 358 2028 lod.
382 1964 411 2039 9,
433 1963 453 2026 9
478 1982 538 2027 non
570 1961 681 2028 lacoon
712 1963 846 2027 notendo
874 1965 958 2036 erat,
975 1977 978 1984 ’
993 1983 1068 2046 quae
1106 1970 1197 2035 nullo
1215 1970 1262 2040 ert

194 2070 249 2134 eod
270 2068 409 2135 tollendo
430 2070 522 2134 verbo
543 2069 581 2133 ab
604 2069 660 2134 hoo
681 2069 758 2145 loeo,
780 2069 831 2134 ubi
855 2067 893 2133 de
914 2068 1047 2150 templis
1072 2073 1262 2159 delubrisque

196 2177 308 2259 egitur,
345 2174 534 2241 alienissime
564 2180 596 2239 et
624 2175 663 2239 ad
693 2174 929 2258 disputationem
959 2176 1044 2242 intra
1072 2182 1212 2263 ponium
1232 2182 1262 2244 tr

196 2281 372 2348 discrimine
401 2283 559 2347 verberum
593 2282 624 2345 in
658 2303 726 2344 oeus
744 2281 933 2355 ¹rodentium,
963 2299 1041 2366 ‘qnae
1072 2286 1265 2354 demoritur

198 2391 230 2452 et
251 2389 382 2472 ingeniis
404 2406 474 2452 oum
503 2387 593 2452 leude
615 2392 669 2453 eut
690 2387 911 2471 vituperatione
933 2389 1095 2466 dicuntur,
1129 2399 1263 2479 sportae

120 2484 123 2489 ’
194 2494 258 2573 tio,
293 2514 360 2578 qoae
382 2513 417 2559 ox
439 2495 636 2559 annotatione
659 2495 820 2578 marginali
852 2513 951 2559 errore
974 2495 1036 2561 huc
1067 2500 1264 2584 irrepserunt

168 2664 169 2667 ,
198 2598 279 2664 Nem
313 2602 351 2667 iio
373 2601 520 2666 detractis
548 2601 665 2683 reliquo
685 2603 800 2683 optime
831 2601 876 2665 sic
906 2601 1081 2668 oohaerent:
1130 2607 1263 2673 Setun·

65 2772 67 2775 ,
195 2706 280 2771 dum
311 2707 408 2771 hono
430 2705 567 2771 Sabini
596 2707 971 2790 interpretationem
1002 2711 1160 2793 templa
1187 2714 1262 2798 qni·

195 2812 278 2877 dem
301 2831 341 2877 ne
363 2813 540 2887 delubro,
575 2814 661 2897 quie
692 2833 765 2879 oon
788 2814 904 2898 vulgo
926 2832 970 2878 ao
992 2815 1165 2892 temere,
1201 2817 1260 2883 sed

194 2937 276 2983 cnm
319 2919 513 2986 castitate
547 2920 844 3003 oaerimoniaqne
880 2920 1076 2982 adeuntur
1119 2924 1182 3005 (nic
1217 2940 1261 3006 pro

194 3023 428 3102 adeundum,
465 3027 544 3110 quod
581 3027 612 3091 in
650 3027 735 3096 codd.
762 3030 818 3099 est,
841 3025 1053 3101 scribendum,
1091 3048 1154 3094 non
1178 3030 1259 3094 nde·

194 3129 298 3195 unde
334 3150 391 3196 neo
430 3118 675 3209 edenntium)
718 3136 755 3198 et
796 3132 1011 3199 reverende
1053 3138 1094 3199 et
1138 3134 1259 3201 refor-

192 3236 380 3308 midanda
423 3243 514 3306 eunt
559 3239 681 3322 magis
727 3259 839 3324 quom
884 3239 1144 3323 invulgnnda,
1198 3241 1258 3308 red

192 3343 276 3410 dies
318 3345 500 3429 religiosi
536 3346 653 3420 dicti,
697 3364 788 3428 quoe
825 3367 864 3411 ex
904 3348 1105 3413 contrario
1142 3367 1257 3426 cause,

192 3453 354 3533 propter
373 3452 512 3516 ominis
536 3452 756 3528 diritatem,
779 3437 1057 3536 relinquimrie.
1101 3454 1147 3519 Ex
1170 3454 1257 3520 reli·

191 3557 291 3640 gioei
313 3557 416 3622 ‹tioti
451 3557 489 3621 ad
522 3558 605 3640 prius
635 3561 809 3632 membmm
842 3560 969 3642 apparet
1004 3561 1087 3623 sumi
1121 3561 1258 3645 reliyiore

192 3662 282 3727 dicta.
327 3664 474 3729 Extrema
507 3665 615 3747 eapitis
650 3682 721 3748 pers
754 3665 798 3730 sic
830 3663 1078 3747 interpungenda
1101 3671 1163 3732 ost:
1206 3669 1256 3730 Ao

190 3771 420 3852 propterea,
458 3769 657 3852 quiaillie
692 3771 861 3855 quidem,
895 3789 974 3853 qnae
997 3771 1256 3856 supraposui,

190 3873 437 3942 adhibendus
460 3879 520 3941 est
541 3877 675 3943 modus
698 3876 854 3960 quidem
884 3878 1145 3945 necessarius
1168 3896 1256 3952 (nem

146 4039 148 4046 .
191 3983 227 4044 et
247 3981 393 4063 gratio,
430 3984 462 4047 ei
496 3983 617 4048 nimia
648 3988 762 4066 etque
791 3981 1020 4058 immodico,
1053 3990 1094 4049 et
1123 4003 1256 4057 mores,

183 4085 223 4150 ei
256 4088 397 4162 ...set
428 4088 555 4166 verbe,
592 4089 626 4154 si
663 4136 729 4166 ...,
755 4094 795 4154 et
818 4090 941 4172 ¹inme,
978 4089 1019 4155 si·
1043 4110 1189 4177 magno
1220 4095 1257 4158 et
