2662 5062
42 277 48 284 ·
165 281 309 362 ,ω
538 277 872 350 1mmmm

286 482 374 547 <lod
409 478 528 559 rest:
574 477 734 562 Aliquid
773 478 867 545 istic
908 478 977 543 tno
1009 480 1129 547 coneo
1160 478 1278 554 fucis,

206 587 356 672 aliquid
389 603 487 659 mear
518 587 600 658 tuor,
637 584 737 668 qnod
764 583 935 650 redimis.
994 572 1162 650 Addebont
1184 603 1278 669 supe·

205 693 301 761 riores
331 712 368 759 ex
398 708 460 758 nno
485 692 517 755 ct
542 690 640 756 altero
665 689 771 756 codice
805 689 1005 772 interpolato:
1045 708 1144 769 meo,
1180 690 1277 774 quod

208 797 335 881 eligis.
378 793 579 862 Scribendnm
601 795 680 861 erut:
712 798 795 868 tuo,
826 794 934 879 qnod·
953 794 1134 877 redimis,
1154 797 1276 882 [mea,

206 903 309 989 qood
339 922 394 964 me
427 898 618 983 redimis}
672 902 811 966 Acumen
838 900 886 964 est
911 899 944 964 in
975 903 1137 969 contrariis
1167 904 1276 969 redi·

206 1010 278 1075 mis
314 1007 461 1085 (infinite,
493 1006 642 1088 aliquem)
676 1008 709 1072 et
743 1023 801 1074 me
834 1005 1006 1072 redimis.
1054 1007 1117 1073 cfr.
1150 1008 1209 1090 27,
1241 1009 1275 1072 l:

207 1117 334 1199 optes,
355 1116 397 1178 nt
417 1129 484 1195 ope
505 1110 682 1195 indigeat
793 1113 921 1194 optes
945 1114 987 1178 ut
1007 1114 1075 1178 tus
1095 1113 1276 1199 indigest

206 1239 284 1304 ope.
328 1217 404 1297 (Cir.
426 1216 467 1283 nd
490 1211 545 1293 w,
567 1214 614 1284 31,
629 1214 745 1295 eron.)
1222 1303 1225 1309 Ι

307 1323 374 1391 Ibd.
404 1323 462 1397 15,
498 1320 533 1385 6:
577 1321 683 1401 Quod
719 1325 760 1387 tu
785 1308 950 1407 pretium
977 1324 1087 1406 ponis
1115 1324 1274 1389 trsiioi-

207 1432 291 1499 enti
317 1430 438 1495 morin
472 1430 512 1494 et
537 1446 605 1511 per
629 1426 776 1494 medios
803 1426 964 1506 fluctus,
1000 1447 1081 1495 cum
1114 1431 1274 1496 eterrae

208 1536 416 1620 conspectu
457 1531 641 1611 recessit,
683 1537 826 1599 certem
872 1536 1024 1600 sooouti
1064 1535 1170 1601 vium
1210 1536 1274 1602 'oet

143 1714 145 1719 .
208 1644 306 1711 Scrib.
339 1656 422 1708 oum
456 1649 558 1716 terra
590 1660 605 1702 e
632 1640 842 1719 conspectu
877 1640 1052 1718 recessit
1112 1640 1186 1723 Inoo
1223 1642 1276 1726 qui

207 1749 350 1833 naviget,
383 1764 442 1811 non
473 1744 590 1810 recedit
610 1764 626 1806 e
645 1745 811 1828 conspectu
834 1746 934 1811 terrm.
987 1747 1023 1811 In
1053 1746 1173 1821 verbis,
1206 1767 1275 1833 quer

208 1855 342 1940 proxime
363 1850 541 1937 procedunt
577 1850 634 1930 (5),
655 1867 784 1932 prorum
806 1852 855 1915 est
875 1853 933 1929 ut,
965 1851 1038 1935 quie
1059 1871 1161 1937 neque
1183 1855 1276 1920 effee-

137 1954 151 1967 ”
207 1964 259 2027 tus
304 1957 498 2044 significetur
534 1973 633 2039 neque
674 1955 842 2030 concessio,
885 1956 940 2022 sed
980 1975 1083 2025 conss.
1141 1959 1277 2025 Videtur

207 2065 319 2132 fuisse:
355 2064 584 2129 nontamen
619 2060 741 2126 ullum
773 2060 871 2127 istic
902 2065 1007 2128 tuum
1035 2081 1171 2129 munus
1197 2068 1275 2142 est,

207 2171 272 2236 ubi
301 2187 373 2236 non
402 2186 444 2234 ex
471 2185 540 2232 usu
566 2165 776 2241 effectore,
810 2168 878 2233 sed
912 2187 968 2235 ex.
989 2169 1277 2236 consuetudine

210 2277 249 2342 et
269 2291 420 2341 unnons
442 2272 657 2336 estimatur
678 2279 744 2356 (pro
764 2273 1010 2353 aestimetur),
1047 2273 1107 2340 nisi
1127 2273 1204 2341 fnit:
1237 2278 1281 2342 ut

203 2382 275 2456 ‚oti
378 2378 603 2444 estimetur.
645 2387 648 2393 ’

310 2485 375 2552 lbd.
402 2483 451 2558 16,
479 2483 514 2548 2:
547 2482 648 2549 nihil
678 2484 847 2568 emplius
874 2484 1004 2563 (modico
1030 2504 1124 2569 quom
1155 2505 1280 2552 merce·

210 2593 296 2670 dem)
319 2591 455 2669 debeo,
476 2590 565 2674 quio
586 2607 642 2654 me
665 2608 738 2656 non
760 2590 942 2674 tunquam
963 2590 1132 2657 amicum
1153 2592 1280 2670 vidit,

209 2698 494 2779 sedtunqnom
523 2694 808 2780 imperatorem.
864 2697 1007 2781 Ineptum
1039 2716 1107 2763 esse
1135 2698 1190 2778 (de
1216 2718 1279 2765 uno

212 2823 249 2871 ex
270 2801 482 2869 communibus
504 2801 612 2886 egris,
644 2820 719 2885 quos
753 2802 892 2868 medicus
913 2791 1117 2887 perambulet)
1138 2803 1280 2887 imperu-

209 2910 284 2978 toris
307 2925 417 2975 nomeu
438 2908 542 2989 plures
564 2907 723 2985 viderunt;
746 2910 854 2992 aptum
866 2926 926 2974 non
946 2909 1137 2974 inuenerunt
1177 2907 1278 2974 Grsdo

210 3015 358 3097 scriptum
399 3011 495 3079 fuisse
542 3011 796 3098 intepettotorem
830 3014 895 3098 (qui
936 3031 1061 3097 operum
1103 3012 1278 3079 invocando

207 3119 409 3204 interpellet).

307 3223 376 3291 Ibd.
400 3221 450 3298 23,
475 3225 508 3289 l:
541 3243 614 3291 non
637 3227 797 3292 externe
818 3228 957 3310 cogunt
978 3224 1081 3302 deos,
1117 3225 1187 3290 sed
1209 3245 1278 3292 suu

208 3332 292 3398 illis
322 3331 358 3395 in
379 3330 503 3413 legem
533 3333 674 3396 aeterns
701 3331 881 3397 voluntas
911 3334 979 3408 cst
1035 3332 1133 3398 Recte
1158 3331 1198 3396 -in
1227 3332 1276 3397 ed

184 3436 332 3502 ‘Erosmi
363 3437 463 3518 priore
484 3435 632 3520 seriptum
654 3441 738 3503 eret:
772 3437 809 3502 in
839 3437 920 3521 loys
941 3440 1092 3502 aeterne.
1134 3437 1275 3504 Deorum

207 3542 351 3608 noluntas
387 3541 452 3606 toto
484 3543 533 3607 est
557 3542 590 3606 in
612 3541 681 3627 lege
702 3544 817 3608 aeterno
845 3561 942 3627 euque
970 3543 1154 3608 continetur.
1211 3545 1274 3610 Vo-

207 3649 360 3714 luntatem
395 3664 464 3714 esec
494 3647 525 3710 in
554 3647 649 3731 [oyem
681 3648 881 3733 (intelligunt,
904 3649 1024 3733 opinor,
1056 3668 1123 3732 pro
1159 3650 1273 3734 lege),

206 3753 351 3819 Latinum
373 3771 434 3819 non
455 3755 512 3819 eet.
1045 3743 1046 3747 ¹

306 3858 374 3924 Ibd.
395 3858 447 3934 31,
469 3860 507 3924 5:
549 3860 698 3925 Tantos
729 3859 853 3926 mineo
883 3860 979 3926 belli
1011 3862 1051 3925 et
1077 3879 1184 3945 paene
1215 3867 1270 3930 to·

207 3964 286 4028 tius
318 3965 472 4046 generis
508 3965 664 4031 numeni
704 3968 854 4032 ruentis
894 3967 1082 4048 impetum
1113 3971 1269 4051 paucis·

208 4068 300 4133 simi
320 4069 476 4135 sistent.
520 4070 808 4139 Geminoudaednae
837 4074 961 4153 litterae,
993 4075 1029 4138 ut
1051 4073 1122 4139 fiet:
1156 4093 1267 4158 gene·
