2662 5062
229 286 292 350 446
590 273 869 346 ιιιιιιιοιμιιι,

189 481 334 548 debeat
358 482 504 554 miuus,
542 481 584 544 ut
613 472 808 543 validiori
834 468 993 536 infirma
1020 465 1263 533 succumbat

190 587 261 653 Una
280 588 385 653 litters
411 583 560 652 mutenda
581 586 644 650 eat:
676 599 722 647 uo
750 579 854 643 terra
883 573 1028 639 debeat
1053 571 1200 648 minui,
1222 570 1264 634 ut

189 694 250 758 cet
293 692 410 758 Deinde
431 691 449 775 ᾗ
471 692 490 753 'l
513 691 658 757 scribitur
676 688 710 753 iu
732 683 900 752 codicibus:
928 682 971 744 ιιι
991 695 1153 762 qunque
1174 694 1262 759 pro·

189 799 293 863 rima
312 798 431 863 terris
452 796 671 862 fluentibus
692 790 858 860 fuerint,
889 784 1090 859 eluantur,
1122 781 1260 847 stilla·

190 903 394 977 bunt...et,
422 903 559 969 hiante
580 899 761 986 pluribus
783 894 878 960 locia
898 908 1006 966 saxo,
1028 907 1097 971 per
1116 887 1256 951 iratum

189 1008 314 1074 saliet
341 1013 380 1075 st
405 1006 527 1073 maria
560 1007 663 1071 iuter
690 1021 731 1069 se
752 997 967 1080 componet
1012 995 1059 1059 Er
1080 1010 1152 1077 par
1173 992 1256 1056 Hea-

190 1111 255 1177 siua
278 1113 455 1195 perfecit,
488 1110 570 1196 quod
600 1111 691 1194 plane
722 1106 799 1172 uihll
821 1104 893 1169 buic
913 1103 980 1167 loco
1003 1100 1115 1181 aptum
1137 1096 1254 1182 signifi·

189 1219 250 1281 aa
294 1218 443 1284 sonoros
470 1199 662 1303 proponas,
693 1212 809 1284 mute
837 1227 907 1274 cum
933 1223 992 1271 non
1018 1203 1252 1288 intelligeretur.

191 1321 305 1388 iratum
326 1323 429 1406 ipsum
451 1324 512 1389 dici
532 1323 625 1389 salire
645 1322 677 1385 et
697 1332 903 1403 perrumpere.

290 1426 357 1492 lbd
378 1427 438 1506 30,
469 1429 506 1493 4ι
549 1428 614 1494 Slc
641 1442 779 1510 magna
799 1419 929 1487 omnia
950 1413 1106 1481 coitura
1127 1412 1251 1478 credi·

190 1531 325 1598 derim.
385 1533 494 1618 Neque
525 1535 596 1607 sic,
628 1531 689 1616 quo
712 1529 870 1600 reseratur.
901 1522 1005 1596 habet,
1041 1537 1153 1602 neque,
1190 1536 1250 1602 qus

189 1657 303 1722 magna
323 1639 473 1716 dicantur,
495 1641 630 1722 apparot
673 1636 700 1701 Il
724 1637 757 1701 et
777 1633 846 1699 alii:
874 1630 914 1696 Si
933 1625 1069 1710 magis.
1115 1622 1252 1688 Scriben-

131 1770 133 1775 ·
190 1741 288 1808 dum:
333 1741 410 1807 seo
429 1745 554 1828 magis
574 1744 702 1809 omnia
722 1740 872 1807 coitura
892 1730 1126 1801 crediderim
1149 1733 1250 1812 (quem

190 1866 251 1914 uno
271 1848 386 1915 diluvio
407 1849 607 1934 liquefactam
627 1851 755 1924 terram,
776 1845 873 1911 aliis
894 1838 1027 1906 causia
1050 1834 1251 1920 quiescen-

189 1953 312 2031 tibus,
333 1955 552 2028 interituram).

222 2054 230 2059 ’
289 2061 356 2127 Lib.
379 2062 424 2126 Ν
444 2060 531 2144 prref.
553 2060 588 2124 3:
619 2059 691 2124 Par
712 2056 804 2121 illis
826 2048 1072 2131 (adulatoribus),
1095 2044 1253 2113 etiamsi

190 2163 285 2230 bene
325 2167 493 2243 cararia,
525 2184 595 2231 oon
630 2164 715 2229 sris.
774 2157 894 2226 Crede
925 2152 1034 2229 mibi,
1067 2154 1252 2237 capieris,

190 2270 406 2355 proditioni
437 2272 472 2337 si
504 2272 586 2354 ipse
613 2272 650 2335 te
680 2266 826 2334 trades.
879 2264 929 2329 Sic
950 2265 984 2329 lt
1028 2266 1130 2334 Mirus
1153 2272 1255 2336 verbo

191 2395 259 2442 rum
291 2378 383 2455 ordo,
415 2377 529 2442 mirum
562 2375 682 2441 tradere
713 2394 744 2436 ro
765 2371 945 2457 proditioni.
995 2371 1154 2456 Scriptum
1187 2377 1255 2442 olim

191 2486 273 2548 erat:
324 2483 381 2550 Cr.
409 2503 469 2558 m,
503 2481 686 2564 capieris
715 2477 957 2564 proditione,
989 2478 1073 2541 niae·
1107 2481 1194 2563 ipse
1224 2485 1256 2546 te

190 2586 331 2653 trades.
374 2588 471 2654 Paulo
492 2591 563 2671 post
584 2589 636 2664 (5),
658 2587 712 2652 ubi
732 2578 764 2650 in
787 2585 944 2651 codicibus
965 2586 1126 2652 scribitur:
1171 2586 1257 2652 Cum

119 2736 120 2739 =
191 2693 317 2758 omnia
337 2694 507 2770 cereris,
539 2712 608 2775 per
633 2694 860 2758 ornamenta
886 2692 971 2767 list,
1005 2692 1088 2776 quod
1111 2692 1258 2758 substitu-

192 2800 261 2863 turo
284 2801 333 2865 cst
353 2799 587 2882 interpolatione
609 2799 745 2875 feriet,
780 2797 952 2862 subiectum
974 2816 1036 2863 nou
1059 2798 1165 2871 habet
1190 2817 1260 2882 quo·

193 2902 277 2967 niam
310 2905 451 2970 univerae
482 2904 519 2969 de
551 2904 759 2970 adulatoribus
792 2906 825 2968 et
855 2902 1029 2968 adulatione
1056 2903 1178 2968 dictum
1207 2907 1261 2981 est

194 3026 254 3073 non
297 3009 437 3075 adulator
478 3010 628 3094 singulari
671 3027 799 3075 numero
850 3008 1030 3092 appellatus.
1096 3007 1264 3096 Scriptum,

193 3113 308 3198 opinor.
333 3116 450 3182 fuerat:
483 3135 548 3199 per
579 3117 807 3180 ornamenta
835 3114 900 3176 aio
922 3113 1002 3179 siet
1058 3115 1163 3181 Facile
1187 3118 1267 3188 uia,

194 3223 264 3302 post
284 3224 350 3288 uta
370 3221 508 3289 excidere
529 3222 639 3306 potuit
690 3219 810 3284 lbidsm
832 3220 850 3302 ᾗ
875 3219 914 3281 12
947 3218 1065 3284 Seneca
1087 3220 1267 3287 Gallionem

193 3321 322 3389 fratrem
359 3325 524 3393 blanditias
560 3326 672 3391 Lucilii
704 3326 799 3408 neget
828 3324 1000 3399 admisisse,
1028 3327 1171 3409 quamvis
1195 3346 1270 3391 vara

195 3428 349 3506 laudaret,
384 3431 438 3497 sed
470 3451 505 3497 eo
535 3432 637 3516 magis
665 3431 850 3497 obstandum
877 3430 1035 3496 blanditiis
1059 3431 1269 3497 intellexisse:

195 3551 350 3617 semper
381 3537 481 3602 enim
515 3536 633 3602 falsis
667 3555 685 3602 a
716 3536 1154 3618 veropatiturreritas.
1201 3539 1270 3603 Hoc

195 3638 269 3721 quid
310 3641 368 3716 sit,
410 3643 574 3708 cantatam
615 3642 703 3708 falsis
738 3644 842 3725 petere
880 3643 912 3706 at
946 3641 1109 3706 veritatem
1143 3662 1163 3708 a
1196 3663 1270 3708 vero

195 3747 308 3827 petere,
349 3765 438 3811 nemo
481 3747 600 3812 dixerit.
656 3751 803 3833 Apparet,
842 3748 923 3812 hanc
965 3747 1153 3812 sentemiam
1199 3767 1270 3814 osso

196 3849 322 3926 debere,
354 3851 434 3918 falsa
455 3853 515 3917 eibi
537 3852 656 3918 aditum
686 3853 787 3918 facere
816 3871 889 3917 vera
923 3851 1123 3917 admiscendo
1158 3855 1191 3918 et
1213 3855 1271 3919 sub

195 3952 234 4019 iis
254 3954 389 4020 latendo.
412 3956 578 4039 Scripsisse
596 3958 712 4024 Seneca
735 3958 869 4023 videtur:
892 3977 1042 4043 semper
1064 3957 1168 4023 enim
1191 3959 1271 4025 fal·

195 4059 250 4124 sia
272 4078 292 4125 a
313 4062 449 4144 fronte
469 4064 692 4146 optenditur
713 4064 860 4129 veritas
888 4068 956 4130 aut:
979 4072 1110 4148 aperte
1135 4074 1273 4150 opten-
