<?xml version="1.0" encoding="UTF-8"?>
<!DOCTYPE html PUBLIC "-//W3C//DTD XHTML 1.0 Transitional//EN"
    "http://www.w3.org/TR/xhtml1/DTD/xhtml1-transitional.dtd">
<html xmlns="http://www.w3.org/1999/xhtml" xml:lang="en" lang="en">
 <head>
  <title>
</title>
<meta http-equiv="Content-Type" content="text/html;charset=utf-8" />
  <meta name='ocr-system' content='tesseract 3.04.00' />
  <meta name='ocr-capabilities' content='ocr_page ocr_carea ocr_par ocr_line ocrx_word'/>
</head>
<body>
  <div class='ocr_page' id='page_1' title='image "./ioniemadvigiiad00madvgoog_0782.png"; bbox 0 0 2656 5056; ppageno 0'>
   <div class='ocr_carea' id='block_1_1' title="bbox 228 277 858 349">
    <p class='ocr_par' dir='ltr' id='par_1_1' title="bbox 228 277 858 349">
     <span class='ocr_line' id='line_1_1' title="bbox 228 277 858 349; baseline -0.002 -16"><span class='ocrx_word' id='word_1_1' title='bbox 228 285 269 349; x_wconf 85' lang='lat'><strong>86</strong></span> <span class='ocrx_word' id='word_1_2' title='bbox 602 277 858 348; x_wconf 56' lang='lat' dir='ltr'><strong>mama</strong></span> 
     </span>
    </p>
   </div>
   <div class='ocr_carea' id='block_1_2' title="bbox 188 477 1311 1835">
    <p class='ocr_par' dir='ltr' id='par_1_2' title="bbox 188 477 1311 1835">
     <span class='ocr_line' id='line_1_2' title="bbox 188 477 1254 557; baseline -0.005 -12"><span class='ocrx_word' id='word_1_3' title='bbox 188 483 336 557; x_wconf 90' lang='lat' dir='ltr'><strong>tamen,</strong></span> <span class='ocrx_word' id='word_1_4' title='bbox 380 484 422 547; x_wconf 90' lang='lat' dir='ltr'><strong>ut</strong></span> <span class='ocrx_word' id='word_1_5' title='bbox 461 483 555 546; x_wconf 88' lang='lat' dir='ltr'><strong>aute</strong></span> <span class='ocrx_word' id='word_1_6' title='bbox 591 477 691 554; x_wconf 84' lang='lat' dir='ltr'>dixi,</span> <span class='ocrx_word' id='word_1_7' title='bbox 736 493 814 540; x_wconf 89' lang='lat' dir='ltr'><strong>uon</strong></span> <span class='ocrx_word' id='word_1_8' title='bbox 855 477 1023 557; x_wconf 89' lang='lat' dir='ltr'><strong>eiicio;</strong></span> <span class='ocrx_word' id='word_1_9' title='bbox 1072 484 1136 546; x_wconf 89' lang='lat' dir='ltr'><strong>cst</strong></span> <span class='ocrx_word' id='word_1_10' title='bbox 1172 477 1254 551; x_wconf 80' lang='lat' dir='ltr'><strong>erin,</strong></span> 
     </span>
     <span class='ocr_line' id='line_1_3' title="bbox 190 581 1307 661; baseline -0.002 -10"><span class='ocrx_word' id='word_1_11' title='bbox 190 586 357 652; x_wconf 86' lang='lat' dir='ltr'><strong>etiamsi</strong></span> <span class='ocrx_word' id='word_1_12' title='bbox 398 588 528 652; x_wconf 91' lang='lat' dir='ltr'><strong>miuus</strong></span> <span class='ocrx_word' id='word_1_13' title='bbox 574 581 864 650; x_wconf 89' lang='lat' dir='ltr'><strong>necessarium</strong></span> <span class='ocrx_word' id='word_1_14' title='bbox 917 584 973 648; x_wconf 88' lang='lat' dir='ltr'><strong>ad</strong></span> <span class='ocrx_word' id='word_1_15' title='bbox 1016 585 1122 651; x_wconf 88' lang='lat' dir='ltr'><strong>bene</strong></span> <span class='ocrx_word' id='word_1_16' title='bbox 1158 585 1255 650; x_wconf 89' lang='lat' dir='ltr'><strong>dicen·</strong></span> <span class='ocrx_word' id='word_1_17' title='bbox 1306 621 1307 661; x_wconf 51' lang='lat'>3</span> 
     </span>
     <span class='ocr_line' id='line_1_4' title="bbox 191 688 1308 774; baseline -0.004 -17"><span class='ocrx_word' id='word_1_18' title='bbox 191 692 300 772; x_wconf 89' lang='lat' dir='ltr'><strong>dum,</strong></span> <span class='ocrx_word' id='word_1_19' title='bbox 333 694 468 759; x_wconf 89' lang='lat' dir='ltr'><strong>tamen</strong></span> <span class='ocrx_word' id='word_1_20' title='bbox 498 693 544 758; x_wconf 91' lang='lat' dir='ltr'><strong>ad</strong></span> <span class='ocrx_word' id='word_1_21' title='bbox 578 688 923 774; x_wconf 78' lang='lat' dir='ltr'><strong>cognoscendum</strong></span> <span class='ocrx_word' id='word_1_22' title='bbox 957 710 1043 757; x_wconf 93' lang='lat' dir='ltr'><strong>non</strong></span> <span class='ocrx_word' id='word_1_23' title='bbox 1077 689 1255 758; x_wconf 83' lang='lat' dir='ltr'><strong>illiberale</strong></span> <span class='ocrx_word' id='word_1_24' title='bbox 1306 720 1308 735; x_wconf 51' lang='grc' dir='ltr'>ι</span> 
     </span>
     <span class='ocr_line' id='line_1_5' title="bbox 192 794 1257 881; baseline -0.004 -18"><span class='ocrx_word' id='word_1_25' title='bbox 192 799 241 864; x_wconf 81' lang='lat' dir='ltr'><strong>ut</strong></span> <span class='ocrx_word' id='word_1_26' title='bbox 272 799 519 865; x_wconf 86' lang='lat' dir='ltr'><strong>exercitatio</strong></span> <span class='ocrx_word' id='word_1_27' title='bbox 551 794 728 881; x_wconf 80' lang='lat' dir='ltr'><strong>quadam</strong></span> <span class='ocrx_word' id='word_1_28' title='bbox 762 796 1066 878; x_wconf 88' lang='lat' dir='ltr'><strong>suscipienda</strong></span> <span class='ocrx_word' id='word_1_29' title='bbox 1099 800 1198 865; x_wconf 86' lang='lat' dir='ltr'><strong>vobis</strong></span> <span class='ocrx_word' id='word_1_30' title='bbox 1219 801 1257 860; x_wconf 81' lang='lat' dir='ltr'><strong>est</strong></span> 
     </span>
     <span class='ocr_line' id='line_1_6' title="bbox 191 901 1258 989; baseline -0.002 -19"><span class='ocrx_word' id='word_1_31' title='bbox 191 906 251 970; x_wconf 87' lang='lat' dir='ltr'><strong>cet.</strong></span> <span class='ocrx_word' id='word_1_32' title='bbox 299 907 440 989; x_wconf 79' lang='lat' dir='ltr'>Apparet</span> <span class='ocrx_word' id='word_1_33' title='bbox 471 903 537 981; x_wconf 74' lang='lat' dir='ltr'><strong>hoc,</strong></span> <span class='ocrx_word' id='word_1_34' title='bbox 571 905 653 987; x_wconf 92' lang='lat' dir='ltr'><strong>quod</strong></span> <span class='ocrx_word' id='word_1_35' title='bbox 688 901 727 967; x_wconf 90' lang='lat' dir='ltr'><strong>de</strong></span> <span class='ocrx_word' id='word_1_36' title='bbox 762 901 1010 970; x_wconf 80' lang='lat' dir='ltr'><strong>exercitatione</strong></span> <span class='ocrx_word' id='word_1_37' title='bbox 1044 906 1169 984; x_wconf 89' lang='lat' dir='ltr'><strong>dicitur,</strong></span> <span class='ocrx_word' id='word_1_38' title='bbox 1194 921 1258 984; x_wconf 70' lang='lat' dir='ltr'><strong>narr</strong></span> 
     </span>
     <span class='ocr_line' id='line_1_7' title="bbox 191 1005 1259 1094; baseline -0.003 -20"><span class='ocrx_word' id='word_1_39' title='bbox 191 1015 274 1077; x_wconf 89' lang='lat' dir='ltr'><strong>recte</strong></span> <span class='ocrx_word' id='word_1_40' title='bbox 294 1011 445 1093; x_wconf 87' lang='lat' dir='ltr'><strong>particula</strong></span> <span class='ocrx_word' id='word_1_41' title='bbox 467 1013 505 1075; x_wconf 87' lang='lat' dir='ltr'><strong>et</strong></span> <span class='ocrx_word' id='word_1_42' title='bbox 526 1010 663 1094; x_wconf 78' lang='lat' dir='ltr'><strong>adiungi.</strong></span> <span class='ocrx_word' id='word_1_43' title='bbox 692 1005 774 1091; x_wconf 88' lang='lat' dir='ltr'><strong>quod</strong></span> <span class='ocrx_word' id='word_1_44' title='bbox 804 1007 872 1074; x_wconf 89' lang='lat' dir='ltr'><strong>iam</strong></span> <span class='ocrx_word' id='word_1_45' title='bbox 904 1011 970 1075; x_wconf 86' lang='lat' dir='ltr'><strong>alii</strong></span> <span class='ocrx_word' id='word_1_46' title='bbox 996 1016 1174 1086; x_wconf 81' lang='lat' dir='ltr'><strong>senserunt</strong></span> <span class='ocrx_word' id='word_1_47' title='bbox 1192 1028 1259 1092; x_wconf 83' lang='lat' dir='ltr'><strong>usque</strong></span> 
     </span>
     <span class='ocr_line' id='line_1_8' title="bbox 192 1115 1311 1198; baseline 0.001 -19"><span class='ocrx_word' id='word_1_48' title='bbox 192 1116 270 1182; x_wconf 84' lang='lat' dir='ltr'><strong>satis</strong></span> <span class='ocrx_word' id='word_1_49' title='bbox 302 1115 486 1198; x_wconf 86' lang='lat' dir='ltr'><strong>respondere</strong></span> <span class='ocrx_word' id='word_1_50' title='bbox 517 1115 733 1198; x_wconf 80' lang='lat' dir='ltr'><strong>superioribus,</strong></span> <span class='ocrx_word' id='word_1_51' title='bbox 766 1115 798 1178; x_wconf 91' lang='lat' dir='ltr'><strong>in</strong></span> <span class='ocrx_word' id='word_1_52' title='bbox 831 1115 962 1197; x_wconf 88' lang='lat' dir='ltr'><strong>quibus</strong></span> <span class='ocrx_word' id='word_1_53' title='bbox 998 1117 1042 1183; x_wconf 90' lang='lat' dir='ltr'><strong>de</strong></span> <span class='ocrx_word' id='word_1_54' title='bbox 1059 1122 1139 1185; x_wconf 81' lang='lat' dir='ltr'><strong>toto</strong></span> <span class='ocrx_word' id='word_1_55' title='bbox 1166 1115 1260 1184; x_wconf 71' lang='lat' dir='ltr'><strong>ubido</strong></span> <span class='ocrx_word' id='word_1_56' title='bbox 1310 1140 1311 1164; x_wconf 74' lang='lat'><em>2</em></span> 
     </span>
     <span class='ocr_line' id='line_1_9' title="bbox 192 1220 1260 1304; baseline 0.001 -19"><span class='ocrx_word' id='word_1_57' title='bbox 192 1222 237 1286; x_wconf 92' lang='lat' dir='ltr'><strong>sic</strong></span> <span class='ocrx_word' id='word_1_58' title='bbox 258 1220 381 1294; x_wconf 87' lang='lat' dir='ltr'><strong>dicitur,</strong></span> <span class='ocrx_word' id='word_1_59' title='bbox 410 1222 447 1286; x_wconf 88' lang='lat' dir='ltr'><strong>ut</strong></span> <span class='ocrx_word' id='word_1_60' title='bbox 473 1222 523 1288; x_wconf 92' lang='lat' dir='ltr'><strong>hic</strong></span> <span class='ocrx_word' id='word_1_61' title='bbox 545 1226 577 1288; x_wconf 90' lang='lat' dir='ltr'><strong>et</strong></span> <span class='ocrx_word' id='word_1_62' title='bbox 596 1221 819 1304; x_wconf 68' lang='lat' dir='ltr'><strong>preceptorum</strong></span> <span class='ocrx_word' id='word_1_63' title='bbox 845 1221 880 1284; x_wconf 88' lang='lat' dir='ltr'><strong>et</strong></span> <span class='ocrx_word' id='word_1_64' title='bbox 907 1224 1161 1291; x_wconf 74' lang='lat' dir='ltr'><strong>exercitationis</strong></span> <span class='ocrx_word' id='word_1_65' title='bbox 1177 1223 1260 1289; x_wconf 80' lang='lat' dir='ltr'><strong>merto</strong></span> 
     </span>
     <span class='ocr_line' id='line_1_10' title="bbox 193 1326 1261 1410; baseline 0.003 -21"><span class='ocrx_word' id='word_1_66' title='bbox 193 1329 393 1407; x_wconf 84' lang='lat' dir='ltr'><strong>exspectetur.</strong></span> <span class='ocrx_word' id='word_1_67' title='bbox 450 1327 548 1394; x_wconf 90' lang='lat' dir='ltr'><strong>Valde</strong></span> <span class='ocrx_word' id='word_1_68' title='bbox 569 1327 708 1410; x_wconf 89' lang='lat' dir='ltr'><strong>suspicor</strong></span> <span class='ocrx_word' id='word_1_69' title='bbox 727 1326 822 1391; x_wconf 82' lang='lat' dir='ltr'><strong>uerba</strong></span> <span class='ocrx_word' id='word_1_70' title='bbox 845 1327 1012 1409; x_wconf 83' lang='lat' dir='ltr'><strong>quaedam</strong></span> <span class='ocrx_word' id='word_1_71' title='bbox 1037 1332 1196 1408; x_wconf 71' lang='lat' dir='ltr'><strong>excidisse,</strong></span> <span class='ocrx_word' id='word_1_72' title='bbox 1214 1347 1261 1394; x_wconf 89' lang='lat' dir='ltr'><strong>cun</strong></span> 
     </span>
     <span class='ocr_line' id='line_1_11' title="bbox 192 1430 1261 1515; baseline 0.004 -21"><span class='ocrx_word' id='word_1_73' title='bbox 192 1430 297 1499; x_wconf 83' lang='lat' dir='ltr'><strong>Cicero</strong></span> <span class='ocrx_word' id='word_1_74' title='bbox 320 1432 361 1498; x_wconf 90' lang='lat' dir='ltr'><strong>ad</strong></span> <span class='ocrx_word' id='word_1_75' title='bbox 381 1433 460 1499; x_wconf 90' lang='lat' dir='ltr'><strong>hane</strong></span> <span class='ocrx_word' id='word_1_76' title='bbox 481 1434 612 1500; x_wconf 81' lang='lat' dir='ltr'><strong>formam</strong></span> <span class='ocrx_word' id='word_1_77' title='bbox 633 1433 821 1515; x_wconf 82' lang='lat' dir='ltr'><strong>scripsisset:</strong></span> <span class='ocrx_word' id='word_1_78' title='bbox 861 1471 898 1481; x_wconf 92' lang='lat'>-</span> <span class='ocrx_word' id='word_1_79' title='bbox 944 1455 1030 1503; x_wconf 89' lang='lat' dir='ltr'><strong>non</strong></span> <span class='ocrx_word' id='word_1_80' title='bbox 1067 1436 1261 1504; x_wconf 74' lang='lat' dir='ltr'><strong>illiberale</strong></span> 
     </span>
     <span class='ocr_line' id='line_1_12' title="bbox 193 1540 1262 1624; baseline -0.002 -20"><span class='ocrx_word' id='word_1_81' title='bbox 193 1540 379 1624; x_wconf 87' lang='lat' dir='ltr'><strong>&lt;ltaque</strong></span> <span class='ocrx_word' id='word_1_82' title='bbox 402 1540 441 1605; x_wconf 87' lang='lat' dir='ltr'><strong>et</strong></span> <span class='ocrx_word' id='word_1_83' title='bbox 461 1541 660 1623; x_wconf 74' lang='lat' dir='ltr'><strong>precepta</strong></span> <span class='ocrx_word' id='word_1_84' title='bbox 680 1541 949 1622; x_wconf 84' lang='lat' dir='ltr'><strong>tractanda&gt;</strong></span> <span class='ocrx_word' id='word_1_85' title='bbox 967 1546 1012 1609; x_wconf 88' lang='lat' dir='ltr'><strong>et</strong></span> <span class='ocrx_word' id='word_1_86' title='bbox 1037 1541 1262 1612; x_wconf 82' lang='lat' dir='ltr'><strong>exercitatio</strong></span> 
     </span>
     <span class='ocr_line' id='line_1_13' title="bbox 193 1644 1262 1734; baseline -0.002 -24"><span class='ocrx_word' id='word_1_87' title='bbox 193 1647 370 1727; x_wconf 80' lang='lat' dir='ltr'><strong>quadam</strong></span> <span class='ocrx_word' id='word_1_88' title='bbox 404 1645 668 1729; x_wconf 87' lang='lat' dir='ltr'><strong>suscipiende</strong></span> <span class='ocrx_word' id='word_1_89' title='bbox 699 1644 814 1711; x_wconf 86' lang='lat' dir='ltr'><strong>vobis</strong></span> <span class='ocrx_word' id='word_1_90' title='bbox 837 1648 917 1710; x_wconf 88' lang='lat' dir='ltr'><strong>est.</strong></span> <span class='ocrx_word' id='word_1_91' title='bbox 994 1651 1046 1716; x_wconf 91' lang='lat' dir='ltr'><strong>De</strong></span> <span class='ocrx_word' id='word_1_92' title='bbox 1082 1653 1161 1734; x_wconf 87' lang='lat' dir='ltr'><strong>ipsis</strong></span> <span class='ocrx_word' id='word_1_93' title='bbox 1189 1645 1262 1714; x_wconf 79' lang='lat' dir='ltr'><strong>vete</strong></span> 
     </span>
     <span class='ocr_line' id='line_1_14' title="bbox 193 1750 900 1835; baseline 0.001 -21"><span class='ocrx_word' id='word_1_94' title='bbox 193 1750 272 1816; x_wconf 87' lang='lat' dir='ltr'><strong>nihil</strong></span> <span class='ocrx_word' id='word_1_95' title='bbox 294 1772 343 1818; x_wconf 92' lang='lat' dir='ltr'><strong>me</strong></span> <span class='ocrx_word' id='word_1_96' title='bbox 365 1752 518 1819; x_wconf 86' lang='lat' dir='ltr'><strong>affirmare</strong></span> <span class='ocrx_word' id='word_1_97' title='bbox 539 1772 599 1819; x_wconf 93' lang='lat' dir='ltr'><strong>uon</strong></span> <span class='ocrx_word' id='word_1_98' title='bbox 622 1753 669 1817; x_wconf 88' lang='lat' dir='ltr'><strong>est</strong></span> <span class='ocrx_word' id='word_1_99' title='bbox 691 1771 764 1835; x_wconf 91' lang='lat' dir='ltr'><strong>opus</strong></span> <span class='ocrx_word' id='word_1_100' title='bbox 786 1751 900 1828; x_wconf 81' lang='lat' dir='ltr'><strong>dici.·)</strong></span> 
     </span>
    </p>
   </div>
   <div class='ocr_carea' id='block_1_3' title="bbox 193 1873 1264 2063">
    <p class='ocr_par' dir='ltr' id='par_1_3' title="bbox 193 1873 1264 2063">
     <span class='ocr_line' id='line_1_15' title="bbox 294 1873 1264 1960; baseline -0.002 -20"><span class='ocrx_word' id='word_1_101' title='bbox 294 1876 373 1941; x_wconf 92' lang='lat' dir='ltr'><strong>Ibid.</strong></span> <span class='ocrx_word' id='word_1_102' title='bbox 415 1877 491 1941; x_wconf 85' lang='lat'>198:</span> <span class='ocrx_word' id='word_1_103' title='bbox 533 1877 679 1960; x_wconf 88' lang='lat' dir='ltr'><strong>Itaque</strong></span> <span class='ocrx_word' id='word_1_104' title='bbox 714 1877 756 1940; x_wconf 88' lang='lat' dir='ltr'><strong>ut</strong></span> <span class='ocrx_word' id='word_1_105' title='bbox 791 1878 898 1956; x_wconf 88' lang='lat' dir='ltr'><strong>apud</strong></span> <span class='ocrx_word' id='word_1_106' title='bbox 941 1878 1120 1947; x_wconf 80' lang='lat' dir='ltr'><strong>Graecos</strong></span> <span class='ocrx_word' id='word_1_107' title='bbox 1156 1873 1264 1945; x_wconf 84' lang='lat' dir='ltr'><strong>inlini</strong></span> 
     </span>
     <span class='ocr_line' id='line_1_16' title="bbox 193 1980 1263 2063; baseline 0 -19"><span class='ocrx_word' id='word_1_108' title='bbox 193 1980 379 2047; x_wconf 92' lang='lat' dir='ltr'><strong>homines</strong></span> <span class='ocrx_word' id='word_1_109' title='bbox 408 2027 447 2046; x_wconf 90' lang='lat'><strong>..</strong></span> <span class='ocrx_word' id='word_1_110' title='bbox 478 1983 696 2048; x_wconf 88' lang='lat' dir='ltr'><strong>ministros</strong></span> <span class='ocrx_word' id='word_1_111' title='bbox 728 2000 768 2047; x_wconf 89' lang='lat' dir='ltr'><strong>se</strong></span> <span class='ocrx_word' id='word_1_112' title='bbox 801 1983 999 2063; x_wconf 77' lang='lat' dir='ltr'><strong>prebent</strong></span> <span class='ocrx_word' id='word_1_113' title='bbox 1035 1989 1080 2053; x_wconf 91' lang='lat' dir='ltr'><strong>in</strong></span> <span class='ocrx_word' id='word_1_114' title='bbox 1117 1984 1263 2054; x_wconf 88' lang='lat' dir='ltr'><strong>iudiciis</strong></span> 
     </span>
    </p>
   </div>
   <div class='ocr_carea' id='block_1_4' title="bbox 185 2252 1318 4187">
    <p class='ocr_par' dir='ltr' id='par_1_4' title="bbox 248 2252 1318 4089">
     <span class='ocr_line' id='line_1_17' title="bbox 248 2252 1264 2322; baseline 0.004 -16"><span class='ocrx_word' id='word_1_115' title='bbox 248 2253 275 2320; x_wconf 87' lang='lat'><strong>*)</strong></span> <span class='ocrx_word' id='word_1_116' title='bbox 294 2252 372 2318; x_wconf 85' lang='lat' dir='ltr'><strong>Quod</strong></span> <span class='ocrx_word' id='word_1_117' title='bbox 398 2253 477 2308; x_wconf 91' lang='lat' dir='ltr'><strong>initio</strong></span> <span class='ocrx_word' id='word_1_118' title='bbox 504 2255 585 2309; x_wconf 90' lang='lat' dir='ltr'><strong>buius</strong></span> <span class='ocrx_word' id='word_1_119' title='bbox 613 2253 699 2309; x_wconf 90' lang='lat' dir='ltr'><strong>libelli</strong></span> <span class='ocrx_word' id='word_1_120' title='bbox 727 2252 782 2306; x_wconf 87' lang='lat' dir='ltr'><strong>dixi</strong></span> <span class='ocrx_word' id='word_1_121' title='bbox 799 2267 843 2306; x_wconf 88' lang='lat' dir='ltr'><strong>me</strong></span> <span class='ocrx_word' id='word_1_122' title='bbox 862 2252 1027 2322; x_wconf 77' lang='lat' dir='ltr'><strong>aliquoties</strong></span> <span class='ocrx_word' id='word_1_123' title='bbox 1048 2260 1080 2313; x_wconf 92' lang='lat' dir='ltr'><strong>in</strong></span> <span class='ocrx_word' id='word_1_124' title='bbox 1102 2255 1264 2315; x_wconf 78' lang='lat' dir='ltr'><strong>Ciceronianis</strong></span> 
     </span>
     <span class='ocr_line' id='line_1_18' title="bbox 294 2345 1264 2411; baseline 0.004 -10"><span class='ocrx_word' id='word_1_125' title='bbox 294 2348 411 2402; x_wconf 81' lang='lat' dir='ltr'><strong>maxime</strong></span> <span class='ocrx_word' id='word_1_126' title='bbox 436 2347 671 2403; x_wconf 80' lang='lat' dir='ltr'><strong>emendationibus</strong></span> <span class='ocrx_word' id='word_1_127' title='bbox 698 2345 841 2411; x_wconf 79' lang='lat' dir='ltr'><strong>iacturum,</strong></span> <span class='ocrx_word' id='word_1_128' title='bbox 870 2353 903 2400; x_wconf 91' lang='lat' dir='ltr'><strong>ut</strong></span> <span class='ocrx_word' id='word_1_129' title='bbox 921 2348 1139 2408; x_wconf 78' lang='lat' dir='ltr'><strong>admonitionis</strong></span> <span class='ocrx_word' id='word_1_130' title='bbox 1158 2349 1264 2407; x_wconf 77' lang='lat' dir='ltr'><strong>cansau</strong></span> 
     </span>
     <span class='ocr_line' id='line_1_19' title="bbox 296 2440 1264 2516; baseline 0.001 -22"><span class='ocrx_word' id='word_1_131' title='bbox 296 2441 418 2509; x_wconf 83' lang='lat' dir='ltr'><strong>margine</strong></span> <span class='ocrx_word' id='word_1_132' title='bbox 437 2441 638 2510; x_wconf 85' lang='lat' dir='ltr'><strong>interponerem</strong></span> <span class='ocrx_word' id='word_1_133' title='bbox 656 2440 860 2506; x_wconf 83' lang='lat' dir='ltr'><strong>correctionem,</strong></span> <span class='ocrx_word' id='word_1_134' title='bbox 880 2456 969 2507; x_wconf 88' lang='lat' dir='ltr'><strong>quam</strong></span> <span class='ocrx_word' id='word_1_135' title='bbox 991 2460 1061 2499; x_wconf 87' lang='lat' dir='ltr'><strong>cum</strong></span> <span class='ocrx_word' id='word_1_136' title='bbox 1075 2448 1140 2516; x_wconf 88' lang='lat' dir='ltr'><strong>ipse</strong></span> <span class='ocrx_word' id='word_1_137' title='bbox 1152 2447 1264 2501; x_wconf 71' lang='lat' dir='ltr'><strong>fecissm</strong></span> 
     </span>
     <span class='ocr_line' id='line_1_20' title="bbox 294 2532 1264 2603; baseline 0.001 -16"><span class='ocrx_word' id='word_1_138' title='bbox 294 2540 393 2603; x_wconf 88' lang='lat' dir='ltr'><strong>postea</strong></span> <span class='ocrx_word' id='word_1_139' title='bbox 420 2534 454 2588; x_wconf 88' lang='lat' dir='ltr'><strong>ab</strong></span> <span class='ocrx_word' id='word_1_140' title='bbox 483 2534 546 2588; x_wconf 88' lang='lat' dir='ltr'><strong>aliis</strong></span> <span class='ocrx_word' id='word_1_141' title='bbox 574 2540 743 2603; x_wconf 84' lang='lat' dir='ltr'><strong>occupatam,</strong></span> <span class='ocrx_word' id='word_1_142' title='bbox 770 2532 818 2588; x_wconf 91' lang='lat' dir='ltr'><strong>sed</strong></span> <span class='ocrx_word' id='word_1_143' title='bbox 846 2549 864 2587; x_wconf 92' lang='lat' dir='ltr'><strong>a</strong></span> <span class='ocrx_word' id='word_1_144' title='bbox 891 2536 1111 2594; x_wconf 86' lang='lat' dir='ltr'><strong>recentissimis</strong></span> <span class='ocrx_word' id='word_1_145' title='bbox 1135 2537 1264 2595; x_wconf 81' lang='lat' dir='ltr'><strong>editoribus</strong></span> 
     </span>
     <span class='ocr_line' id='line_1_21' title="bbox 294 2626 1264 2702; baseline 0.003 -22"><span class='ocrx_word' id='word_1_146' title='bbox 294 2626 448 2696; x_wconf 79' lang='lat' dir='ltr'><strong>neglectam</strong></span> <span class='ocrx_word' id='word_1_147' title='bbox 466 2627 658 2698; x_wconf 76' lang='lat' dir='ltr'><strong>repperissem</strong></span> <span class='ocrx_word' id='word_1_148' title='bbox 675 2627 733 2682; x_wconf 88' lang='lat' dir='ltr'><strong>eius</strong></span> <span class='ocrx_word' id='word_1_149' title='bbox 746 2627 788 2681; x_wconf 90' lang='lat' dir='ltr'><strong>rei</strong></span> <span class='ocrx_word' id='word_1_150' title='bbox 805 2627 963 2695; x_wconf 88' lang='lat' dir='ltr'><strong>exemplum</strong></span> <span class='ocrx_word' id='word_1_151' title='bbox 986 2633 1090 2686; x_wconf 89' lang='lat' dir='ltr'><strong>statim</strong></span> <span class='ocrx_word' id='word_1_152' title='bbox 1110 2633 1158 2687; x_wconf 90' lang='lat' dir='ltr'><strong>hie</strong></span> <span class='ocrx_word' id='word_1_153' title='bbox 1175 2643 1264 2702; x_wconf 81' lang='lat' dir='ltr'><strong>ponam</strong></span> 
     </span>
     <span class='ocr_line' id='line_1_22' title="bbox 294 2719 1264 2790; baseline 0 -17"><span class='ocrx_word' id='word_1_154' title='bbox 294 2719 364 2774; x_wconf 87' lang='lat' dir='ltr'><strong>Nam</strong></span> <span class='ocrx_word' id='word_1_155' title='bbox 388 2720 422 2774; x_wconf 89' lang='lat' dir='ltr'><strong>de</strong></span> <span class='ocrx_word' id='word_1_156' title='bbox 441 2719 489 2774; x_wconf 86' lang='lat' dir='ltr'><strong>lib.</strong></span> <span class='ocrx_word' id='word_1_157' title='bbox 508 2720 530 2787; x_wconf 85' lang='lat' dir='ltr'><strong>l,</strong></span> <span class='ocrx_word' id='word_1_158' title='bbox 554 2721 606 2776; x_wconf 80' lang='lat'><strong>134</strong></span> <span class='ocrx_word' id='word_1_159' title='bbox 630 2723 691 2776; x_wconf 88' lang='lat' dir='ltr'><strong>haec</strong></span> <span class='ocrx_word' id='word_1_160' title='bbox 718 2721 894 2790; x_wconf 85' lang='lat' dir='ltr'><strong>scripseram:</strong></span> <span class='ocrx_word' id='word_1_161' title='bbox 926 2724 1113 2789; x_wconf 86' lang='lat' dir='ltr'><strong>„studium</strong></span> <span class='ocrx_word' id='word_1_162' title='bbox 1136 2734 1169 2779; x_wconf 89' lang='lat' dir='ltr'><strong>et</strong></span> <span class='ocrx_word' id='word_1_163' title='bbox 1187 2721 1264 2778; x_wconf 81' lang='lat' dir='ltr'><strong>arde</strong></span> 
     </span>
     <span class='ocr_line' id='line_1_23' title="bbox 294 2811 1263 2882; baseline -0.003 -16"><span class='ocrx_word' id='word_1_164' title='bbox 294 2830 361 2868; x_wconf 90' lang='lat' dir='ltr'><strong>rem</strong></span> <span class='ocrx_word' id='word_1_165' title='bbox 389 2813 552 2882; x_wconf 88' lang='lat' dir='ltr'><strong>quendam</strong></span> <span class='ocrx_word' id='word_1_166' title='bbox 579 2815 717 2881; x_wconf 88' lang='lat' dir='ltr'><strong>amoris,</strong></span> <span class='ocrx_word' id='word_1_167' title='bbox 745 2815 820 2868; x_wconf 90' lang='lat' dir='ltr'><strong>sine</strong></span> <span class='ocrx_word' id='word_1_168' title='bbox 848 2829 915 2882; x_wconf 90' lang='lat' dir='ltr'><strong>quo</strong></span> <span class='ocrx_word' id='word_1_169' title='bbox 939 2829 1018 2869; x_wconf 89' lang='lat' dir='ltr'><strong>cum</strong></span> <span class='ocrx_word' id='word_1_170' title='bbox 1038 2817 1077 2871; x_wconf 91' lang='lat' dir='ltr'><strong>in</strong></span> <span class='ocrx_word' id='word_1_171' title='bbox 1100 2811 1263 2872; x_wconf 81' lang='lat' dir='ltr'><strong>vitanibil</strong></span> 
     </span>
     <span class='ocr_line' id='line_1_24' title="bbox 294 2905 1318 2978; baseline -0.001 -18"><span class='ocrx_word' id='word_1_172' title='bbox 294 2905 475 2975; x_wconf 88' lang='lat' dir='ltr'><strong>quidquam</strong></span> <span class='ocrx_word' id='word_1_173' title='bbox 501 2908 687 2976; x_wconf 80' lang='lat' dir='ltr'><strong>egregium,</strong></span> <span class='ocrx_word' id='word_1_174' title='bbox 714 2915 781 2961; x_wconf 90' lang='lat' dir='ltr'><strong>tum</strong></span> <span class='ocrx_word' id='word_1_175' title='bbox 809 2913 901 2961; x_wconf 88' lang='lat' dir='ltr'><strong>certe</strong></span> <span class='ocrx_word' id='word_1_176' title='bbox 930 2908 1009 2975; x_wconf 87' lang='lat' dir='ltr'><strong>hoc,</strong></span> <span class='ocrx_word' id='word_1_177' title='bbox 1039 2912 1141 2978; x_wconf 88' lang='lat' dir='ltr'><strong>quod</strong></span> <span class='ocrx_word' id='word_1_178' title='bbox 1167 2919 1202 2964; x_wconf 92' lang='lat' dir='ltr'><strong>tu</strong></span> <span class='ocrx_word' id='word_1_179' title='bbox 1224 2923 1265 2961; x_wconf 87' lang='lat' dir='ltr'><strong>er·</strong></span> <span class='ocrx_word' id='word_1_180' title='bbox 1317 2931 1318 2952; x_wconf 70' lang='lat' dir='ltr'><strong>i</strong></span> 
     </span>
     <span class='ocr_line' id='line_1_25' title="bbox 290 2999 1264 3074; baseline 0 -19"><span class='ocrx_word' id='word_1_181' title='bbox 290 2999 396 3069; x_wconf 83' lang='lat' dir='ltr'><strong>petis,</strong></span> <span class='ocrx_word' id='word_1_182' title='bbox 415 3016 509 3055; x_wconf 93' lang='lat' dir='ltr'><strong>nemo</strong></span> <span class='ocrx_word' id='word_1_183' title='bbox 528 3017 680 3069; x_wconf 86' lang='lat' dir='ltr'><strong>umquam</strong></span> <span class='ocrx_word' id='word_1_184' title='bbox 700 3007 913 3071; x_wconf 88' lang='lat' dir='ltr'><strong>assequetur.</strong></span> <span class='ocrx_word' id='word_1_185' title='bbox 954 3001 1080 3058; x_wconf 86' lang='lat' dir='ltr'><strong>Etiamsi</strong></span> <span class='ocrx_word' id='word_1_186' title='bbox 1100 3005 1169 3060; x_wconf 79' lang='lat' dir='ltr'><strong>ferri</strong></span> <span class='ocrx_word' id='word_1_187' title='bbox 1185 3008 1264 3074; x_wconf 76' lang='lat' dir='ltr'><strong>posset</strong></span> 
     </span>
     <span class='ocr_line' id='line_1_26' title="bbox 292 3092 1264 3164; baseline -0.001 -18"><span class='ocrx_word' id='word_1_188' title='bbox 292 3092 366 3163; x_wconf 87' lang='lat' dir='ltr'><strong>apud</strong></span> <span class='ocrx_word' id='word_1_189' title='bbox 385 3092 544 3148; x_wconf 83' lang='lat' dir='ltr'><strong>Ciceronem</strong></span> <span class='ocrx_word' id='word_1_190' title='bbox 573 3095 658 3148; x_wconf 90' lang='lat' dir='ltr'><strong>nibil</strong></span> <span class='ocrx_word' id='word_1_191' title='bbox 685 3094 862 3164; x_wconf 86' lang='lat' dir='ltr'><strong>quidquem</strong></span> <span class='ocrx_word' id='word_1_192' title='bbox 878 3109 929 3162; x_wconf 91' lang='lat' dir='ltr'><strong>pro</strong></span> <span class='ocrx_word' id='word_1_193' title='bbox 948 3095 1042 3149; x_wconf 90' lang='lat' dir='ltr'><strong>nihil</strong></span> <span class='ocrx_word' id='word_1_194' title='bbox 1065 3098 1124 3152; x_wconf 90' lang='lat' dir='ltr'><strong>hoc</strong></span> <span class='ocrx_word' id='word_1_195' title='bbox 1143 3113 1197 3151; x_wconf 89' lang='lat' dir='ltr'><strong>uno</strong></span> <span class='ocrx_word' id='word_1_196' title='bbox 1214 3095 1264 3147; x_wconf 88' lang='lat' dir='ltr'><strong>loco</strong></span> 
     </span>
     <span class='ocr_line' id='line_1_27' title="bbox 291 3185 1263 3256; baseline 0.001 -18"><span class='ocrx_word' id='word_1_197' title='bbox 291 3185 420 3253; x_wconf 85' lang='lat' dir='ltr'><strong>positum,</strong></span> <span class='ocrx_word' id='word_1_198' title='bbox 450 3192 540 3242; x_wconf 88' lang='lat' dir='ltr'><strong>tamen</strong></span> <span class='ocrx_word' id='word_1_199' title='bbox 565 3187 663 3241; x_wconf 84' lang='lat' dir='ltr'><strong>vitiose</strong></span> <span class='ocrx_word' id='word_1_200' title='bbox 682 3187 718 3241; x_wconf 92' lang='lat' dir='ltr'><strong>ad</strong></span> <span class='ocrx_word' id='word_1_201' title='bbox 735 3188 812 3256; x_wconf 90' lang='lat' dir='ltr'><strong>prius</strong></span> <span class='ocrx_word' id='word_1_202' title='bbox 830 3187 981 3241; x_wconf 90' lang='lat' dir='ltr'><strong>membrum</strong></span> <span class='ocrx_word' id='word_1_203' title='bbox 1002 3205 1038 3242; x_wconf 82' lang='lat' dir='ltr'><strong>ex</strong></span> <span class='ocrx_word' id='word_1_204' title='bbox 1059 3190 1197 3245; x_wconf 81' lang='lat' dir='ltr'><strong>inferiore</strong></span> <span class='ocrx_word' id='word_1_205' title='bbox 1215 3187 1263 3240; x_wconf 80' lang='lat' dir='ltr'><strong>loco</strong></span> 
     </span>
     <span class='ocr_line' id='line_1_28' title="bbox 292 3278 1263 3351; baseline -0.002 -19"><span class='ocrx_word' id='word_1_206' title='bbox 292 3278 332 3332; x_wconf 89' lang='lat' dir='ltr'><strong>sic</strong></span> <span class='ocrx_word' id='word_1_207' title='bbox 359 3280 546 3334; x_wconf 88' lang='lat' dir='ltr'><strong>retraberetur</strong></span> <span class='ocrx_word' id='word_1_208' title='bbox 572 3296 680 3346; x_wconf 87' lang='lat' dir='ltr'><strong>nemo,</strong></span> <span class='ocrx_word' id='word_1_209' title='bbox 709 3287 739 3333; x_wconf 92' lang='lat' dir='ltr'><strong>ut</strong></span> <span class='ocrx_word' id='word_1_210' title='bbox 760 3296 793 3335; x_wconf 85' lang='lat' dir='ltr'><strong>ex</strong></span> <span class='ocrx_word' id='word_1_211' title='bbox 812 3278 1069 3346; x_wconf 80' lang='lat' dir='ltr'><strong>cointelligeretur</strong></span> <span class='ocrx_word' id='word_1_212' title='bbox 1090 3284 1263 3351; x_wconf 85' lang='lat' dir='ltr'><strong>quisquan</strong></span> 
     </span>
     <span class='ocr_line' id='line_1_29' title="bbox 290 3371 1263 3442; baseline 0 -18"><span class='ocrx_word' id='word_1_213' title='bbox 290 3373 334 3437; x_wconf 86' lang='lat'><strong>(-</strong></span> <span class='ocrx_word' id='word_1_214' title='bbox 354 3371 435 3440; x_wconf 82' lang='lat' dir='ltr'><strong>longe</strong></span> <span class='ocrx_word' id='word_1_215' title='bbox 462 3372 532 3427; x_wconf 90' lang='lat' dir='ltr'><strong>enim</strong></span> <span class='ocrx_word' id='word_1_216' title='bbox 560 3372 648 3439; x_wconf 86' lang='lat' dir='ltr'><strong>aliter,</strong></span> <span class='ocrx_word' id='word_1_217' title='bbox 673 3371 846 3441; x_wconf 86' lang='lat' dir='ltr'><strong>praecedente</strong></span> <span class='ocrx_word' id='word_1_218' title='bbox 873 3388 981 3437; x_wconf 88' lang='lat' dir='ltr'><strong>nemo,</strong></span> <span class='ocrx_word' id='word_1_219' title='bbox 1011 3384 1081 3442; x_wconf 88' lang='lat' dir='ltr'><strong>post</strong></span> <span class='ocrx_word' id='word_1_220' title='bbox 1111 3375 1263 3441; x_wconf 73' lang='lat' dir='ltr'><strong>intelligitur</strong></span> 
     </span>
     <span class='ocr_line' id='line_1_30' title="bbox 290 3463 1261 3535; baseline 0 -17"><span class='ocrx_word' id='word_1_221' title='bbox 290 3464 365 3519; x_wconf 91' lang='lat' dir='ltr'><strong>notio</strong></span> <span class='ocrx_word' id='word_1_222' title='bbox 386 3463 549 3519; x_wconf 84' lang='lat' dir='ltr'><strong>affirmativa</strong></span> <span class='ocrx_word' id='word_1_223' title='bbox 568 3467 621 3533; x_wconf 87' lang='lat'><strong>-),</strong></span> <span class='ocrx_word' id='word_1_224' title='bbox 641 3481 702 3519; x_wconf 90' lang='lat' dir='ltr'><strong>curn</strong></span> <span class='ocrx_word' id='word_1_225' title='bbox 719 3464 874 3535; x_wconf 78' lang='lat' dir='ltr'><strong>prasertim</strong></span> <span class='ocrx_word' id='word_1_226' title='bbox 892 3472 952 3519; x_wconf 85' lang='lat' dir='ltr'><strong>tota</strong></span> <span class='ocrx_word' id='word_1_227' title='bbox 970 3469 1115 3523; x_wconf 90' lang='lat' dir='ltr'><strong>orationis</strong></span> <span class='ocrx_word' id='word_1_228' title='bbox 1135 3475 1261 3522; x_wconf 77' lang='lat' dir='ltr'><strong>aerucam</strong></span> 
     </span>
     <span class='ocr_line' id='line_1_31' title="bbox 290 3556 1262 3628; baseline 0.001 -16"><span class='ocrx_word' id='word_1_229' title='bbox 290 3557 418 3612; x_wconf 86' lang='lat' dir='ltr'><strong>ostendat</strong></span> <span class='ocrx_word' id='word_1_230' title='bbox 430 3556 587 3612; x_wconf 84' lang='lat' dir='ltr'><strong>Ciceronem</strong></span> <span class='ocrx_word' id='word_1_231' title='bbox 606 3573 685 3612; x_wconf 90' lang='lat' dir='ltr'><strong>suurn</strong></span> <span class='ocrx_word' id='word_1_232' title='bbox 705 3559 813 3628; x_wconf 89' lang='lat' dir='ltr'><strong>utrique</strong></span> <span class='ocrx_word' id='word_1_233' title='bbox 832 3558 953 3613; x_wconf 88' lang='lat' dir='ltr'><strong>membro</strong></span> <span class='ocrx_word' id='word_1_234' title='bbox 973 3559 1137 3616; x_wconf 88' lang='lat' dir='ltr'><strong>subiectum</strong></span> <span class='ocrx_word' id='word_1_235' title='bbox 1156 3560 1262 3614; x_wconf 74' lang='lat' dir='ltr'><strong>dedisse·</strong></span> 
     </span>
     <span class='ocr_line' id='line_1_32' title="bbox 288 3646 1261 3722; baseline 0.001 -19"><span class='ocrx_word' id='word_1_236' title='bbox 288 3650 382 3719; x_wconf 90' lang='lat' dir='ltr'><strong>priori,</strong></span> <span class='ocrx_word' id='word_1_237' title='bbox 402 3649 474 3718; x_wconf 91' lang='lat' dir='ltr'><strong>quod</strong></span> <span class='ocrx_word' id='word_1_238' title='bbox 493 3650 628 3706; x_wconf 91' lang='lat' dir='ltr'><strong>obiectum</strong></span> <span class='ocrx_word' id='word_1_239' title='bbox 645 3651 731 3706; x_wconf 88' lang='lat' dir='ltr'><strong>habet</strong></span> <span class='ocrx_word' id='word_1_240' title='bbox 744 3667 857 3721; x_wconf 78' lang='lat' dir='ltr'><strong>negans,</strong></span> <span class='ocrx_word' id='word_1_241' title='bbox 873 3651 1078 3716; x_wconf 78' lang='lat' dir='ltr'><strong>affirmativum,</strong></span> <span class='ocrx_word' id='word_1_242' title='bbox 1093 3656 1185 3719; x_wconf 82' lang='lat' dir='ltr'><strong>alteri,</strong></span> <span class='ocrx_word' id='word_1_243' title='bbox 1197 3646 1261 3722; x_wconf 83' lang='lat' dir='ltr'><strong>qnod</strong></span> 
     </span>
     <span class='ocr_line' id='line_1_33' title="bbox 290 3743 1260 3818; baseline 0.003 -21"><span class='ocrx_word' id='word_1_244' title='bbox 290 3744 428 3797; x_wconf 86' lang='lat' dir='ltr'><strong>obiectum</strong></span> <span class='ocrx_word' id='word_1_245' title='bbox 456 3743 539 3797; x_wconf 88' lang='lat' dir='ltr'><strong>habet</strong></span> <span class='ocrx_word' id='word_1_246' title='bbox 567 3743 766 3813; x_wconf 78' lang='lat' dir='ltr'><strong>affirmativum,</strong></span> <span class='ocrx_word' id='word_1_247' title='bbox 792 3762 908 3816; x_wconf 85' lang='lat' dir='ltr'><strong>negans:</strong></span> <span class='ocrx_word' id='word_1_248' title='bbox 938 3746 1011 3801; x_wconf 90' lang='lat' dir='ltr'><strong>sine</strong></span> <span class='ocrx_word' id='word_1_249' title='bbox 1041 3765 1111 3818; x_wconf 85' lang='lat' dir='ltr'><strong>quo</strong></span> <span class='ocrx_word' id='word_1_250' title='bbox 1141 3764 1208 3803; x_wconf 88' lang='lat' dir='ltr'><strong>cum</strong></span> <span class='ocrx_word' id='word_1_251' title='bbox 1232 3744 1260 3795; x_wconf 81' lang='lat' dir='ltr'><strong>in</strong></span> 
     </span>
     <span class='ocr_line' id='line_1_34' title="bbox 288 3835 1259 3908; baseline 0.01 -20"><span class='ocrx_word' id='word_1_252' title='bbox 288 3836 361 3889; x_wconf 85' lang='lat' dir='ltr'><strong>vita</strong></span> <span class='ocrx_word' id='word_1_253' title='bbox 394 3835 483 3889; x_wconf 92' lang='lat' dir='ltr'><strong>nihil</strong></span> <span class='ocrx_word' id='word_1_254' title='bbox 520 3835 700 3907; x_wconf 78' lang='lat' dir='ltr'><strong>quisquam</strong></span> <span class='ocrx_word' id='word_1_255' title='bbox 732 3839 919 3908; x_wconf 77' lang='lat' dir='ltr'><strong>egregium,</strong></span> <span class='ocrx_word' id='word_1_256' title='bbox 955 3847 1026 3894; x_wconf 91' lang='lat' dir='ltr'><strong>tum</strong></span> <span class='ocrx_word' id='word_1_257' title='bbox 1064 3850 1166 3896; x_wconf 85' lang='lat' dir='ltr'><strong>certe</strong></span> <span class='ocrx_word' id='word_1_258' title='bbox 1200 3839 1259 3898; x_wconf 68' lang='lat' dir='ltr'><strong>bue</strong></span> 
     </span>
     <span class='ocr_line' id='line_1_35' title="bbox 289 3928 1258 4002; baseline 0.004 -21"><span class='ocrx_word' id='word_1_259' title='bbox 289 3928 380 3995; x_wconf 88' lang='lat' dir='ltr'><strong>quod</strong></span> <span class='ocrx_word' id='word_1_260' title='bbox 398 3936 433 3982; x_wconf 90' lang='lat' dir='ltr'><strong>tu</strong></span> <span class='ocrx_word' id='word_1_261' title='bbox 451 3930 598 3999; x_wconf 84' lang='lat' dir='ltr'><strong>expetis,</strong></span> <span class='ocrx_word' id='word_1_262' title='bbox 617 3947 715 3986; x_wconf 92' lang='lat' dir='ltr'><strong>nemo</strong></span> <span class='ocrx_word' id='word_1_263' title='bbox 734 3948 890 4000; x_wconf 86' lang='lat' dir='ltr'><strong>umquam</strong></span> <span class='ocrx_word' id='word_1_264' title='bbox 909 3934 1154 4002; x_wconf 88' lang='lat' dir='ltr'><strong>assequetur.“</strong></span> <span class='ocrx_word' id='word_1_265' title='bbox 1190 3932 1258 3986; x_wconf 72' lang='lat' dir='ltr'><strong>bunt</strong></span> 
     </span>
     <span class='ocr_line' id='line_1_36' title="bbox 288 4021 1257 4089; baseline 0.002 -15"><span class='ocrx_word' id='word_1_266' title='bbox 288 4037 305 4074; x_wconf 91' lang='lat' dir='ltr'><strong>a</strong></span> <span class='ocrx_word' id='word_1_267' title='bbox 332 4021 462 4089; x_wconf 78' lang='lat' dir='ltr'><strong>Siesbyeo</strong></span> <span class='ocrx_word' id='word_1_268' title='bbox 494 4022 646 4080; x_wconf 89' lang='lat' dir='ltr'><strong>admoneor</strong></span> <span class='ocrx_word' id='word_1_269' title='bbox 672 4025 787 4080; x_wconf 88' lang='lat' dir='ltr'><strong>eandem</strong></span> <span class='ocrx_word' id='word_1_270' title='bbox 814 4025 1034 4080; x_wconf 87' lang='lat' dir='ltr'><strong>emendationem</strong></span> <span class='ocrx_word' id='word_1_271' title='bbox 1065 4029 1102 4083; x_wconf 91' lang='lat' dir='ltr'><strong>ab</strong></span> <span class='ocrx_word' id='word_1_272' title='bbox 1135 4025 1257 4082; x_wconf 82' lang='lat' dir='ltr'><strong>lluldrico</strong></span> 
     </span>
    </p>

    <p class='ocr_par' dir='ltr' id='par_1_5' title="bbox 185 4112 1015 4187">
     <span class='ocr_line' id='line_1_37' title="bbox 185 4112 1015 4187; baseline 0.01 -22"><span class='ocrx_word' id='word_1_273' title='bbox 185 4118 196 4185; x_wconf 48' lang='grc' dir='ltr'><strong>’ν</strong></span> <span class='ocrx_word' id='word_1_274' title='bbox 287 4112 520 4184; x_wconf 58' lang='lat' dir='ltr'><strong>apungrellium</strong></span> <span class='ocrx_word' id='word_1_275' title='bbox 540 4116 639 4172; x_wconf 90' lang='lat' dir='ltr'><strong>deinde</strong></span> <span class='ocrx_word' id='word_1_276' title='bbox 658 4117 693 4172; x_wconf 90' lang='lat' dir='ltr'><strong>ab</strong></span> <span class='ocrx_word' id='word_1_277' title='bbox 712 4118 805 4187; x_wconf 91' lang='lat' dir='ltr'><strong>Ieepio</strong></span> <span class='ocrx_word' id='word_1_278' title='bbox 823 4115 925 4172; x_wconf 81' lang='lat' dir='ltr'><strong>iactam</strong></span> <span class='ocrx_word' id='word_1_279' title='bbox 943 4133 1015 4174; x_wconf 90' lang='lat' dir='ltr'><strong>esse.</strong></span> 
     </span>
    </p>
   </div>
   <div class='ocr_carea' id='block_1_5' title="bbox 0 0 1335 5056">
    <p class='ocr_par' dir='ltr' id='par_1_6' title="bbox 0 0 1335 5056">
     <span class='ocr_line' id='line_1_38' title="bbox 0 0 1335 5056; baseline 0 0"><span class='ocrx_word' id='word_1_280' title='bbox 0 0 1335 5056; x_wconf 95' lang='lat' dir='ltr'><strong> </strong></span> 
     </span>
    </p>
   </div>
  </div>
 </body>
</html>
