<?xml version="1.0" encoding="UTF-8"?>
<!DOCTYPE html PUBLIC "-//W3C//DTD XHTML 1.0 Transitional//EN"
    "http://www.w3.org/TR/xhtml1/DTD/xhtml1-transitional.dtd">
<html xmlns="http://www.w3.org/1999/xhtml" xml:lang="en" lang="en">
 <head>
  <title>
</title>
<meta http-equiv="Content-Type" content="text/html;charset=utf-8" />
  <meta name='ocr-system' content='tesseract 3.04.00' />
  <meta name='ocr-capabilities' content='ocr_page ocr_carea ocr_par ocr_line ocrx_word'/>
</head>
<body>
  <div class='ocr_page' id='page_1' title='image "./ioniemadvigiiad00madvgoog_0452.png"; bbox 0 0 2662 5062; ppageno 0'>
   <div class='ocr_carea' id='block_1_1' title="bbox 418 100 1092 171">
    <p class='ocr_par' dir='ltr' id='par_1_1' title="bbox 418 100 1092 171">
     <span class='ocr_line' id='line_1_1' title="bbox 418 100 1092 171; baseline 0.018 -15"><span class='ocrx_word' id='word_1_1' title='bbox 418 101 449 156; x_wconf 67' lang='lat' dir='ltr'><strong>Io</strong></span> <span class='ocrx_word' id='word_1_2' title='bbox 469 100 569 157; x_wconf 70' lang='lat' dir='ltr'><strong>&amp;usus</strong></span> <span class='ocrx_word' id='word_1_3' title='bbox 585 104 693 171; x_wconf 79' lang='lat' dir='ltr'><strong>qunstt.</strong></span> <span class='ocrx_word' id='word_1_4' title='bbox 711 106 800 159; x_wconf 75' lang='lat' dir='ltr'><strong>untur.</strong></span> <span class='ocrx_word' id='word_1_5' title='bbox 1033 105 1092 167; x_wconf 78' lang='lat'><strong>441</strong></span> 
     </span>
    </p>
   </div>
   <div class='ocr_carea' id='block_1_2' title="bbox 69 298 1138 1018">
    <p class='ocr_par' dir='ltr' id='par_1_2' title="bbox 69 298 1138 1018">
     <span class='ocr_line' id='line_1_2' title="bbox 74 298 1136 381; baseline 0.008 -20"><span class='ocrx_word' id='word_1_6' title='bbox 74 298 264 364; x_wconf 76' lang='lat' dir='ltr'><strong>fulminis</strong></span> <span class='ocrx_word' id='word_1_7' title='bbox 298 298 405 363; x_wconf 82' lang='lat' dir='ltr'><strong>intus</strong></span> <span class='ocrx_word' id='word_1_8' title='bbox 434 299 570 381; x_wconf 83' lang='lat' dir='ltr'><strong>priore</strong></span> <span class='ocrx_word' id='word_1_9' title='bbox 602 299 764 365; x_wconf 86' lang='lat' dir='ltr'><strong>delerit</strong></span> <span class='ocrx_word' id='word_1_10' title='bbox 796 305 835 366; x_wconf 91' lang='lat' dir='ltr'><strong>et</strong></span> <span class='ocrx_word' id='word_1_11' title='bbox 867 301 913 365; x_wconf 84' lang='lat' dir='ltr'><strong>ud</strong></span> <span class='ocrx_word' id='word_1_12' title='bbox 946 321 988 368; x_wconf 87' lang='lat' dir='ltr'><strong>se</strong></span> <span class='ocrx_word' id='word_1_13' title='bbox 1016 303 1136 370; x_wconf 84' lang='lat' dir='ltr'><strong>fidem</strong></span> 
     </span>
     <span class='ocr_line' id='line_1_3' title="bbox 72 403 1137 482; baseline 0.005 -12"><span class='ocrx_word' id='word_1_14' title='bbox 72 404 212 482; x_wconf 79' lang='lat' dir='ltr'><strong>traxit,</strong></span> <span class='ocrx_word' id='word_1_15' title='bbox 234 403 382 468; x_wconf 83' lang='lat' dir='ltr'><strong>fulsum</strong></span> <span class='ocrx_word' id='word_1_16' title='bbox 405 407 484 479; x_wconf 88' lang='lat' dir='ltr'><strong>est,</strong></span> <span class='ocrx_word' id='word_1_17' title='bbox 506 404 804 472; x_wconf 79' lang='lat' dir='ltr'><strong>iullsicsorilritur:</strong></span> <span class='ocrx_word' id='word_1_18' title='bbox 827 406 865 472; x_wconf 86' lang='lat' dir='ltr'><strong>Si</strong></span> <span class='ocrx_word' id='word_1_19' title='bbox 886 407 959 472; x_wconf 90' lang='lat' dir='ltr'><strong>hoe</strong></span> <span class='ocrx_word' id='word_1_20' title='bbox 980 408 1137 476; x_wconf 80' lang='lat' dir='ltr'><strong>dieuntr</strong></span> 
     </span>
     <span class='ocr_line' id='line_1_4' title="bbox 71 510 1137 592; baseline 0.006 -18"><span class='ocrx_word' id='word_1_21' title='bbox 71 510 173 592; x_wconf 88' lang='lat' dir='ltr'><strong>quod</strong></span> <span class='ocrx_word' id='word_1_22' title='bbox 196 510 331 574; x_wconf 81' lang='lat' dir='ltr'><strong>ultore</strong></span> <span class='ocrx_word' id='word_1_23' title='bbox 360 526 422 574; x_wconf 90' lang='lat' dir='ltr'><strong>res</strong></span> <span class='ocrx_word' id='word_1_24' title='bbox 455 527 587 586; x_wconf 85' lang='lat' dir='ltr'><strong>verum</strong></span> <span class='ocrx_word' id='word_1_25' title='bbox 624 510 814 592; x_wconf 80' lang='lat' dir='ltr'><strong>praedixit</strong></span> <span class='ocrx_word' id='word_1_26' title='bbox 848 512 1137 588; x_wconf 83' lang='lat' dir='ltr'><strong>sed-fulminis</strong></span> 
     </span>
     <span class='ocr_line' id='line_1_5' title="bbox 70 614 1137 699; baseline 0.006 -20"><span class='ocrx_word' id='word_1_27' title='bbox 70 617 147 687; x_wconf 82' lang='lat' dir='ltr'><strong>eet,</strong></span> <span class='ocrx_word' id='word_1_28' title='bbox 180 631 304 698; x_wconf 76' lang='lat' dir='ltr'><strong>eiquo</strong></span> <span class='ocrx_word' id='word_1_29' title='bbox 334 614 466 679; x_wconf 80' lang='lat' dir='ltr'><strong>eflicitur</strong></span> <span class='ocrx_word' id='word_1_30' title='bbox 492 633 613 680; x_wconf 84' lang='lat' dir='ltr'><strong>rerum:</strong></span> <span class='ocrx_word' id='word_1_31' title='bbox 657 615 698 681; x_wconf 86' lang='lat' dir='ltr'><strong>si</strong></span> <span class='ocrx_word' id='word_1_32' title='bbox 727 616 796 682; x_wconf 86' lang='lat' dir='ltr'><strong>hoo</strong></span> <span class='ocrx_word' id='word_1_33' title='bbox 823 616 981 682; x_wconf 87' lang='lat' dir='ltr'><strong>dieunt:</strong></span> <span class='ocrx_word' id='word_1_34' title='bbox 1026 619 1137 699; x_wconf 81' lang='lat' dir='ltr'><strong>Quod</strong></span> 
     </span>
     <span class='ocr_line' id='line_1_6' title="bbox 70 720 1138 804; baseline 0.005 -18"><span class='ocrx_word' id='word_1_35' title='bbox 70 721 203 786; x_wconf 76' lang='lat' dir='ltr'><strong>ultera</strong></span> <span class='ocrx_word' id='word_1_36' title='bbox 235 742 299 782; x_wconf 77' lang='lat' dir='ltr'><strong>ors</strong></span> <span class='ocrx_word' id='word_1_37' title='bbox 325 720 526 804; x_wconf 69' lang='lat' dir='ltr'><strong>prediolo,</strong></span> <span class='ocrx_word' id='word_1_38' title='bbox 576 741 707 782; x_wconf 82' lang='lat' dir='ltr'><strong>oerum</strong></span> <span class='ocrx_word' id='word_1_39' title='bbox 740 721 916 798; x_wconf 56' lang='lat' dir='ltr'><strong>crossi</strong></span> <span class='ocrx_word' id='word_1_40' title='bbox 949 722 1138 791; x_wconf 77' lang='lat' dir='ltr'><strong>fulminis</strong></span> 
     </span>
     <span class='ocr_line' id='line_1_7' title="bbox 69 824 1137 909; baseline 0.006 -19"><span class='ocrx_word' id='word_1_41' title='bbox 69 827 87 890; x_wconf 85' lang='lat' dir='ltr'><strong>i</strong></span> <span class='ocrx_word' id='word_1_42' title='bbox 110 844 163 908; x_wconf 90' lang='lat' dir='ltr'><strong>pr.</strong></span> <span class='ocrx_word' id='word_1_43' title='bbox 188 824 260 890; x_wconf 88' lang='lat' dir='ltr'><strong>del.</strong></span> <span class='ocrx_word' id='word_1_44' title='bbox 283 828 330 890; x_wconf 86' lang='lat' dir='ltr'><strong>et</strong></span> <span class='ocrx_word' id='word_1_45' title='bbox 353 824 399 890; x_wconf 84' lang='lat' dir='ltr'><strong>ud</strong></span> <span class='ocrx_word' id='word_1_46' title='bbox 428 845 469 891; x_wconf 87' lang='lat' dir='ltr'><strong>se</strong></span> <span class='ocrx_word' id='word_1_47' title='bbox 496 826 598 902; x_wconf 86' lang='lat' dir='ltr'><strong>f.tr.,</strong></span> <span class='ocrx_word' id='word_1_48' title='bbox 618 826 767 891; x_wconf 84' lang='lat' dir='ltr'><strong>fulsum</strong></span> <span class='ocrx_word' id='word_1_49' title='bbox 800 827 896 892; x_wconf 79' lang='lat' dir='ltr'><strong>est·</strong></span> <span class='ocrx_word' id='word_1_50' title='bbox 914 828 1137 909; x_wconf 75' lang='lat' dir='ltr'><strong>(Alterais,</strong></span> 
     </span>
     <span class='ocr_line' id='line_1_8' title="bbox 69 930 1136 1018; baseline 0.007 -23"><span class='ocrx_word' id='word_1_51' title='bbox 69 932 142 996; x_wconf 84' lang='lat' dir='ltr'><strong>dein</strong></span> <span class='ocrx_word' id='word_1_52' title='bbox 176 930 311 996; x_wconf 85' lang='lat' dir='ltr'><strong>ultore</strong></span> <span class='ocrx_word' id='word_1_53' title='bbox 342 941 430 1010; x_wconf 87' lang='lat' dir='ltr'><strong>res).</strong></span> <span class='ocrx_word' id='word_1_54' title='bbox 488 932 633 997; x_wconf 80' lang='lat' dir='ltr'><strong>Tumor</strong></span> <span class='ocrx_word' id='word_1_55' title='bbox 666 931 803 998; x_wconf 86' lang='lat' dir='ltr'><strong>eiusdem</strong></span> <span class='ocrx_word' id='word_1_56' title='bbox 835 932 861 996; x_wconf 77' lang='lat' dir='ltr'><strong>ll</strong></span> <span class='ocrx_word' id='word_1_57' title='bbox 890 934 1029 1018; x_wconf 82' lang='lat' dir='ltr'><strong>vestigiis</strong></span> <span class='ocrx_word' id='word_1_58' title='bbox 1050 943 1136 1012; x_wconf 87' lang='lat' dir='ltr'><strong>(uon</strong></span> 
     </span>
    </p>
   </div>
   <div class='ocr_carea' id='block_1_3' title="bbox 69 1030 1276 1119">
    <p class='ocr_par' dir='ltr' id='par_1_3' title="bbox 69 1030 1276 1119">
     <span class='ocr_line' id='line_1_9' title="bbox 69 1030 1276 1119; baseline 0.006 -19"><span class='ocrx_word' id='word_1_59' title='bbox 69 1036 1136 1119; x_wconf 75' lang='lat' dir='ltr'><strong>interest,ubieeterinihilinteritlseribendumest:Fatum</strong></span> <span class='ocrx_word' id='word_1_60' title='bbox 1269 1030 1276 1037; x_wconf 69' lang='grc'><em>’</em></span> 
     </span>
    </p>
   </div>
   <div class='ocr_carea' id='block_1_4' title="bbox 34 1143 1194 2277">
    <p class='ocr_par' dir='ltr' id='par_1_4' title="bbox 34 1143 1194 2277">
     <span class='ocr_line' id='line_1_10' title="bbox 69 1143 1135 1234; baseline 0.005 -29"><span class='ocrx_word' id='word_1_61' title='bbox 69 1160 182 1206; x_wconf 92' lang='lat' dir='ltr'><strong>unum</strong></span> <span class='ocrx_word' id='word_1_62' title='bbox 205 1144 278 1214; x_wconf 86' lang='lat' dir='ltr'><strong>eet,</strong></span> <span class='ocrx_word' id='word_1_63' title='bbox 310 1143 408 1226; x_wconf 88' lang='lat' dir='ltr'><strong>quod</strong></span> <span class='ocrx_word' id='word_1_64' title='bbox 430 1145 511 1210; x_wconf 86' lang='lat' dir='ltr'><strong>sire</strong></span> <span class='ocrx_word' id='word_1_65' title='bbox 532 1144 655 1226; x_wconf 88' lang='lat' dir='ltr'><strong>primo</strong></span> <span class='ocrx_word' id='word_1_66' title='bbox 683 1143 858 1226; x_wconf 80' lang='lat' dir='ltr'><strong>auspicio</strong></span> <span class='ocrx_word' id='word_1_67' title='bbox 889 1144 1135 1234; x_wconf 81' lang='lat' dir='ltr'><strong>intellectum</strong></span> 
     </span>
     <span class='ocr_line' id='line_1_11' title="bbox 34 1247 1137 1334; baseline 0.01 -29"><span class='ocrx_word' id='word_1_68' title='bbox 34 1285 38 1305; x_wconf 87' lang='lat'><strong>.</strong></span> <span class='ocrx_word' id='word_1_69' title='bbox 70 1248 234 1312; x_wconf 81' lang='lat' dir='ltr'><strong>estsine</strong></span> <span class='ocrx_word' id='word_1_70' title='bbox 256 1249 437 1323; x_wconf 87' lang='lat' dir='ltr'><strong>seeundo,</strong></span> <span class='ocrx_word' id='word_1_71' title='bbox 462 1268 534 1315; x_wconf 92' lang='lat' dir='ltr'><strong>non</strong></span> <span class='ocrx_word' id='word_1_72' title='bbox 557 1250 705 1314; x_wconf 89' lang='lat' dir='ltr'><strong>interit.</strong></span> <span class='ocrx_word' id='word_1_73' title='bbox 754 1249 822 1334; x_wconf 85' lang='lat' dir='ltr'><strong>[Sin</strong></span> <span class='ocrx_word' id='word_1_74' title='bbox 841 1247 943 1333; x_wconf 74' lang='lat' dir='ltr'><strong>lietu]</strong></span> <span class='ocrx_word' id='word_1_75' title='bbox 977 1250 1137 1316; x_wconf 88' lang='lat' dir='ltr'><strong>Postremo</strong></span> 
     </span>
     <span class='ocr_line' id='line_1_12' title="bbox 69 1352 1137 1439; baseline 0.008 -25"><span class='ocrx_word' id='word_1_76' title='bbox 69 1352 309 1436; x_wconf 67' lang='lat' dir='ltr'><strong>§eiicientur</strong></span> <span class='ocrx_word' id='word_1_77' title='bbox 339 1358 371 1420; x_wconf 89' lang='lat' dir='ltr'><strong>st</strong></span> <span class='ocrx_word' id='word_1_78' title='bbox 394 1355 529 1421; x_wconf 82' lang='lat' dir='ltr'><strong>Hessius</strong></span> <span class='ocrx_word' id='word_1_79' title='bbox 559 1373 594 1420; x_wconf 82' lang='lat' dir='ltr'><strong>er</strong></span> <span class='ocrx_word' id='word_1_80' title='bbox 615 1353 659 1433; x_wconf 80' lang='lat' dir='ltr'><strong>E,</strong></span> <span class='ocrx_word' id='word_1_81' title='bbox 696 1375 786 1439; x_wconf 91' lang='lat' dir='ltr'><strong>quem</strong></span> <span class='ocrx_word' id='word_1_82' title='bbox 814 1359 919 1420; x_wconf 84' lang='lat' dir='ltr'><strong>tumen</strong></span> <span class='ocrx_word' id='word_1_83' title='bbox 952 1374 1005 1438; x_wconf 85' lang='lat' dir='ltr'><strong>per</strong></span> <span class='ocrx_word' id='word_1_84' title='bbox 1034 1358 1137 1422; x_wconf 90' lang='lat' dir='ltr'><strong>omniu</strong></span> 
     </span>
     <span class='ocr_line' id='line_1_13' title="bbox 69 1459 1138 1544; baseline 0.001 -19"><span class='ocrx_word' id='word_1_85' title='bbox 69 1459 155 1543; x_wconf 83' lang='lat' dir='ltr'><strong>sequi</strong></span> <span class='ocrx_word' id='word_1_86' title='bbox 176 1478 238 1525; x_wconf 92' lang='lat' dir='ltr'><strong>nou</strong></span> <span class='ocrx_word' id='word_1_87' title='bbox 260 1461 439 1544; x_wconf 88' lang='lat' dir='ltr'><strong>potueruut,</strong></span> <span class='ocrx_word' id='word_1_88' title='bbox 473 1480 509 1526; x_wconf 87' lang='lat' dir='ltr'><strong>eu</strong></span> <span class='ocrx_word' id='word_1_89' title='bbox 535 1462 718 1543; x_wconf 84' lang='lat' dir='ltr'><strong>posuerunt,</strong></span> <span class='ocrx_word' id='word_1_90' title='bbox 748 1479 815 1544; x_wconf 84' lang='lat' dir='ltr'><strong>quoe</strong></span> <span class='ocrx_word' id='word_1_91' title='bbox 845 1462 877 1524; x_wconf 93' lang='lat' dir='ltr'><strong>et</strong></span> <span class='ocrx_word' id='word_1_92' title='bbox 902 1461 1037 1525; x_wconf 80' lang='lat' dir='ltr'><strong>oratioue</strong></span> <span class='ocrx_word' id='word_1_93' title='bbox 1059 1465 1138 1543; x_wconf 84' lang='lat' dir='ltr'><strong>(per-</strong></span> 
     </span>
     <span class='ocr_line' id='line_1_14' title="bbox 69 1552 1194 1653; baseline 0.001 -22"><span class='ocrx_word' id='word_1_94' title='bbox 69 1567 165 1649; x_wconf 80' lang='lat' dir='ltr'><strong>quod</strong></span> <span class='ocrx_word' id='word_1_95' title='bbox 199 1566 371 1648; x_wconf 84' lang='lat' dir='ltr'><strong>quidem)</strong></span> <span class='ocrx_word' id='word_1_96' title='bbox 406 1569 438 1632; x_wconf 93' lang='lat' dir='ltr'><strong>et</strong></span> <span class='ocrx_word' id='word_1_97' title='bbox 466 1567 619 1632; x_wconf 84' lang='lat' dir='ltr'><strong>sententie</strong></span> <span class='ocrx_word' id='word_1_98' title='bbox 656 1566 712 1645; x_wconf 88' lang='lat' dir='ltr'><strong>(de</strong></span> <span class='ocrx_word' id='word_1_99' title='bbox 748 1571 827 1642; x_wconf 85' lang='lat' dir='ltr'><strong>ere)</strong></span> <span class='ocrx_word' id='word_1_100' title='bbox 861 1565 994 1630; x_wconf 73' lang='lat' dir='ltr'><strong>absurde</strong></span> <span class='ocrx_word' id='word_1_101' title='bbox 1021 1552 1134 1632; x_wconf 83' lang='lat' dir='ltr'><strong>essent.</strong></span> <span class='ocrx_word' id='word_1_102' title='bbox 1192 1648 1194 1653; x_wconf 20' lang='grc' dir='ltr'>Ι</span> 
     </span>
     <span class='ocr_line' id='line_1_15' title="bbox 69 1670 1136 1755; baseline 0.002 -19"><span class='ocrx_word' id='word_1_103' title='bbox 69 1670 270 1737; x_wconf 78' lang='lat' dir='ltr'><strong>Seribenolum</strong></span> <span class='ocrx_word' id='word_1_104' title='bbox 288 1676 351 1739; x_wconf 79' lang='lat' dir='ltr'><strong>‚est</strong></span> <span class='ocrx_word' id='word_1_105' title='bbox 385 1673 447 1738; x_wconf 91' lang='lat' dir='ltr'><strong>fere</strong></span> <span class='ocrx_word' id='word_1_106' title='bbox 470 1692 540 1738; x_wconf 90' lang='lat' dir='ltr'><strong>eum</strong></span> <span class='ocrx_word' id='word_1_107' title='bbox 562 1672 801 1755; x_wconf 70' lang='lat' dir='ltr'><strong>superioribusr‘</strong></span> <span class='ocrx_word' id='word_1_108' title='bbox 836 1671 898 1735; x_wconf 84' lang='lat' dir='ltr'><strong>Itu</strong></span> <span class='ocrx_word' id='word_1_109' title='bbox 931 1670 1029 1737; x_wconf 87' lang='lat' dir='ltr'><strong>dieo:</strong></span> <span class='ocrx_word' id='word_1_110' title='bbox 1065 1691 1136 1737; x_wconf 90' lang='lat' dir='ltr'><strong>nou</strong></span> 
     </span>
     <span class='ocr_line' id='line_1_16' title="bbox 70 1777 1136 1867; baseline 0.001 -26"><span class='ocrx_word' id='word_1_111' title='bbox 70 1777 204 1852; x_wconf 80' lang='lat' dir='ltr'><strong>refert,</strong></span> <span class='ocrx_word' id='word_1_112' title='bbox 224 1796 268 1842; x_wconf 85' lang='lat' dir='ltr'><strong>en</strong></span> <span class='ocrx_word' id='word_1_113' title='bbox 291 1777 398 1842; x_wconf 85' lang='lat' dir='ltr'><strong>eliud</strong></span> <span class='ocrx_word' id='word_1_114' title='bbox 418 1779 481 1856; x_wconf 86' lang='lat' dir='ltr'><strong>sit,</strong></span> <span class='ocrx_word' id='word_1_115' title='bbox 504 1795 569 1861; x_wconf 87' lang='lat' dir='ltr'><strong>per</strong></span> <span class='ocrx_word' id='word_1_116' title='bbox 589 1778 686 1860; x_wconf 87' lang='lat' dir='ltr'><strong>quod</strong></span> <span class='ocrx_word' id='word_1_117' title='bbox 709 1778 925 1867; x_wconf 75' lang='lat' dir='ltr'><strong>querimus,</strong></span> <span class='ocrx_word' id='word_1_118' title='bbox 947 1779 1136 1860; x_wconf 84' lang='lat' dir='ltr'><strong>quonium,</strong></span> 
     </span>
     <span class='ocr_line' id='line_1_17' title="bbox 70 1881 1136 1966; baseline 0.004 -22"><span class='ocrx_word' id='word_1_119' title='bbox 70 1882 205 1966; x_wconf 85' lang='lat' dir='ltr'><strong>dequo</strong></span> <span class='ocrx_word' id='word_1_120' title='bbox 233 1881 454 1966; x_wconf 75' lang='lat' dir='ltr'><strong>querimus,</strong></span> <span class='ocrx_word' id='word_1_121' title='bbox 478 1884 577 1948; x_wconf 86' lang='lat' dir='ltr'><strong>idem</strong></span> <span class='ocrx_word' id='word_1_122' title='bbox 600 1885 669 1948; x_wconf 86' lang='lat' dir='ltr'><strong>est</strong></span> <span class='ocrx_word' id='word_1_123' title='bbox 702 1882 840 1948; x_wconf 78' lang='lat' dir='ltr'><strong>Fatum</strong></span> <span class='ocrx_word' id='word_1_124' title='bbox 869 1882 1032 1946; x_wconf 82' lang='lat' dir='ltr'><strong>fulmine</strong></span> <span class='ocrx_word' id='word_1_125' title='bbox 1054 1902 1136 1948; x_wconf 93' lang='lat' dir='ltr'><strong>mu·</strong></span> 
     </span>
     <span class='ocr_line' id='line_1_18' title="bbox 70 1986 1135 2072; baseline 0.002 -22"><span class='ocrx_word' id='word_1_126' title='bbox 70 1988 143 2052; x_wconf 85' lang='lat' dir='ltr'><strong>tari</strong></span> <span class='ocrx_word' id='word_1_127' title='bbox 181 2007 251 2053; x_wconf 90' lang='lat' dir='ltr'><strong>non</strong></span> <span class='ocrx_word' id='word_1_128' title='bbox 284 1989 423 2071; x_wconf 84' lang='lat' dir='ltr'><strong>potest.</strong></span> <span class='ocrx_word' id='word_1_129' title='bbox 481 1988 591 2054; x_wconf 74' lang='lat' dir='ltr'><strong>Turbae</strong></span> <span class='ocrx_word' id='word_1_130' title='bbox 627 1989 702 2053; x_wconf 80' lang='lat' dir='ltr'><strong>ortae</strong></span> <span class='ocrx_word' id='word_1_131' title='bbox 734 1992 807 2053; x_wconf 89' lang='lat' dir='ltr'><strong>suut</strong></span> <span class='ocrx_word' id='word_1_132' title='bbox 838 2005 873 2052; x_wconf 85' lang='lat' dir='ltr'><strong>er</strong></span> <span class='ocrx_word' id='word_1_133' title='bbox 906 1986 1033 2072; x_wconf 81' lang='lat' dir='ltr'><strong>syllabis</strong></span> <span class='ocrx_word' id='word_1_134' title='bbox 1065 2007 1135 2070; x_wconf 90' lang='lat' dir='ltr'><strong>qno</strong></span> 
     </span>
     <span class='ocr_line' id='line_1_19' title="bbox 71 2090 1133 2176; baseline 0.003 -20"><span class='ocrx_word' id='word_1_135' title='bbox 71 2111 161 2174; x_wconf 82' lang='lat' dir='ltr'><strong>quae</strong></span> <span class='ocrx_word' id='word_1_136' title='bbox 181 2112 218 2157; x_wconf 92' lang='lat' dir='ltr'><strong>se</strong></span> <span class='ocrx_word' id='word_1_137' title='bbox 239 2094 467 2176; x_wconf 85' lang='lat' dir='ltr'><strong>eroipientibus.</strong></span> <span class='ocrx_word' id='word_1_138' title='bbox 525 2091 576 2173; x_wconf 89' lang='lat' dir='ltr'><strong>(In</strong></span> <span class='ocrx_word' id='word_1_139' title='bbox 600 2093 644 2158; x_wconf 85' lang='lat' dir='ltr'><strong>de</strong></span> <span class='ocrx_word' id='word_1_140' title='bbox 675 2090 746 2176; x_wconf 75' lang='lat' dir='ltr'><strong>q&#39;uo</strong></span> <span class='ocrx_word' id='word_1_141' title='bbox 766 2113 804 2158; x_wconf 91' lang='lat' dir='ltr'><strong>ne</strong></span> <span class='ocrx_word' id='word_1_142' title='bbox 827 2094 987 2158; x_wconf 73' lang='lat' dir='ltr'><strong>Iliolrertus</strong></span> <span class='ocrx_word' id='word_1_143' title='bbox 1009 2093 1133 2176; x_wconf 89' lang='lat' dir='ltr'><strong>quidem</strong></span> 
     </span>
     <span class='ocr_line' id='line_1_20' title="bbox 70 2199 245 2277; baseline 0 -13"><span class='ocrx_word' id='word_1_144' title='bbox 70 2199 245 2277; x_wconf 79' lang='lat' dir='ltr'><strong>aberravit.)</strong></span> 
     </span>
    </p>
   </div>
   <div class='ocr_carea' id='block_1_5' title="bbox 169 2286 1273 2388">
    <p class='ocr_par' dir='ltr' id='par_1_5' title="bbox 169 2286 1273 2388">
     <span class='ocr_line' id='line_1_21' title="bbox 169 2286 1273 2388; baseline 0.003 -20"><span class='ocrx_word' id='word_1_145' title='bbox 169 2303 234 2369; x_wconf 86' lang='lat' dir='ltr'><strong>rou.</strong></span> <span class='ocrx_word' id='word_1_146' title='bbox 269 2304 326 2382; x_wconf 77' lang='lat' dir='ltr'><strong>es,</strong></span> <span class='ocrx_word' id='word_1_147' title='bbox 372 2307 403 2367; x_wconf 82' lang='lat' dir='ltr'><strong>l:</strong></span> <span class='ocrx_word' id='word_1_148' title='bbox 446 2305 634 2371; x_wconf 80' lang='lat' dir='ltr'><strong>Permitte</strong></span> <span class='ocrx_word' id='word_1_149' title='bbox 679 2303 773 2369; x_wconf 73' lang='lat' dir='ltr'><strong>mili</strong></span> <span class='ocrx_word' id='word_1_150' title='bbox 813 2303 924 2368; x_wconf 73' lang='lat' dir='ltr'><strong>trram</strong></span> <span class='ocrx_word' id='word_1_151' title='bbox 956 2305 1133 2388; x_wconf 60' lang='lat' dir='ltr'><strong>ligneam</strong></span> <span class='ocrx_word' id='word_1_152' title='bbox 1270 2286 1273 2290; x_wconf 74' lang='grc'><em>’</em></span> 
     </span>
    </p>
   </div>
   <div class='ocr_carea' id='block_1_6' title="bbox 46 2410 1137 3975">
    <p class='ocr_par' dir='ltr' id='par_1_6' title="bbox 68 2410 1135 3127">
     <span class='ocr_line' id='line_1_22' title="bbox 71 2410 1134 2494; baseline 0.001 -20"><span class='ocrx_word' id='word_1_153' title='bbox 71 2414 215 2476; x_wconf 87' lang='lat' dir='ltr'><strong>seetem</strong></span> <span class='ocrx_word' id='word_1_154' title='bbox 237 2411 340 2475; x_wconf 91' lang='lat' dir='ltr'><strong>tueri</strong></span> <span class='ocrx_word' id='word_1_155' title='bbox 363 2427 505 2484; x_wconf 85' lang='lat' dir='ltr'><strong>eorum,</strong></span> <span class='ocrx_word' id='word_1_156' title='bbox 527 2411 590 2494; x_wconf 89' lang='lat' dir='ltr'><strong>qui</strong></span> <span class='ocrx_word' id='word_1_157' title='bbox 613 2410 811 2492; x_wconf 82' lang='lat' dir='ltr'><strong>excipiunt</strong></span> <span class='ocrx_word' id='word_1_158' title='bbox 831 2410 910 2474; x_wconf 87' lang='lat' dir='ltr'><strong>istu</strong></span> <span class='ocrx_word' id='word_1_159' title='bbox 928 2410 1134 2494; x_wconf 76' lang='lat' dir='ltr'><strong>&#39;lerpietiones</strong></span> 
     </span>
     <span class='ocr_line' id='line_1_23' title="bbox 70 2515 1134 2600; baseline 0.001 -20"><span class='ocrx_word' id='word_1_160' title='bbox 70 2516 374 2599; x_wconf 78' lang='lat' dir='ltr'><strong>procurationesque)</strong></span> <span class='ocrx_word' id='word_1_161' title='bbox 410 2518 448 2580; x_wconf 96' lang='lat' dir='ltr'><strong>et</strong></span> <span class='ocrx_word' id='word_1_162' title='bbox 474 2517 576 2582; x_wconf 91' lang='lat' dir='ltr'><strong>nihil</strong></span> <span class='ocrx_word' id='word_1_163' title='bbox 611 2534 696 2582; x_wconf 88' lang='lat' dir='ltr'><strong>esse</strong></span> <span class='ocrx_word' id='word_1_164' title='bbox 730 2515 839 2580; x_wconf 85' lang='lat' dir='ltr'><strong>aliud</strong></span> <span class='ocrx_word' id='word_1_165' title='bbox 882 2535 991 2599; x_wconf 87' lang='lat' dir='ltr'><strong>quem</strong></span> <span class='ocrx_word' id='word_1_166' title='bbox 1027 2535 1134 2600; x_wconf 80' lang='lat' dir='ltr'><strong>aegrae</strong></span> 
     </span>
     <span class='ocr_line' id='line_1_24' title="bbox 70 2621 1135 2706; baseline -0.001 -20"><span class='ocrx_word' id='word_1_167' title='bbox 70 2621 215 2687; x_wconf 89' lang='lat' dir='ltr'><strong>mentis</strong></span> <span class='ocrx_word' id='word_1_168' title='bbox 247 2622 388 2687; x_wconf 79' lang='lat' dir='ltr'><strong>soletis</strong></span> <span class='ocrx_word' id='word_1_169' title='bbox 418 2623 657 2688; x_wconf 82' lang='lat' dir='ltr'><strong>existiment.</strong></span> <span class='ocrx_word' id='word_1_170' title='bbox 704 2621 780 2700; x_wconf 81' lang='lat' dir='ltr'><strong>Quae</strong></span> <span class='ocrx_word' id='word_1_171' title='bbox 809 2621 874 2685; x_wconf 87' lang='lat' dir='ltr'><strong>haeo</strong></span> <span class='ocrx_word' id='word_1_172' title='bbox 901 2621 1037 2706; x_wconf 76' lang='lat' dir='ltr'><strong>exceptio</strong></span> <span class='ocrx_word' id='word_1_173' title='bbox 1067 2624 1135 2686; x_wconf 81' lang='lat' dir='ltr'><strong>est?</strong></span> 
     </span>
     <span class='ocr_line' id='line_1_25' title="bbox 70 2725 1134 2812; baseline -0.002 -20"><span class='ocrx_word' id='word_1_174' title='bbox 70 2725 182 2793; x_wconf 72' lang='lat' dir='ltr'><strong>Serio:</strong></span> <span class='ocrx_word' id='word_1_175' title='bbox 199 2728 589 2812; x_wconf 81' lang='lat' dir='ltr'><strong>quideopieiuutiste.</strong></span> <span class='ocrx_word' id='word_1_176' title='bbox 610 2727 1134 2809; x_wconf 75' lang='lat' dir='ltr'><strong>Fromondus1quiersibilant</strong></span> 
     </span>
     <span class='ocr_line' id='line_1_26' title="bbox 68 2832 1134 2918; baseline 0.001 -22"><span class='ocrx_word' id='word_1_177' title='bbox 68 2832 191 2918; x_wconf 83' lang='lat' dir='ltr'><strong>lougius</strong></span> <span class='ocrx_word' id='word_1_178' title='bbox 225 2832 398 2902; x_wconf 80' lang='lat' dir='ltr'><strong>diseedens:</strong></span> <span class='ocrx_word' id='word_1_179' title='bbox 437 2834 491 2915; x_wconf 85' lang='lat' dir='ltr'><strong>alii</strong></span> <span class='ocrx_word' id='word_1_180' title='bbox 522 2833 704 2900; x_wconf 80' lang='lat' dir='ltr'><strong>reiciunt.</strong></span> <span class='ocrx_word' id='word_1_181' title='bbox 760 2833 844 2917; x_wconf 82' lang='lat' dir='ltr'><strong>(Cup.</strong></span> <span class='ocrx_word' id='word_1_182' title='bbox 878 2832 932 2908; x_wconf 83' lang='lat'><strong>37,</strong></span> <span class='ocrx_word' id='word_1_183' title='bbox 976 2833 995 2894; x_wconf 75' lang='lat' dir='ltr'><strong>f</strong></span> <span class='ocrx_word' id='word_1_184' title='bbox 1027 2851 1134 2896; x_wconf 87' lang='lat' dir='ltr'><strong>rerum</strong></span> 
     </span>
     <span class='ocr_line' id='line_1_27' title="bbox 68 2937 1134 3018; baseline -0.003 -14"><span class='ocrx_word' id='word_1_185' title='bbox 68 2940 204 3004; x_wconf 84' lang='lat' dir='ltr'><strong>seruerit</strong></span> <span class='ocrx_word' id='word_1_186' title='bbox 225 2940 355 3005; x_wconf 83' lang='lat' dir='ltr'><strong>deterior</strong></span> <span class='ocrx_word' id='word_1_187' title='bbox 379 2940 521 3006; x_wconf 84' lang='lat' dir='ltr'><strong>oudinum</strong></span> <span class='ocrx_word' id='word_1_188' title='bbox 541 2941 638 3011; x_wconf 83' lang='lat' dir='ltr'><strong>seete,</strong></span> <span class='ocrx_word' id='word_1_189' title='bbox 660 2939 794 3005; x_wconf 89' lang='lat' dir='ltr'><strong>Bduoe:</strong></span> <span class='ocrx_word' id='word_1_190' title='bbox 837 2938 1013 3018; x_wconf 79' lang='lat' dir='ltr'><strong>Quaeuem</strong></span> <span class='ocrx_word' id='word_1_191' title='bbox 1037 2937 1134 3002; x_wconf 88' lang='lat' dir='ltr'><strong>enirn</strong></span> 
     </span>
     <span class='ocr_line' id='line_1_28' title="bbox 68 3043 1019 3127; baseline -0.004 -17"><span class='ocrx_word' id='word_1_192' title='bbox 68 3064 85 3110; x_wconf 86' lang='lat' dir='ltr'><strong>e</strong></span> <span class='ocrx_word' id='word_1_193' title='bbox 108 3046 170 3111; x_wconf 87' lang='lat' dir='ltr'><strong>dis</strong></span> <span class='ocrx_word' id='word_1_194' title='bbox 189 3045 353 3111; x_wconf 80' lang='lat' dir='ltr'><strong>immori.</strong></span> <span class='ocrx_word' id='word_1_195' title='bbox 374 3045 430 3110; x_wconf 88' lang='lat' dir='ltr'><strong>ite</strong></span> <span class='ocrx_word' id='word_1_196' title='bbox 450 3062 639 3127; x_wconf 85' lang='lat' dir='ltr'><strong>suspense</strong></span> <span class='ocrx_word' id='word_1_197' title='bbox 660 3045 802 3109; x_wconf 82' lang='lat' dir='ltr'><strong>relicte</strong></span> <span class='ocrx_word' id='word_1_198' title='bbox 825 3047 914 3109; x_wconf 85' lang='lat' dir='ltr'><strong>snut</strong></span> <span class='ocrx_word' id='word_1_199' title='bbox 934 3043 1019 3120; x_wconf 82' lang='lat' dir='ltr'><strong>oet).</strong></span> 
     </span>
    </p>

    <p class='ocr_par' dir='ltr' id='par_1_7' title="bbox 46 3148 1137 3975">
     <span class='ocr_line' id='line_1_29' title="bbox 169 3148 1135 3231; baseline -0.006 -15"><span class='ocrx_word' id='word_1_200' title='bbox 169 3152 237 3216; x_wconf 90' lang='lat' dir='ltr'><strong>lbd.</strong></span> <span class='ocrx_word' id='word_1_201' title='bbox 261 3151 312 3227; x_wconf 82' lang='lat'><strong>39,</strong></span> <span class='ocrx_word' id='word_1_202' title='bbox 335 3150 368 3214; x_wconf 73' lang='lat' dir='ltr'><strong>f:</strong></span> <span class='ocrx_word' id='word_1_203' title='bbox 414 3151 549 3216; x_wconf 83' lang='lat' dir='ltr'><strong>Stutus</strong></span> <span class='ocrx_word' id='word_1_204' title='bbox 571 3154 644 3227; x_wconf 87' lang='lat' dir='ltr'><strong>est,</strong></span> <span class='ocrx_word' id='word_1_205' title='bbox 675 3150 740 3214; x_wconf 89' lang='lat' dir='ltr'><strong>ubi</strong></span> <span class='ocrx_word' id='word_1_206' title='bbox 761 3149 873 3229; x_wconf 89' lang='lat' dir='ltr'><strong>rebus</strong></span> <span class='ocrx_word' id='word_1_207' title='bbox 896 3148 1043 3231; x_wconf 85' lang='lat' dir='ltr'><strong>quietis</strong></span> <span class='ocrx_word' id='word_1_208' title='bbox 1068 3165 1135 3210; x_wconf 92' lang='lat' dir='ltr'><strong>neo</strong></span> 
     </span>
     <span class='ocr_line' id='line_1_30' title="bbox 67 3253 1134 3341; baseline -0.004 -20"><span class='ocrx_word' id='word_1_209' title='bbox 67 3257 285 3341; x_wconf 82' lang='lat' dir='ltr'><strong>agentibus</strong></span> <span class='ocrx_word' id='word_1_210' title='bbox 322 3274 391 3322; x_wconf 88' lang='lat' dir='ltr'><strong>nee</strong></span> <span class='ocrx_word' id='word_1_211' title='bbox 433 3256 700 3341; x_wconf 80' lang='lat' dir='ltr'><strong>rogitantibus</strong></span> <span class='ocrx_word' id='word_1_212' title='bbox 739 3255 947 3338; x_wconf 88' lang='lat' dir='ltr'><strong>quicquum</strong></span> <span class='ocrx_word' id='word_1_213' title='bbox 990 3253 1134 3318; x_wconf 91' lang='lat' dir='ltr'><strong>fulmen</strong></span> 
     </span>
     <span class='ocr_line' id='line_1_31' title="bbox 68 3360 1137 3455; baseline -0.003 -28"><span class='ocrx_word' id='word_1_214' title='bbox 68 3362 219 3455; x_wconf 85' lang='lat' dir='ltr'><strong>quidem</strong></span> <span class='ocrx_word' id='word_1_215' title='bbox 252 3361 469 3427; x_wconf 65' lang='lat' dir='ltr'><strong>interuenit</strong></span> <span class='ocrx_word' id='word_1_216' title='bbox 504 3365 541 3427; x_wconf 91' lang='lat' dir='ltr'><strong>et</strong></span> <span class='ocrx_word' id='word_1_217' title='bbox 571 3363 636 3426; x_wconf 86' lang='lat' dir='ltr'><strong>eut</strong></span> <span class='ocrx_word' id='word_1_218' title='bbox 656 3360 827 3425; x_wconf 82' lang='lat' dir='ltr'><strong>minetur</strong></span> <span class='ocrx_word' id='word_1_219' title='bbox 848 3363 914 3425; x_wconf 89' lang='lat' dir='ltr'><strong>ent</strong></span> <span class='ocrx_word' id='word_1_220' title='bbox 937 3361 1137 3443; x_wconf 87' lang='lat' dir='ltr'><strong>promittit</strong></span> 
     </span>
     <span class='ocr_line' id='line_1_32' title="bbox 67 3464 1136 3551; baseline -0.004 -17"><span class='ocrx_word' id='word_1_221' title='bbox 67 3471 133 3534; x_wconf 83' lang='lat' dir='ltr'><strong>aut</strong></span> <span class='ocrx_word' id='word_1_222' title='bbox 153 3472 292 3536; x_wconf 88' lang='lat' dir='ltr'><strong>mouet.</strong></span> <span class='ocrx_word' id='word_1_223' title='bbox 353 3468 422 3533; x_wconf 90' lang='lat' dir='ltr'><strong>Non</strong></span> <span class='ocrx_word' id='word_1_224' title='bbox 456 3466 556 3551; x_wconf 89' lang='lat' dir='ltr'><strong>potuit</strong></span> <span class='ocrx_word' id='word_1_225' title='bbox 577 3467 692 3532; x_wconf 86' lang='lat' dir='ltr'><strong>Seneoe</strong></span> <span class='ocrx_word' id='word_1_226' title='bbox 712 3470 776 3530; x_wconf 86' lang='lat' dir='ltr'><strong>tam</strong></span> <span class='ocrx_word' id='word_1_227' title='bbox 799 3464 942 3549; x_wconf 81' lang='lat' dir='ltr'><strong>ambigue</strong></span> <span class='ocrx_word' id='word_1_228' title='bbox 965 3465 1014 3530; x_wconf 85' lang='lat' dir='ltr'><strong>vel</strong></span> <span class='ocrx_word' id='word_1_229' title='bbox 1035 3466 1136 3548; x_wconf 87' lang='lat' dir='ltr'><strong>potius</strong></span> 
     </span>
     <span class='ocr_line' id='line_1_33' title="bbox 67 3562 1136 3658; baseline -0.005 -17"><span class='ocrx_word' id='word_1_230' title='bbox 67 3578 134 3641; x_wconf 83' lang='lat' dir='ltr'><strong>tem</strong></span> <span class='ocrx_word' id='word_1_231' title='bbox 155 3593 299 3658; x_wconf 85' lang='lat' dir='ltr'><strong>peruerse</strong></span> <span class='ocrx_word' id='word_1_232' title='bbox 322 3562 468 3652; x_wconf 87' lang='lat' dir='ltr'><strong>seribere,</strong></span> <span class='ocrx_word' id='word_1_233' title='bbox 505 3576 541 3638; x_wconf 87' lang='lat' dir='ltr'><strong>ut</strong></span> <span class='ocrx_word' id='word_1_234' title='bbox 560 3576 631 3657; x_wconf 87' lang='lat' dir='ltr'><strong>post</strong></span> <span class='ocrx_word' id='word_1_235' title='bbox 651 3572 769 3637; x_wconf 87' lang='lat' dir='ltr'><strong>rebus</strong></span> <span class='ocrx_word' id='word_1_236' title='bbox 792 3571 942 3655; x_wconf 91' lang='lat' dir='ltr'><strong>quietis</strong></span> <span class='ocrx_word' id='word_1_237' title='bbox 964 3572 1136 3656; x_wconf 82' lang='lat' dir='ltr'><strong>participio,</strong></span> 
     </span>
     <span class='ocr_line' id='line_1_34' title="bbox 46 3676 1136 3764; baseline -0.001 -23"><span class='ocrx_word' id='word_1_238' title='bbox 46 3681 153 3746; x_wconf 63' lang='lat' dir='ltr'><strong>,nullo</strong></span> <span class='ocrx_word' id='word_1_239' title='bbox 175 3679 282 3746; x_wconf 81' lang='lat' dir='ltr'><strong>addito</strong></span> <span class='ocrx_word' id='word_1_240' title='bbox 305 3681 483 3764; x_wconf 83' lang='lat' dir='ltr'><strong>pronomine</strong></span> <span class='ocrx_word' id='word_1_241' title='bbox 504 3680 650 3762; x_wconf 85' lang='lat' dir='ltr'><strong>(nobis),</strong></span> <span class='ocrx_word' id='word_1_242' title='bbox 672 3679 711 3743; x_wconf 86' lang='lat' dir='ltr'><strong>de</strong></span> <span class='ocrx_word' id='word_1_243' title='bbox 733 3676 908 3758; x_wconf 88' lang='lat' dir='ltr'><strong>hominibus</strong></span> <span class='ocrx_word' id='word_1_244' title='bbox 930 3676 1136 3761; x_wconf 81' lang='lat' dir='ltr'><strong>intelligeren-</strong></span> 
     </span>
     <span class='ocr_line' id='line_1_35' title="bbox 64 3782 1136 3870; baseline -0.004 -19"><span class='ocrx_word' id='word_1_245' title='bbox 64 3791 126 3852; x_wconf 86' lang='lat' dir='ltr'><strong>tur.</strong></span> <span class='ocrx_word' id='word_1_246' title='bbox 179 3786 250 3851; x_wconf 86' lang='lat' dir='ltr'><strong>Neu.</strong></span> <span class='ocrx_word' id='word_1_247' title='bbox 267 3785 299 3850; x_wconf 90' lang='lat' dir='ltr'><strong>in</strong></span> <span class='ocrx_word' id='word_1_248' title='bbox 322 3786 529 3870; x_wconf 87' lang='lat' dir='ltr'><strong>superioribus</strong></span> <span class='ocrx_word' id='word_1_249' title='bbox 564 3785 726 3867; x_wconf 81' lang='lat' dir='ltr'><strong>quicquum</strong></span> <span class='ocrx_word' id='word_1_250' title='bbox 750 3782 787 3848; x_wconf 87' lang='lat' dir='ltr'><strong>do</strong></span> <span class='ocrx_word' id='word_1_251' title='bbox 809 3801 936 3848; x_wconf 92' lang='lat' dir='ltr'><strong>rerum</strong></span> <span class='ocrx_word' id='word_1_252' title='bbox 957 3782 1136 3848; x_wconf 82' lang='lat' dir='ltr'><strong>condicione</strong></span> 
     </span>
     <span class='ocr_line' id='line_1_36' title="bbox 64 3889 1137 3975; baseline -0.005 -19"><span class='ocrx_word' id='word_1_253' title='bbox 64 3892 185 3958; x_wconf 88' lang='lat' dir='ltr'><strong>dietum</strong></span> <span class='ocrx_word' id='word_1_254' title='bbox 208 3893 267 3957; x_wconf 88' lang='lat' dir='ltr'><strong>est.</strong></span> <span class='ocrx_word' id='word_1_255' title='bbox 325 3893 433 3975; x_wconf 87' lang='lat' dir='ltr'><strong>ltaque</strong></span> <span class='ocrx_word' id='word_1_256' title='bbox 455 3892 568 3956; x_wconf 88' lang='lat' dir='ltr'><strong>rebus</strong></span> <span class='ocrx_word' id='word_1_257' title='bbox 593 3893 647 3956; x_wconf 86' lang='lat' dir='ltr'><strong>eut</strong></span> <span class='ocrx_word' id='word_1_258' title='bbox 668 3889 838 3955; x_wconf 87' lang='lat' dir='ltr'><strong>tollendum</strong></span> <span class='ocrx_word' id='word_1_259' title='bbox 861 3893 909 3954; x_wconf 89' lang='lat' dir='ltr'><strong>est</strong></span> <span class='ocrx_word' id='word_1_260' title='bbox 931 3892 976 3970; x_wconf 86' lang='lat' dir='ltr'><strong>(et</strong></span> <span class='ocrx_word' id='word_1_261' title='bbox 996 3890 1085 3954; x_wconf 81' lang='lat' dir='ltr'><strong>obest</strong></span> <span class='ocrx_word' id='word_1_262' title='bbox 1105 3889 1137 3952; x_wconf 91' lang='lat' dir='ltr'><strong>iu</strong></span> 
     </span>
    </p>
   </div>
   <div class='ocr_carea' id='block_1_7' title="bbox 0 0 1336 5062">
    <p class='ocr_par' dir='ltr' id='par_1_8' title="bbox 0 0 1336 5062">
     <span class='ocr_line' id='line_1_37' title="bbox 0 0 1336 5062; baseline 0 0"><span class='ocrx_word' id='word_1_263' title='bbox 0 0 1336 5062; x_wconf 95' lang='lat' dir='ltr'><strong> </strong></span> 
     </span>
    </p>
   </div>
  </div>
 </body>
</html>
