2678 5018
258 312 299 374 m
616 310 879 379 mmmm

218 513 319 578 nubite
342 531 359 576 e
380 511 547 595 longinquo
570 511 686 575 clamor
717 509 865 592 pervenit,
901 510 1105 590 superioribus
1122 513 1277 589 xversibus

216 618 288 683 inde
322 617 423 683 a593
446 619 567 681 Amatae
603 617 770 680 interitum.
814 617 962 699 Apparet,
992 617 1049 681 hoe
1083 617 1207 700 poetam
1230 620 1276 685 di·

219 744 295 799 cere,
317 725 357 790 ad
377 725 515 788 Turnum
547 723 651 788 hostes
672 721 735 785 iarn
757 723 880 806 segnius
902 725 1133 805 persequentem
1155 743 1200 803 eo,
1222 727 1275 791 ubi

218 835 294 909 erat,
315 832 444 896 allatum
466 847 533 893 esse
565 847 626 893 non
647 828 726 892 hune
751 829 927 905 clamorem,
954 828 1008 892 sed
1030 830 1196 895 clamorem
1218 831 1276 896 ali-

217 955 309 1020 quem
331 936 429 1001 tristis
450 936 496 999 rei
517 934 669 1012 nuntium,
692 935 946 1017 seribendumque
969 953 1052 1000 esse:

558 1041 676 1107 Attulit
696 1040 753 1103 dne
772 1041 819 1105 illi
842 1044 907 1105 eet..

316 1150 417 1233 Atque
446 1148 491 1213 sic
512 1148 543 1211 in
567 1147 668 1212 codice
690 1149 791 1229 alique
813 1148 1041 1230 Hamburgensi
1063 1147 1202 1232 Heynius
1225 1167 1275 1214 se-

216 1254 316 1319 uunda
337 1273 430 1318 manu
450 1255 599 1349 seriptum
619 1273 685 1319 esse
705 1253 811 1330 tradit,
843 1273 920 1336 qua.
947 1273 1006 1318 non
1029 1256 1195 1320 aucteritas
1218 1259 1276 1332 eut,

216 1360 270 1426 sed
291 1380 364 1426 vera
384 1362 559 1426 coniectura
584 1360 689 1425 multis
710 1362 781 1424 ante
801 1377 852 1423 me
874 1359 962 1424 annis
984 1359 1076 1425 faeta.
1115 1358 1117 1361 ’

317 1465 391 1541 XII,
415 1467 473 1529 731
498 1487 581 1549 sqq:

808 1573 852 1636 At
873 1573 1006 1656 perfidus
1027 1573 1107 1638 eneis

341 1679 493 1763 frangitur
516 1679 546 1743 in
569 1680 729 1762 medioque
752 1680 908 1744 ardentem
930 1680 1044 1746 deserit
1064 1680 1136 1754 ictu,

341 1786 372 1848 ni
394 1785 467 1867 suga
488 1784 623 1850 subsidio
646 1787 763 1851 subeat

316 1891 361 1956 Ut
381 1890 565 1955 sententiam
593 1896 781 1957 enarratores
803 1892 949 1964 efficiant,
982 1891 1080 1955 audiri
1101 1891 1273 1957 huiusmodi

215 1997 332 2081 aliquid
345 1998 467 2062 iubent:
486 1999 537 2075 „et
550 2000 655 2079 pereat
670 1998 822 2080 (perisset)
838 1997 967 2074 Turnus,
984 1998 1046 2075 ni“‚
1070 1999 1127 2062 eet.
1160 1998 1274 2062 Verum

87 2126 90 2133 ·
215 2107 297 2169 reete
332 2105 443 2169 dicitnr
476 2121 546 2167 cum
568 2104 715 2169 brevitate
738 2082 905 2170 rhetorica:
930 2104 1077 2189 „Gladius
1101 2104 1194 2186 capiti
1214 2104 1275 2169 im·

216 2210 378 2293 pendebat,
402 2211 435 2274 ni
456 2209 615 2293 fugisset“‚
650 2210 727 2292 qued
760 2211 790 2274 in
816 2211 917 2295 gladio
939 2211 1134 2293 impendente
1156 2210 1275 2294 signiti-

216 2320 303 2383 aatur
323 2318 402 2382 ictus
414 2315 534 2381 futurus
545 2318 577 2381 et
591 2317 753 2381 eonsilium
765 2316 892 2380 feriendi
905 2317 971 2395 („et
980 2317 1075 2380 ictum
1087 2315 1273 2394 dedisset“);
1289 2336 1292 2343 ¹

215 2423 286 2488 ferri
319 2425 412 2488 etiam
443 2424 557 2507 potest:
596 2422 805 2499 „Curuabatur
836 2423 916 2486 ensis
950 2423 994 2498 (et
1028 2421 1142 2485 tractus
1164 2423 1300 2496 essens

214 2530 274 2596 nini
295 2530 392 2594 ictum
416 2530 642 2602 retinuisset“;·
660 2528 712 2593 sed
733 2529 898 2593 ridiculum
920 2547 1040 2610 prorsus
1064 2528 1128 2591 est:
1161 2527 1272 2605 „Frac-

213 2639 264 2701 tus
297 2639 345 2701 est
375 2637 469 2708 ensis,
508 2638 539 2700 ni
568 2635 729 2719 fugisset‘,
765 2634 846 2717 quod
881 2636 913 2698 in
947 2635 1042 2698 fracto
1073 2632 1167 2696 Turni
1201 2651 1272 2697 eune

213 2744 299 2808 nulia
322 2743 462 2808 mimima
493 2745 540 2807 est
571 2739 755 2825 significatio
788 2742 866 2804 ictus
895 2742 933 2805 ab
957 2739 1128 2804 adversario
1151 2739 1271 2804 venturi

215 2852 268 2912 aut
290 2849 410 2913 omnino
435 2848 479 2912 rei
501 2849 606 2929 ceptae
631 2848 662 2910 et
693 2849 814 2931 longius
850 2866 1052 2930 progressura
1075 2848 1107 2909 et
1128 2845 1271 2910 effaetum

216 2953 376 3031 habiturae,
410 2954 469 3018 nisi
491 2955 563 3037 fuga
585 2954 759 3036 preveniat.
814 2953 987 3018 Periculum
1019 2970 1053 3016 er
1077 2952 1173 3016 traete
1199 2969 1272 3015 ense

213 3062 321 3126 natum
353 3080 430 3125 nova
461 3079 509 3125 res
542 3062 588 3125 est
621 3063 652 3123 et
673 3080 726 3143 per·
748 3079 780 3125 se
813 3059 1019 3144 significanda.
1078 3055 1210 3131 Addam,
1233 3056 1270 3121 de

215 3166 287 3251 fuga
308 3187 432 3249 prorsus
456 3185 595 3249 perverse
620 3168 690 3249 poni
712 3167 845 3229 seteidio
867 3166 976 3243 entire,
998 3148 1272 3248 quod'dieiturde

213 3273 350 3338 adiutare
383 3276 413 3336 et
450 3272 605 3338 defensore
633 3272 814 3338 adveniente
838 3275 869 3338 et
890 3260 1157 3362 appropinquante.
1203 3266 1271 3334 Ita-

214 3400 271 3463 que
292 3379 486 3452 Ribbenkiua
525 3379 583 3443 hoc
604 3378 769 3456 intellecto,
792 3381 907 3444 lacunae
928 3380 1032 3461 notam
1054 3373 1165 3459 posuit.
1210 3373 1272 3439 Sed

152 3532 153 3537 η
213 3486 365 3550 salvares
389 3487 446 3562 est,
470 3485 561 3550 modo
585 3486 676 3550 verba
698 3488 779 3550 reete
801 3486 1068 3568 interpungantur:

377 3592 528 3675 frangitur
549 3591 581 3654 in
603 3591 763 3674 medioque
787 3592 945 3656 ardentem
967 3578 1081 3655 deserit
1103 3588 1176 3651 ictu.
1279 3674 1284 3685 .

380 3698 422 3761 Ni
443 3698 516 3782 fuga
537 3697 680 3770 subsidio,
703 3698 820 3762 subeat.
864 3699 954 3782 Fugit
975 3697 1054 3761 ocior
1075 3695 1165 3758 Eure.

316 3800 427 3877 letum,
452 3822 541 3886 quem
566 3804 677 3867 inferre
699 3821 755 3865 non
778 3804 886 3884 putuit,
909 3803 975 3884 ipse
997 3802 1114 3880 subeat,
1137 3800 1168 3863 ni
1190 3799 1272 3883 fugae
1304 3794 1318 3823 ³

211 3909 346 3974 subsidio
368 3904 480 3973 utatur.

309 4016 358 4080 Ad
380 4014 540 4080 AEneidem
572 4016 636 4080 haec
665 4015 766 4092 erant,
798 4033 864 4097 quae
897 4016 1076 4080 conferrem.
1121 4012 1271 4099 Geqrgiea

211 4122 303 4201 (retro
356 4123 438 4186 enim
486 4125 657 4203 temporum
677 4121 842 4237 &ordinem
881 4123 1002 4205 sequar)
1048 4122 1149 4186 minue
1175 4200 1178 4203 ,
1205 4118 1272 4185 stu-

1246 4266 1309 4338 5²¹3,
