2656 5056
251 245 311 311 m
420 249 422 254 ·
611 243 873 314 mmmm

210 441 474 515 incredibilis
490 444 534 516 ⁴in
556 442 660 506 hune
682 439 1097 515 eademliberalitas
1116 444 1267 510 exuritis

209 554 286 628 set,
320 567 388 615 nos
420 549 522 614 hune
553 548 629 613 iam
661 545 814 629 pridem
844 549 884 614 in
914 549 1009 616 foro
1034 570 1114 617 non
1137 551 1269 617 habere·

209 674 302 722 mus.
346 655 546 724 scribendum
569 653 709 720 videtur:
732 652 813 720 uisi
837 701 844 717 .
871 702 879 717 .
903 675 1070 723 summa
1092 659 1134 722 in
1155 675 1269 732 omnes,

209 760 476 830 incredibilis
498 761 537 824 iu
559 760 663 824 hunc
684 762 719 825 et
739 757 850 826 divina
871 759 1131 830 liberalitas
1152 764 1268 838 cet.,boc

211 870 268 946 eet
291 869 351 934 uisi
372 866 541 935 liberalitas
564 864 703 942 dennis,
734 882 802 948 qnae
829 865 861 929 in
893 885 1010 933 omnes
1033 887 1163 935 summa
1182 871 1266 946 estin

210 974 292 1039 huno
313 973 502 1040 incredibilis
524 974 556 1038 et
578 970 682 1036 divina
704 971 928 1047 exstitisset.*)

311 1160 374 1228 Pro
397 1160 550 1228 barcello
570 1161 627 1225 10:
650 1160 822 1225 omnium
843 1159 1148 1230 Marcellorum
1168 1183 1269 1230 meum

210 1269 352 1351 pectus
374 1267 565 1332 memoris
586 1264 749 1332 offudit
786 1251 938 1333 Inusitate
963 1271 1125 1336 memoria
1138 1269 1267 1335 offundere

210 1379 316 1457 peetus
349 1373 415 1439 eins
448 1372 568 1450 dicitnr,
603 1371 656 1456 qui
688 1390 756 1437 earn
792 1390 861 1436 eum
900 1373 1130 1442 benevolentia
1151 1379 1182 1442 et
1201 1379 1268 1459 gran

210 1479 312 1546 animo
334 1479 449 1545 recolit.
498 1476 631 1542 Videtur
652 1477 757 1544 Cicero
779 1476 960 1559 scripsisse:
985 1481 1168 1548 oninium
1190 1483 1267 1546 llar-

210 1583 1268 1667 cellornm<in>meumpectus<se>memoriaeltndit

236 1768 237 1775 χ
310 1703 387 1769 lbid.
420 1703 473 1768 12:
504 1703 632 1783 ipsam
668 1703 883 1767 victoriam
916 1701 1080 1770 vicisse
1115 1705 1266 1777 videris.

209 1828 375 1886 cumea,
405 1828 488 1893 quae
516 1806 592 1872 illa
623 1809 710 1872 eret
730 1808 891 1890 adepta,
915 1809 1045 1875 vietis
1070 1812 1269 1877 remisisti.

209 1913 308 1979 Valde
340 1914 487 1979 inusitate
520 1910 648 1978 victoria
680 1912 792 1995 adepta
823 1931 890 1980 ease
922 1913 1047 1991 dieitur,
1084 1935 1156 1999 qna
1184 1915 1268 1982 Cesar

208 2018 356 2086 vincendo
377 2019 509 2102 adeptus
530 2021 606 2098 erat,
629 2036 685 2085 neo
703 2021 809 2100 aptum
831 2019 904 2085 hnic
920 2022 1087 2087 seutentiae
1103 2019 1266 2086 remittendi

209 2127 344 2191 verbum.
401 2125 503 2190 cnder
535 2124 712 2190 Fuldensis:
746 2129 869 2190 erant.
929 2127 1136 2193 Scribendom
1171 2129 1268 2213 igitur:

209 2250 291 2297 eum
314 2250 372 2309 ea,
396 2250 478 2314 qum
500 2230 574 2295 ills
596 2232 713 2297 eruut
734 2219 896 2315 adempte,
918 2232 1047 2298 vietis
1070 2235 1268 2306 remisisti,

209 2338 238 2401 id
261 2338 318 2416 est,
340 2335 513 2402 reddidisti.

309 2524 448 2611 Philipp.
466 2524 506 2603 ΙΙ,
531 2525 585 2588 19:
609 2525 698 2591 Hae
719 2529 759 2590 tu
783 2545 855 2592 non
878 2529 1046 2608 propter
1067 2529 1264 2594 audaciam

207 2632 310 2696 dieis
331 2634 410 2696 tam
438 2631 711 2713 impudenter,
739 2632 808 2697 sed
838 2633 932 2715 quia
960 2636 1120 2700 tantam
1150 2652 1265 2701 rerum

206 2736 515 2822 repugnantiam
538 2755 611 2802 non
637 2735 785 2802 videas.
813 2737 927 2803 Nihil
950 2739 1142 2822 profecto
1164 2738 1266 2824 sapis.

206 2843 256 2909 Sic
278 2842 373 2909 codex
399 2841 577 2907 Vaticanus.
626 2841 745 2908 Vitium
779 2843 924 2910 orationis
957 2853 1088 2927 apparet
1123 2829 1163 2911 in*
1188 2847 1265 2929 quie
1319 2827 1320 2857 ¹

309 2948 466 3024 rideas,
505 2947 651 3030 quoniam
690 2951 719 3014 in
754 2949 812 3016 hac
842 2950 1049 3017 affirmatione
1083 2953 1266 3019 coniunctim

203 3054 289 3120 leons
311 3073 370 3120 non
392 3054 449 3118 est.
493 3052 613 3119 Deinde
634 3058 704 3136 post
719 3056 797 3121 hano
812 3056 1069 3122 affirmationem:
1093 3057 1166 3123 sed
1188 3057 1264 3142 qnia

256 3319 282 3389 *l
302 3324 318 3385 ἕ
336 3319 372 3376 43
390 3321 456 3376 nibil
481 3327 532 3390 est,
559 3339 609 3378 cnr
635 3338 690 3378 non
717 3330 792 3380 recte
820 3323 946 3379 dicantur
972 3333 1090 3395 turpes
1118 3327 1266 3399 impensa

301 3413 542 3484 cupiditatum,
561 3432 623 3485 qnae
642 3415 711 3471 fiant
729 3417 764 3472 ad
783 3417 949 3487 cupiditates
968 3419 1130 3489 explendas.
1169 3418 1263 3478 Deinde

301 3506 341 3562 sio
360 3506 533 3563 scribendum
560 3516 617 3564 est:
647 3508 817 3567 lebentem
844 3511 993 3581 excepit,
1020 3528 1183 3570 corruere
1210 3527 1263 3568 non

299 3599 394 3666 sivit,
412 3598 513 3656 fulsit
530 3608 563 3656 et
581 3602 747 3657 sustinuit
765 3619 812 3672 re,
830 3602 915 3672 lide,
935 3604 1105 3673 hodieque
1124 3607 1260 3661 sustinet

299 3694 369 3758 (baec
396 3709 451 3748 une
480 3694 550 3749 serie
578 3701 652 3750 recte
670 3690 821 3751 decurrunt
838 3696 872 3753 de
890 3697 934 3764 iis,
962 3713 1024 3765 quae
1044 3699 1141 3754 Caesar
1159 3698 1263 3754 Rabirio

297 3785 432 3854 tribuerit,
462 3802 577 3854 quornm
609 3787 772 3843 sententiam
794 3788 915 3844 breviter
939 3797 1086 3846 coematur
1116 3793 1214 3861 aliquis
1237 3792 1261 3844 in

296 3879 422 3948 margine
441 3880 648 3949 comprehendit
664 3880 721 3936 illie
739 3881 842 3938 verbis:
870 3898 930 3938 nec
957 3883 1095 3940 amicum
1123 3885 1259 3956 pruden-

299 3976 362 4025 tem
382 3980 435 4027 cet.
471 3971 577 4027 Deinde
596 3974 731 4029 tramitnr
752 3974 787 4030 ad
812 3976 969 4043 generalem
994 3976 1112 4033 Caemris
1136 3976 1262 4039 laudem)

294 4059 361 4117 Nec
379 4062 477 4120 illius
497 4066 597 4122 animi
615 4073 666 4122 oet
