2662 5046
245 284 308 349 m
482 255 486 261 ’
605 283 869 356 mmmm

202 483 348 570 (epistola
378 486 476 546 mutar
506 481 685 556 wolmero,
729 483 790 548 hoe
831 486 896 558 est,
937 484 1079 550 volumen
1120 496 1271 572 sequens).

202 590 307 656 busur
341 588 418 654 nihil
453 588 620 672 seripsernt
651 586 712 654 nisi
737 587 813 652 hoot
846 588 887 652 ut
922 587 1049 654 instsr
1085 593 1196 658 muri·
1219 592 1273 658 nn

203 713 321 779 super
342 694 575 778 praeberent,
598 692 657 758 hoo
677 693 736 771 est,
758 694 839 757 nnuri
861 693 923 758 viru
939 712 1091 778 usumque
1112 697 1272 765 baberent.

206 800 270 879 Qui
287 798 543 866 munimentis
564 798 737 881 uduoripsit,
774 798 904 863 inetur
924 798 1022 864 muri
1041 800 1150 867 tumen
1171 804 1273 869 obiec-

200 907 271 998 turn
284 923 351 971 esse
361 904 524 984 intellexit,
535 903 599 980 sed,
611 902 685 987 quid
696 905 784 968 esset
792 907 890 966 esur
894 905 1272 989 protere(nlieuins),nou

206 1010 374 1076 intellexit:
394 1010 524 1080 deiude..
538 1009 592 1092 qni
614 1008 742 1074 instar
758 1009 923 1091 muripro
938 1013 1118 1094 tnuquern
1139 1033 1271 1080 murus

201 1117 372 1199 acceperet
385 1115 631 1181 munimeuts
645 1114 728 1188 feeit,
747 1132 787 1179 ue
802 1115 995 1196 preberet
1009 1116 1130 1183 obieeto
1142 1121 1272 1186 nsrsret.

204 1222 426 1288 Additamento
446 1220 612 1286 munilestu
626 1237 736 1284 omnes
758 1218 881 1284 oodiees
903 1220 1018 1286 hubent
1038 1222 1062 1297 1,
1102 1223 1145 1285 54
1168 1229 1273 1302 (seu-

202 1330 367 1408 serunt),
382 1321 1272 1408 ll,·l(lnbiberunt-12(contento),'lb(eorum).

203 1434 245 1496 20
266 1433 376 1516 (quod
397 1434 481 1502 erut
560 1431 780 1514 oporteret,
801 1431 927 1497 tnrbntu
948 1433 1101 1498 rbeiorios
1122 1435 1272 1502 orationis

199 1539 319 1611 formu),
343 1539 401 1613 Ill,
422 1538 444 1600 9
464 1537 670 1616 (eertiores
696 1536 819 1617 fanti),
838 1537 892 1615 IV,
913 1536 934 1599 3
956 1540 1123 1623 (stetque
1144 1541 1271 1626 quod),

98 1693 106 1700 .
205 1644 245 1706 10
277 1645 420 1728 (quent
451 1644 491 1708 iu
514 1655 695 1708 oeennum
728 1641 893 1718 influit),
925 1643 969 1718 V,
1005 1643 1045 1707 28
1079 1651 1271 1730 (mugnus,

202 1751 286 1815 rento
313 1749 472 1815 subletum
503 1767 523 1814 n
549 1747 735 1819 Schneidero
766 1748 800 1813 et
828 1749 1010 1823 Duobnero:
1048 1750 1178 1817 rilionle
1200 1754 1272 1836 post

205 1855 453 1937 quantasvis,
491 1854 547 1918 boe
568 1855 627 1930 est,
659 1852 717 1918 vel*
734 1854 896 1930 murinum,
918 1854 1135 1937 superadditur
1156 1875 1267 1943 meg-

200 1977 270 2024 nes
296 1961 441 2039 etism),
474 1958 553 2034 Vll,
585 1958 626 2021 47
659 1955 942 2038 (eontionstns,
972 1961 1054 2043 quod
1073 1961 1141 2044 ipse
1163 1966 1268 2029 sustu-

203 2066 312 2143 lerem,
346 2065 482 2132 nonlum
511 2064 635 2147 cognitu
655 2064 782 2130 Gruten'
814 2063 1052 2147 emendatione).
1096 2067 1169 2149 Ipse
1191 2087 1270 2151 prn-

202 2170 348 2236 termissn
368 2172 409 2260 ub
429 2170 500 2237 eliis
521 2169 734 2236 additamenta
759 2171 863 2236 notaui
895 2171 926 2248 1,
962 2170 1002 2234 26
1025 2172 1101 2253 (si),
1134 2173 1196 2252 lV,
1229 2175 1270 2237 24

198 2278 472 2361 (oppressio-¹)
978 2298 982 2311 ·

299 2384 368 2449 lbd.
391 2383 433 2446 22
453 2383 527 2475 ipss·
543 2382 711 2448 incideram
732 2381 765 2447 in
785 2381 1033 2448 emendationem
1048 2387 1269 2475 necessarium,

52 2471 58 2483 ’
195 2507 294 2572 qnam
319 2487 714 2565 permansissemus,
737 2488 836 2552 amieo
860 2504 931 2553 mo
952 2485 984 2575 ee
1007 2489 1081 2555 oum
1104 2491 1267 2575 discipulo,

200 2596 395 2678 praeoeptnm.
444 2594 640 2678 lnsptissime
660 2591 755 2659 euim
786 2592 903 2658 milites
924 2601 1136 2678 {quemqnam
1169 2615 1209 2662 ue
1237 2596 1269 2661 bi

196 2700 324 2783 qudem
346 2719 476 2785 usquam
497 2700 529 2764 iu
551 2698 696 2782 proximis
728 2717 784 2782 per
820 2700 1102 2783 sesepnrutinnque
1120 2702 1269 2785 appellati

194 2807 291 2885 -sunti
307 2806 452 2872 linuntur
470 2807 596 2869 ἀὲυοηὲε
628 2803 800 2890 lspions'bun
828 2804 975 2882 (nblstiso
996 2812 1090 2884 vorsu)
1123 2811 1268 2885 minure,

200 2911 289 2993 qussi
313 2912 429 2977 milites
450 2912 586 2995 legiones
608 2913 728 2995 regunt.
766 2911 968 2978 scribendum
992 2913 1087 2996 igitur
1110 2916 1268 2981 ostreum

199 3016 366 3080 diverso
387 3017 459 3096 (boe
478 3019 537 3093 est,
558 3019 627 3083 loeo
638 3017 670 3082 et
680 3016 803 3101 regione
820 3019 981 3100 seperate)
994 3017 1164 3102 lepioner
1184 3021 1268 3086 sliae

193 3122 278 3188 ulis
302 3122 340 3188 in
366 3126 477 3205 parte
502 3123 678 3189 hostibus
703 3110 947 3189 resisterent
977 3124 1030 3199 At,
1046 3123 1131 3191 diem
1146 3127 1269 3211 uliquis

199 3228 425 3295 violentissime
443 3229 598 3295 ublstirus
619 3229 650 3294 in
672 3229 899 3296 semenstrem
919 3232 1068 3295 mumtnr.
1091 3230 1269 3316 Siquidem

200 3352 295 3400 ounss
322 3333 428 3423 ruendi
450 3354 521 3401 nou
547 3334 714 3400 munliestn
735 3335 825 3412 esset,
855 3352 891 3398 er
922 3353 968 3400 eo
986 3335 1060 3413 orti,
1088 3337 1169 3418 quod
1200 3360 1269 3400 cnm

192 3439 371 3505 oouinnotio
395 3441 435 3507 eb
455 3441 601 3508 oseitnnti
621 3438 746 3507 librario
768 3439 943 3524 propositio
964 3439 1072 3506 babitu
1093 3444 1152 3538 est.

203 3637 400 3647 ...η-ι...

216 3779 241 3846 “)
265 3780 303 3844 ΙΙ,
321 3783 339 3838 4
357 3780 429 3834 reete
447 3779 575 3836 scribitur
591 3778 776 3835 inoodieibue
793 3779 985 3836 deterioribus:
1003 3781 1045 3837 sd
1062 3780 1150 3836 bunc
1170 3798 1231 3852 pro
1238 3797 1269 3852 p·

269 3876 322 3928 ter
347 3871 519 3927 institisru
548 3871 842 3943 prudentiumque
868 3894 1010 3928 nnnnnn
1036 3873 1151 3930 totius
1181 3873 1268 3930 belll

268 3963 406 4020 deferri.
434 3961 468 4034 ln
485 3963 642 4020 melioribus
659 3980 691 4020 ex
711 3980 878 4021 summurn
896 3968 986 4022 ortum
1004 3944 1047 4022 est
1064 3982 1176 4033 sunus,
1195 3966 1271 4036 qnos

268 4056 295 4112 ln
314 4056 334 4112 l.
354 4053 495 4110 bnrbsrnn
513 4057 561 4120 est,
581 4054 678 4112 deiude
698 4056 821 4115 nlilitum
840 4074 999 4114 summum
1016 4060 1078 4130 post
1097 4058 1196 4115 belli.
