2662 5046
228 281 334 344 228¹
459 264 461 267 ’
584 279 852 350 1111111111.

187 483 296 550 cuins
316 482 354 546 in
376 478 551 561 imperio,
584 477 646 561 qui
677 496 790 561 remp.
824 481 978 544 senatus
1014 480 1257 547 auctoritate

190 590 379 662 servarat,
410 584 458 671 [ie
478 584 580 648 domi
606 604 642 646 ee
662 584 740 667 aad]
767 584 925 668 denique
960 583 997 649 in
1030 585 1163 665 ltalia,
1195 588 1258 671 qui

189 711 319 761 omnes
352 689 515 758 omnium
547 688 720 773 gentium
747 691 878 770 partes
899 690 1024 755 tribus
1047 689 1258 774 triumphis

166 795 435 874 devinxerat,
468 795 501 860 ie
537 811 575 859 se
612 795 650 858 in
686 794 845 876 publico
877 795 962 860 tuto
996 795 1141 861 statuit
1173 813 1258 863 esse

188 923 258 969 non
280 920 400 987 posse.

289 1007 359 1074 lbd
380 1005 436 1070 30:
469 1005 556 1085 Qua
578 1005 638 1070 lex
658 1005 827 1087 privatis
848 1005 1066 1072 hominibus
1091 1025 1176 1072 esse
1198 1009 1259 1073 lar

188 1135 259 1182 non
281 1110 499 1188 videbatur,
519 1110 652 1176 inuste
672 1128 738 1192 per
762 1129 907 1188 servos,
939 1112 1064 1177 incisa
1084 1130 1150 1194 per
1171 1113 1258 1186 vim,

189 1220 373 1304 imposita
405 1233 471 1297 per
502 1214 775 1290 latrocinium,
810 1215 969 1281 ,sublato
1008 1219 1145 1282 senatu
1173 1265 1181 1282 .
1208 1266 1253 1283 ..

189 1326 327 1391 contra
365 1339 496 1386 omnes
524 1322 638 1404 leges
672 1321 787 1386 nullo
819 1321 971 1404 scripta
1004 1341 1125 1400 mora,
1157 1323 1260 1390 hanc

189 1430 257 1514 qui
280 1448 319 1494 se
340 1428 515 1491 metuere
537 1425 733 1506 dicerent,
755 1427 822 1492 hos
847 1426 1029 1493 consules
1057 1478 1065 1495 .
1089 1476 1097 1492 .
1120 1477 1129 1494 .
1157 1428 1261 1494 fasti

190 1537 264 1602 ulli
300 1534 401 1599 farre
434 1533 621 1614 possunt?
672 1532 757 1597 lnuri
788 1533 838 1598 lex
873 1532 986 1609 aliem,
1018 1534 1077 1598 atsi
1099 1532 1259 1608 audacter,

191 1643 277 1708 reete
303 1643 409 1705 tamen
431 1637 554 1714 dicitur,
584 1654 655 1702 cum
675 1637 773 1725 invito
794 1639 888 1704 alicui
909 1640 942 1702 et
962 1656 1043 1722 aegre
1062 1637 1173 1704 serenti
1195 1640 1261 1705 vio·

189 1747 291 1813 lenter
323 1743 492 1826 imponitur
526 1744 593 1825 (pro
629 1742 696 1808 Mil.
726 1743 790 1824 33);
815 1743 965 1818 absolute,
998 1745 1112 1810 omisso
1144 1744 1260 1819 dativo,

191 1854 351 1917 inurere
383 1849 507 1932 legem
531 1848 591 1913 dici
620 1850 736 1932 nequit,
768 1851 828 1915 hoo
853 1848 979 1933 quidem
999 1849 1066 1915 loco
1087 1868 1123 1915 eo
1143 1850 1260 1926 minus,

192 1955 274 2042 qnod
295 1953 408 2039 gradus
430 1953 490 2017 rei‹
507 1953 636 2036 propriis
665 1956 766 2022 verbis
790 1954 1004 2040 significantur
1026 1955 1175 2033 (inusta

193 2059 342 2139 incisa).
401 2059 510 2142 ltaque
540 2078 665 2141 prorsus
701 2063 774 2144 puto
806 2060 1021 2130 scribendum:
1057 2060 1162 2123 iussa
1194 2080 1263 2144 per

193 2184 336 2233 servos.
394 2164 502 2248 [ldem'
517 2165 659 2231 llrnestio
681 2167 714 2231 in
736 2169 873 2232 mentem
895 2165 1045 2250 venerat]

292 2271 360 2337 Ibd.
382 2271 436 2334 68:
470 2271 536 2336 sed
557 2272 688 2336 tamen
709 2272 905 2337 lubricum
926 2289 1046 2355 genus
1067 2273 1262 2338 orationis

193 2377 439 2443 adolescenti
475 2395 548 2442 non
591 2378 736 2442 acriter
773 2375 1025 2460 intelligenti
1061 2381 1124 2444 est
1161 2397 1264 2463 saepe

192 2501 371 2567 praeceps.
433 2482 654 2564 Epicureorum
687 2483 860 2548 orationem
896 2482 972 2548 dicit
1005 2483 1154 2550 lubricam
1182 2504 1263 2560 ease,

193 2607 254 2653 non
277 2587 314 2653 de
335 2586 461 2654 lubricae
492 2589 638 2653 orationis
668 2589 804 2671 periculo
839 2608 892 2673 per
924 2608 967 2654 11.
1017 2589 1265 2657 deridentes

194 2711 294 2776 saepe
316 2710 498 2776 praeceps.
544 2693 614 2777 [Sic
635 2695 730 2760 etiam
751 2695 901 2780 Pluygers
923 2695 1040 2760 Mnem.
1062 2695 1093 2760 X
1117 2716 1146 2779 p.
1172 2696 1262 2782 101]

295 2798 362 2863 Ibd.
385 2798 443 2861 69:
490 2798 626 2880 ltaque
659 2800 917 2866 admissarius
939 2800 1029 2873 iste,
1064 2801 1181 2867 simul
1203 2805 1264 2869 at-

196 2922 266 2989 que
316 2903 469 2970 eudivit
516 2905 761 2988 voluptatem
805 2926 824 2970 a
871 2906 1098 2988 philosopho
1152 2909 1264 2975 tanto

194 3028 308 3094 opere
330 3009 500 3086 laudari,
522 3012 623 3078 nihil
644 3013 866 3095 expiscatus
889 3012 962 3088 oat;
985 3010 1042 3076 sic
1066 3029 1266 3078 1111111-

196 3136 259 3183 eus
296 3116 548 3198 voluptarios
584 3136 716 3183 omnes
748 3117 950 3189 incitavit,
990 3116 1046 3181 sic
1078 3115 1123 3181 ad
1150 3117 1265 3183 illins

196 3222 294 3287 hanc
329 3218 550 3286 orationem
584 3220 825 3299 adhinnivit,
871 3223 915 3286 ut
950 3225 1010 3286 cet.
1049 3219 1149 3300 .de
1180 3224 1267 3305 expi-

197 3326 346 3393 scaudum
378 3326 446 3391 erat
473 3326 507 3391 11
533 3328 740 3409 percontando
765 3326 1007 3392 inveniendum?
1043 3328 1076 3391 et
1111 3327 1266 3410 quidhoc

196 3433 324 3497 verbum
360 3449 431 3497 oum
464 3430 637 3498 admissarii
678 3433 885 3516 appellatione
918 3432 1115 3496 coniunctum
1149 3433 1267 3500 habet?

197 3537 375 3623 Requiritur
406 3537 553 3616 verbum,
583 3536 665 3621 quod
697 3536 961 3620 tergiversationis
998 3537 1031 3601 et
1061 3537 1266 3605 haesitationis

197 3642 455 3727 significationem
489 3643 602 3709 habeat
632 3643 673 3709 ad
695 3641 910 3708 admissarium
935 3642 1055 3724 aptam3
1094 3662 1202 3709 verum
1234 3644 1268 3709 id

198 3749 289 3832 quela
310 3747 416 3823 fuerit,
439 3766 476 3813 ex
497 3749 675 3832 quotidiano
704 3751 736 3814 et
765 3747 884 3830 plebeio
912 3766 970 3811 usu
991 3747 1194 3827 arcessitum,
1219 3751 1268 3814 vir

198 3853 260 3919 dici
291 3854 417 3937 poterit.
475 3854 570 3919 Venit
603 3855 635 3920 in
660 3853 799 3919 mentem
831 3852 970 3934 potuisse
1003 3853 1183 3921 Ciceronem
1212 3876 1265 3940 pro

199 3959 363 4043 deponenti
383 3976 497 4043 ponere
531 3960 636 4025 nihil
670 3958 855 4043 arriperes
888 3963 960 4023 est.
1020 3960 1267 4027 Hariolationem

200 4065 282 4130 hane
299 4081 367 4129 esse
388 4063 463 4130 scio.
