2662 5046
7 4377 9 4464 i

452 654 756 714 cremonensem.
814 628 827 646 '⁸
1036 662 1092 724 191

74 874 157 923 enen
177 857 308 922 solnm
332 854 464 922 Groeoe
495 856 618 940 loqui.
668 856 755 921 Nniii
774 874 851 921 eene
872 857 909 921 in-
925 861 1062 924 mentem
1084 879 1137 925 ve-

76 963 134 1027 nire
154 963 281 1044 poteret
311 962 436 1027 tentum
469 961 500 1025 in
535 960 673 1026 barbaris
695 961 815 1026 oesibns
838 961 980 1027 Graeeem
997 964 1139 1033 littam

69 1067 213 1134 'temnere
241 1077 313 1138 tneo
335 1066 367 1130 in
388 1066 493 1143 reete).
551 1063 770 1130 Soribendnmr
806 1069 875 1131 ent
901 1068 1012 1130 entem
1046 1069 1136 1135 inor·

73 1171 175 1237 teris
197 1171 361 1236 ensibus
384 1170 551 1237 (ironeam
579 1171 759 1265 litteram
782 1169 979 1240 semime.
1036 1173 1136 1258 (Kep-

76 1277 296 1341 seme-ritinm
319 1277 432 1353 eenrit;
453 1276 639 1342 porrectione
659 1288 734 1341 usne
755 1278 803 1341 est
825 1281 858 1342 et
877 1279 1011 1346 violento
1036 1281 1137 1346 etin·

78 1381 174 1459 ieiioi;
215 1403 285 1443 eam
312 1382 384 1463 post
404 1382 482 1443 duae
502 1381 586 1446 nullo
613 1381 702 1446 modo
723 1383 762 1446 ed
783 1383 922 1466 superins
942 1384 1020 1449 illud
1047 1382 1136 1449 Gne·

76 1506 140 1548 m
161 1485 302 1549 sesam·
316 1486 422 1551 referri
442 1488 561 1570 poteret
581 1504 638 1551 neo
659 1504 695 1551 eo
715 1486 781 1552 looo
802 1489 833 1552 id
854 1506 1020 1571 pronomen
1041 1490 1134 1572 poni.)

78 1590 171 1657 Penio
192 1595 265 1674 post
290 1591 380 1674 §161
402 1593 507 1675 oporte
527 1609 582 1675 pro
604 1591 851 1676 loquebamur
872 1592 1066 1659 scribentium
1087 1597 1136 1660 oet

76 1695 336 1789 loquebantur
359 1696 398 1762 ie
424 1697 589 1780 superioris
620 1697 982 1776 sessonensium,
1016 1716 1154 1776 eornm„

75 1802 125 1883 qni
156 1804 390 1884 postremam
421 1803 595 1868 litteram
626 1801 895 1878 detrehebent3
932 1802 1052 1893 eedsio
1072 1802 1135 1869 ie‘m

74 1904 258 1990 Heusinger.
889 1917 893 1926 '

171 2045 240 2111 ibi.
264 2045 325 2109 227
348 2046 561 2112 seniendnm:
598 2046 662 2109 recl
688 2049 755 2131 (pro
778 2051 826 2129 ee)
847 2068 917 2115 neo
938 2048 1136 2115 sententie

75 2149 154 2216 nilo
177 2151 320 2216 estest.
375 2145 528 2236 (Alioquin
551 2153 648 2218 esset:
684 2166 805 2235 neque
837 2155 902 2217 eut
938 2154 1136 2221 sententie

75 2307 82 2318 .
104 2305 112 2322 .
135 2307 143 2320 .
167 2259 235 2321 ant
257 2307 264 2320 .
290 2305 296 2318 .
325 2305 344 2336 .,
364 2257 422 2321 etei
444 2258 598 2324 sententie
619 2260 792 2342 repugnat.)

171 2395 241 2461 Ibd.
266 2395 344 2461 231:
387 2395 480 2463 Nam
514 2397 557 2461 de
587 2395 773 2462 lendibus
804 2397 927 2462 multe
951 2376 1134 2480 diximus,

73 2501 212 2584 quibus
266 2503 359 2567 sunt
410 2502 488 2567 elio
529 2502 734 2585 perspiene
778 2502 879 2568 vitia
923 2504 1134 2570 oontrerie

74 2605 172 2672 Sorib.
214 2606 289 2670 itta
323 2607 523 2689 perspicue
558 2608 671 2684 vitis,
708 2627 774 2691 qnae
809 2608 900 2689 poulo
928 2609 1000 2673 ente
1028 2607 1134 2676 Cicero

72 2713 276 2788 enumeravit,
296 2715 342 2786 nt.
364 2713 415 2796 qni
436 2731 473 2777 ee
493 2713 580 2792 vitet,
602 2712 708 2777 lendes
730 2718 942 2806 consequetur.

170 2839 241 2906 led.
272 2838 348 2933 239:
391 2840 516 2923 Atque
542 2845 583 2905 nt
609 2841 724 2923 plene
746 2859 876 2925 genus
903 2841 989 2920 hoo,
1027 2841 1132 2925 quod

69 2961 141 3029 ogo
161 2944 300 3023 leudo,
323 2945 607 3029 contempsisse
622 2946 848 3024 rideeninr,
870 2947 934 3011 ent
955 2947 1136 3013 scribent

71 3050 226 3133 eliquid
248 3099 256 3116 .
279 3099 287 3117 .
309 3096 319 3115 .
344 3052 411 3115 ont
431 3051 628 3134 reperiem
651 3053 737 3135 ipse
757 3052 889 3118 eedem
911 3051 1135 3120 ooneioione

67 3156 135 3238 qni
162 3156 222 3220 nti
249 3154 367 3235 velit,
397 3159 443 3222 nt
476 3158 545 3222 eut
575 3156 681 3222 diest
714 3161 778 3223 ent
804 3158 958 3224 sonibet
985 3208 992 3222 .
1021 3208 1028 3226 .
1057 3204 1065 3220 .
1093 3177 1134 3224 eo

66 3279 231 3344 =genere,
256 3280 336 3345 'quo
363 3262 427 3328 ilii
454 3263 601 3328 nolunt
643 3262 770 3328 Frustra
791 3263 977 3330 recentiores
995 3263 1061 3331 heo
1081 3262 1136 3330 de-

70 3365 199 3432 -imdore
219 3369 378 3433 oonentnr.
432 3365 523 3433 Nihil·
549 3367 631 3434 enim
650 3367 692 3433 ed
713 3369 809 3446 illem,
843 3384 902 3451 qne
934 3368 1040 3437 Cioero
1062 3387 1136 3436 nens

70 3474 131 3547 eet.
150 3474 401 3555 prorooetionom
424 3473 567 3558 pertinet,
588 3492 679 3558 quem
705 3475 771 3558 ipse
795 3476 972 3558 reperturos
994 3475 1049 3552 sit3
1083 3492 1137 3539 ne·

72 3596 135 3660 *nne
155 3578 224 3661 ipse
246 3578 303 3644 hoo
323 3578 452 3663 sesoipit
472 3578 590 3654 oneris,
626 3580 663 3644 nt
693 3579 842 3646 eiusmodi
870 3581 1026 3647 hominem
1047 3597 1137 3661 repo·

76 3683 152 3761 riet;
174 3683 208 3748 id
230 3685 342 3768 egitur,
361 3685 416 3761 illi,
439 3704 515 3769 qnos
537 3686 642 3751 eontra
665 3684 748 3762 dicit,
770 3686 843 3769 quid
863 3687 923 3769 ipsi
944 3686 1137 3767 fecerepos-

75 3787 141 3854 nint
156 3789 292 3855 rei'nntre
318 3791 375 3855 ent
404 3790 444 3856 ed
465 3790 539 3872 quie
567 3790 743 3859 ieeiondum
776 3790 871 3855 nlinrn
894 3791 1044 3856 eidnoere
1061 3798 1138 3871 'pos-

81 3893 151 3960 eint
197 3894 294 3961 Beote
314 3896 410 3982 igitur
430 3896 486 3962 elii
506 3898 540 3962 et
559 3897 680 3964 oodioes
701 3899 734 3962 et
755 3896 886 3962 editores
916 3896 1136 3981 reperiente

84 3998 136 4063 mi
155 4000 272 4067 residet
290 4002 374 4067 nlind
395 4002 541 4087 pusillum
561 4003 724 4077 mendumr
748 4001 945 4067 eonibendnm
968 4005 1016 4067 est
1037 4000 1161 4067 onimr·

83 4107 148 4169 ent
175 4108 396 4191 *reperiant
433 4108 514 4193 ipro
548 4109 679 4175 oedem
716 4106 944 4173 oondioione
979 4107 1043 4190 qui
1079 4106 1138 4170 eti

88 4209 185 4275 nolit
239 4210 397 4298 [lehniuer
417 4215 630 4297 reperiam,
651 4216 738 4298 ipse
760 4185 920 4297 eedem]
1156 4205 1158 4210 ’

178 4316 293 4408 iisdem
315 4343 483 4422 oeoesione
518 4361 578 4426 qne
600 4344 755 4427 superiore
773 4344 805 4408 in
828 4345 946 4409 oretore
969 4341 1138 4417 emendem,
