2580 5054
244 297 284 358 σε
456 251 457 257 ¹
603 294 662 350 urs.
688 295 709 348 1.
735 295 801 364 cap.
820 294 867 350 rr.

303 490 389 557 Nihil
412 491 450 558 de
472 491 594 557 leminis
617 493 687 556 ante
710 490 827 556 dictum
851 494 910 576 est,
941 493 998 557 sed
1020 492 1058 558 de
1079 493 1152 572 cibis,
1167 490 1214 553 unde
1254 548 1258 580 3

204 619 283 666 nunc
304 599 344 666 ad
366 618 479 664 novum
499 617 595 683 genus
625 597 793 679 voluptatis
822 599 986 664 transitur.
1033 600 1134 682 Itaque
1151 596 1218 675 a'lbgr

202 708 385 772 mendosum
408 707 456 770 est
478 703 731 787 scribendumque
754 699 943 789 καλήν.*)

304 850 338 916 Ρ.
362 848 402 911 34
425 869 440 911 e
463 849 507 924 (in
529 845 694 928 Amphidis
716 845 918 929 fragmento:

356 948 430 1020 Ουίι
453 960 556 1029 ἔστιν,
580 945 624 1024 οἷς
646 959 745 1029 ἔοικε,
769 946 953 1038 φάρμακον
973 959 1090 1038 μέθης

353 1054 454 1128 ουίλὲν
476 1060 633 1126 τοιοῦτον
656 1053 699 1132 υλς
722 1054 760 1125 ου’
784 1072 996 1144 προσπεσεῖν
1023 1057 1117 1144 ἄφνω

353 1162 468 1252 λύπην
488 1159 562 1232 τιν’.
585 1162 692 1241 οὕτως
714 1160 881 1242 ἐξελαύνει
904 1164 970 1252 γοὶρ
996 1161 1124 1250 σφόδρα

354 1276 457 1359 λῆρον
480 1271 563 1341 ὥστε
586 1266 647 1346 τας
669 1268 842 1357 ῥαφάνους
864 1270 952 1339 οὕτω
978 1274 1102 1342 δοκεῖν.

302 1416 424 1482 Nomen
447 1412 552 1501 λήρου
574 1435 643 1481 cnm
660 1415 808 1480 radiculis
823 1434 841 1478 a
856 1419 948 1497 poeta
963 1418 1160 1483 coniunctum
1172 1414 1237 1479 inisse

203 1541 239 1588 eo
272 1522 457 1605 significatu,
491 1542 550 1605 quo
585 1522 697 1588 dicitur
730 1520 768 1586 de
798 1541 829 1586 re
859 1523 890 1585 in
920 1524 1150 1604 comparatione
1178 1519 1240 1586 alteri

204 1630 296 1714 longe
318 1628 449 1707 cedenti,
471 1628 575 1711 plnres
597 1626 832 1703 intellexerunt}
860 1628 939 1693 illud
967 1647 1030 1692 non
1063 1629 1241 1695 attenderint

205 1735 371 1801 desiderari
404 1736 561 1802 obiectum
582 1735 678 1808 verbi.
700 1733 781 1817 quod
804 1736 852 1799 est
873 1729 1079 1813 ἐξελαύνειν,
1103 1736 1261 1823 lusisseqns

205 1840 391 1922 Amphidem
415 1844 447 1908 in
469 1843 536 1925 ipso
559 1844 619 1907 rori
644 1835 747 1925 λήρου
769 1840 891 1906 nomine
906 1843 939 1905 st
954 1841 1073 1924 duplici
1089 1840 1245 1927 significatu

203 1949 240 2011 ut
259 1945 393 2029 primum
424 1948 546 2016 dicatur
575 1949 612 2013 de
642 1948 733 2033 nugis
762 1950 794 2012 et
819 1947 934 2012 cerebri
957 1966 993 2011 ex
1018 1948 1093 2014 vino
1117 1932 1247 2031 perturba·

203 2053 297 2129 tione
319 2053 430 2120 deinde
453 2057 550 2122 altero
571 2055 626 2120 illo
648 2053 754 2120 modo:

506 2220 514 2235 .
538 2219 546 2236 .
571 2221 579 2238 .
603 2221 611 2238 .
635 2169 741 2246 eiicere
763 2166 929 2249 ἐξελαύνει
953 2167 1022 2258 peip
1046 2167 1172 2258 σφόδρα

353 2275 429 2345 οόν
452 2281 568 2366 λῆρον,
592 2275 674 2345 ὥστε
697 2275 758 2353 ‘cdo
776 2274 948 2366 ῥαφάνους
972 2281 1020 2364 λῇ
1029 2305 1107 2363 ρον
1130 2282 1233 2347 δοκεῖν.

204 2418 273 2486 Non
295 2418 452 2487 intellecto
481 2422 550 2486 lusu
580 2440 687 2487 nomen
714 2420 809 2487 altero
839 2423 904 2486 loco
930 2423 1083 2488 omissum
1107 2443 1126 2487 a
1147 2424 1246 2490 librario

204 2527 253 2593 est
275 2545 440 2611 versusque
462 2529 548 2593 inani
570 2529 694 2593 tibicine
717 2528 823 2594 tultus.

303 2667 339 2735 P.
363 2669 403 2730 49
426 2688 452 2733 a.
485 2669 518 2732 ln
533 2671 820 2734 commemoratione
834 2671 955 2752 generis
971 2671 1135 2738 cniusdam
1152 2691 1247 2738 mena·

131 2761 133 2765 Α
203 2794 273 2840 mm
295 2774 482 2859 elegantium
506 2781 537 2840 et
558 2775 759 2859 pretiosarum
782 2773 897 2839 Cratini
919 2777 1059 2842 cibantur
1081 2798 1184 2845 versus
1205 2779 1246 2842 dno
1277 2851 1278 2875 ρ

203 2880 247 2948 sio
269 2880 390 2964 scripti:

287 3012 478 3095 Γαυριώοαι
502 3003 530 3077 d’
553 3005 781 3095 αναμὲνουσιν
803 2999 859 3077 etd’
880 3015 1154 3100 ἒπηγλαὶομὲναι
1187 3094 1189 3097 v

285 3120 445 3203 μείρακες
468 3119 604 3203 φαιδραὶ
628 3114 789 3205 τράπεζαι
805 3120 989 3202 τρισκελεῖς
1005 3120 1248 3206 σφενδάμνιναι.

301 3247 435 3313 Etiamsi
464 3268 525 3314 non
554 3267 609 3330 per
638 3268 670 3314 se
696 3248 856 3330 appareret
888 3267 1010 3315 mensas
1044 3271 1108 3318 non
1136 3251 1249 3336 potina

201 3351 385 3435 simpliciter
413 3356 497 3437 ipsas
525 3356 672 3440 appellari
700 3359 865 3438 μείρακας
894 3352 1043 3441 φαιδρός
1066 3357 1250 3445 (virgunculas

200 3458 339 3537 hilares).
363 3463 468 3526 tamen
489 3460 524 3526 id
546 3481 712 3529 concursus
734 3480 893 3545 perversus
925 3462 1138 3546 epithetornm
1168 3465 1250 3531 dect·

200 3569 294 3646 reret,
324 3567 460 3651 nequid
483 3569 583 3634 dicam
607 3570 645 3635 de
666 3568 811 3636 adverbio
834 3555 889 3634 οἷδ’
910 3568 1015 3651 inepte
1037 3572 1150 3654 posito.
1198 3570 1250 3636 Una

202 3671 307 3739 littera
329 3676 449 3741 mutata
470 3677 656 3741 sententiam
679 3681 710 3741 et
731 3674 899 3740 orationem
920 3674 1083 3743 restituet:

200 3842 332 3851 ψ.-
344 3848 433 3852 *ju-⁴

255 3938 283 4005 *l
301 3941 378 3998 Inter
393 3945 538 4012 mirabilia,
554 3963 616 4015 quae
630 3947 658 4002 in
672 3961 701 4000 re
717 3945 814 4000 critica
832 3944 968 4013 accidunt,
983 3963 1100 4004 numero
1121 3950 1252 4020 neglectam

300 4032 329 4087 P.
349 4035 384 4090 28
401 4036 415 4090 f
430 4039 459 4092 in
481 4039 606 4095 Alexidis
626 4038 778 4109 fragmento
802 4053 894 4094 reram
916 4039 1093 4111 scripturam,
1116 4060 1193 4112 qnam
1210 4042 1254 4094 ian

301 4124 479 4185 casaubonus
496 4132 664 4198 restituerat,
684 4131 873 4202 ἐγγράφων.
