2678 5018
256 284 296 349 ω
613 285 873 356 ffiumu

212 483 302 569 plene
324 500 415 567 preve
436 481 480 548 ibi
501 483 635 564 additur,
660 486 746 569 quusi
768 486 831 551 ruri
859 504 930 551 eum
951 485 1049 550 servis
1070 503 1129 549 nen
1151 485 1272 551 iuturus

212 590 254 656 sit
276 589 439 667 villicus¹l
610 662 612 673 Ι

164 774 168 783 ι
221 716 256 743 -’
312 695 581 779 A.P.50sqq.:

233 788 248 848 ἓ
366 802 479 886 fingere
501 800 645 866 cinctutis
667 822 727 868 non
749 803 890 868 exaudite
912 802 1056 887 Cethegis

367 908 531 991 continget,
553 907 733 992 dabiturque
754 910 878 975 lieentia
898 911 1021 992 sumpta
1042 909 1205 993 pudenter;

368 1019 400 1080 et
422 1036 499 1083 neue
520 1018 650 1101 fletuque
672 1037 768 1101 nuper
788 1017 943 1081 habebunt
964 1015 1056 1081 verba
1078 1015 1180 1091 fidem,
1204 1015 1231 1080 si

368 1121 473 1189 Graeeo
496 1125 578 1189 fonte
600 1124 708 1190 eadent
730 1143 820 1207 perce
843 1106 971 1187 detorta.
1142 1207 1144 1212 Ι

212 1225 319 1311 Neque
342 1227 449 1298 Graeeo
479 1230 562 1294 ihute
594 1233 696 1295 emnia
727 1230 838 1295 cedere
856 1229 1004 1294 Horatius
1025 1227 1133 1306 voluit,
1163 1242 1272 1309 neque,

210 1353 282 1418 quae*
292 1334 398 1401 Graeco
410 1337 494 1401 fonte
510 1336 661 1410 caderent,
679 1355 757 1402 nore
767 1355 923 1420 nuperque
938 1335 1012 1399 ficta
1025 1332 1124 1399 dieere
1141 1333 1272 1415 peterat.

213 1442 296 1507 Duas
321 1441 476 1526 signifieat·
506 1443 572 1508 vias
597 1444 744 1509 sermonis
769 1442 860 1525 patrii
881 1442 1022 1526 augendi,
1057 1441 1093 1502 ut
1117 1439 1175 1504 aut⁸
1195 1455 1273 1503 nove

209 1545 366 1630 fingentur
387 1552 440 1612 aut
461 1567 478 1612 e
500 1548 604 1614 Greeo
625 1551 707 1615 fonte
728 1569 819 1634 peree
841 1549 939 1615 verbe
958 1547 1145 1612 deriventur.
1190 1544 1271 1609 Seri-

209 1652 344 1717 heudum
367 1658 507 1720 retracta¹
522 1656 680 1738 particula,
704 1676 770 1740 quae
795 1656 939 1721 facillime
961 1653 1034 1719 elidi
1055 1653 1190 1734 poteret:

274 1762 306 1825 et
326 1780 405 1826 nove
426 1762 557 1844 ficteque
579 1782 674 1844 nuper
696 1763 853 1828 habebunt
874 1759 967 1825 verbu
987 1759 1091 1835 fidem,
1115 1766 1141 1819 el
1162 1755 1190 1821 si

277 1865 383 1931 Graeeo
404 1868 488 1931 fonte
510 1867 621 1932 eadent
641 1888 730 1951 paree
752 1869 879 1933 detorta.

209 1972 272 2054 (De
294 1992 323 2036 v.
346 1971 408 2035 350
429 1973 491 2037 diri
513 1974 572 2039 vol.
597 1975 612 2038 Ι
633 1995 662 2058 p.
686 1976 749 2055 68.)

311 2079 340 2141 A
362 2079 494 2162 Vergilio
519 2080 705 2164 Horatioque
729 2079 860 2155 venium,
883 2077 996 2144 omisso
1017 2073 1149 2150 Tibulle,
1181 2090 1271 2156 quem

209 2188 278 2267 post
311 2185 424 2267 primus
445 2187 621 2268 professorii
653 2187 788 2251 muneris
810 2202 904 2249 annus
936 2185 1036 2249 totum
1059 2199 1117 2245 non
1142 2180 1270 2264 perlegi,

208 2291 244 2355 et
264 2289 303 2356 ed
328 2310 418 2375 quem
441 2292 521 2358 nihil
552 2292 647 2358 haheo
671 2294 862 2369 annotatum,
898 2288 1131 2374 quededitione
1148 2286 1273 2371 dignum

213 2397 265 2473 sit,
297 2396 336 2461 ed
352 2397 528 2477 (Ovidium,
565 2400 591 2463 si
622 2417 773 2481 perpauca
808 2396 1022 2484 Propertienu
1053 2394 1276 2486 interposuere,

209 2521 285 2585 quae,
305 2524 391 2569 ⁴eum
421 2509 494 2571 ante
524 2505 652 2589 triginta
681 2524 774 2570 annos
796 2507 1001 2580 annotassem,
1034 2500 1185 2582 occupata
1214 2516 1273 2564 neu

213 2607 299 2675 video
317 2613 461 2694 certaque
483 2630 551 2676 esse
571 2616 654 2703 puto.
697 2610 778 2676 Nem

315 2716 340 2792 l,
363 2717 392 2793 2,
415 2717 434 2778 9
457 2720 490 2783 et
514 2717 552 2779 10
575 2719 652 2801 quod
675 2719 719 2783 sie
741 2721 848 2783 edunt:

337 2823 465 2904 hspiee,
488 2844 547 2908 quo
570 2825 738 2890 summittit
758 2825 869 2890 humus
890 2823 1025 2888 formose
1046 2818 1161 2908 celeres

347 2934 378 2996 et
399 2932 523 2996 venient
544 2931 664 2997 hederae
686 2935 795 3014 sponte
817 2953 873 2997 sua
895 2930 1013 3003 melius,

346 3041 451 3122 surgat
473 3039 554 3103 etin
577 3040 650 3104 solis
672 3039 791 3104 felicius
812 3039 938 3104 arbutus
964 3034 1071 3109 antris,

349 3145 381 3207 et
401 3146 480 3209 sciet
500 3145 643 3210 indociles
668 3164 788 3209 currere
808 3143 933 3228 lympha
954 3142 1031 3213 vies,
1074 3164 1076 3174 ¹

207 3287 406 3301 ’ᾕ-

241 3361 262 3430 ¹)
281 3363 303 3428 1,
331 3366 355 3431 d,
385 3352 401 3420 7
428 3365 501 3417 reete
529 3363 613 3418 oratio
640 3311 821 3432 distinguitui
847 3360 918 3430 apud
948 3358 1085 3414 Kellerum
1117 3359 1150 3410 ut
1176 3354 1272 3408 ludicra

279 3456 469 3526 (Spielsaehen,
488 3457 535 3525 Ep.
555 3458 577 3521 I,
604 3459 628 3520 1,
649 3459 695 3519 10)
717 3459 791 3507 muru
809 3455 884 3507 Indos
910 3454 1008 3505 diaetis
1032 3452 1164 3512 dicuntur,
1198 3451 1271 3503 certe

280 3551 363 3605 etiam
381 3532 509 3606 oratiohis
535 3550 633 3624 formu:
665 3549 725 3616 quid
742 3568 820 3600 censes
846 3568 943 3600 munera
971 3561 1040 3600 terren
1059 3585 1065 3596 .
1085 3585 1092 3599 .
1114 3582 1120 3595 .
1140 3563 1187 3611 quo
1205 3561 1277 3610 spee-¹

280 3645 356 3696 tanda
375 3645 444 3696 inodo
463 3643 582 3711 (credidi
613 3659 660 3712 per
677 3645 766 3696 totum
785 3642 871 3696 locum
891 3644 1003 3696 servate.
1040 3640 1127 3705 1‚17,
1146 3638 1182 3691 24
1200 3638 1271 3690 reete

278 3734 460 3789 Doederliuius
493 3739 550 3802 sere
586 3749 645 3787 eum
681 3748 828 3803 temptantem
858 3740 951 3788 maiora
979 3736 1125 3792 coniunxit.
1164 3738 1187 3795 Ι,
1230 3729 1270 3788 18,

279 3829 314 3882 98
331 3828 360 3880 et
377 3828 411 3882 99
429 3827 602 3881 revocandum
629 3826 672 3880 bis
693 3847 727 3882 ne.
772 3827 834 3892 Qun
860 3829 902 3883 his
921 3830 1024 3884 duobus
1043 3829 1164 3885 versibus
1184 3829 1269 3900 signi·

279 3919 401 3982 deantur,
429 3937 479 3975 non
504 3921 664 3989 questiones
688 3925 770 3976 eruut
787 3938 834 3975 nec
859 3938 875 3976 e
898 3922 1065 3991 philosophis
1084 3922 1270 3978 tractabuntur

278 4014 354 4078 (num
377 4012 446 4066 hune
464 4013 576 4067 illumve
599 4012 734 4068 homiuem
764 4013 860 4083 cupido
884 4032 988 4084 semper
1011 4021 1141 4085 vereret),
1172 4017 1218 4071 sed
1237 4032 1269 4071 ne

276 4104 315 4158 sic
332 4104 447 4170 vivetur,
465 4105 706 4177 philosophandum
728 4110 778 4163 est.
