<?xml version="1.0" encoding="UTF-8"?>
<!DOCTYPE html PUBLIC "-//W3C//DTD XHTML 1.0 Transitional//EN"
    "http://www.w3.org/TR/xhtml1/DTD/xhtml1-transitional.dtd">
<html xmlns="http://www.w3.org/1999/xhtml" xml:lang="en" lang="en">
 <head>
  <title>
</title>
<meta http-equiv="Content-Type" content="text/html;charset=utf-8" />
  <meta name='ocr-system' content='tesseract 3.04.00' />
  <meta name='ocr-capabilities' content='ocr_page ocr_carea ocr_par ocr_line ocrx_word'/>
</head>
<body>
  <div class='ocr_page' id='page_1' title='image "./ioniemadvigiiad00madvgoog_0921.png"; bbox 0 0 2654 5010; ppageno 0'>
   <div class='ocr_carea' id='block_1_1' title="bbox 549 652 1098 715">
    <p class='ocr_par' dir='ltr' id='par_1_1' title="bbox 549 652 1098 715">
     <span class='ocr_line' id='line_1_1' title="bbox 549 652 1098 715; baseline 0.015 -8"><span class='ocrx_word' id='word_1_1' title='bbox 549 653 683 712; x_wconf 67' lang='lat' dir='ltr'><strong>Tacitus..</strong></span> <span class='ocrx_word' id='word_1_2' title='bbox 1038 652 1098 715; x_wconf 77' lang='lat'><strong>225</strong></span> 
     </span>
    </p>
   </div>
   <div class='ocr_carea' id='block_1_2' title="bbox 63 847 1144 3691">
    <p class='ocr_par' dir='ltr' id='par_1_2' title="bbox 66 847 1144 2311">
     <span class='ocr_line' id='line_1_2' title="bbox 68 847 1139 935; baseline 0.004 -24"><span class='ocrx_word' id='word_1_3' title='bbox 68 847 147 912; x_wconf 87' lang='lat' dir='ltr'><strong>tudo</strong></span> <span class='ocrx_word' id='word_1_4' title='bbox 169 848 239 913; x_wconf 91' lang='lat' dir='ltr'><strong>usui</strong></span> <span class='ocrx_word' id='word_1_5' title='bbox 261 848 365 914; x_wconf 83' lang='lat' dir='ltr'><strong>futura</strong></span> <span class='ocrx_word' id='word_1_6' title='bbox 385 853 475 927; x_wconf 71' lang='lat' dir='ltr'><strong>esset,</strong></span> <span class='ocrx_word' id='word_1_7' title='bbox 498 848 750 934; x_wconf 83' lang='lat' dir='ltr'><strong>significationem</strong></span> <span class='ocrx_word' id='word_1_8' title='bbox 776 852 870 935; x_wconf 88' lang='lat' dir='ltr'><strong>atque</strong></span> <span class='ocrx_word' id='word_1_9' title='bbox 898 850 943 916; x_wconf 88' lang='lat' dir='ltr'><strong>ita</strong></span> <span class='ocrx_word' id='word_1_10' title='bbox 964 849 1139 934; x_wconf 75' lang='lat' dir='ltr'><strong>scripsisse:</strong></span> 
     </span>
     <span class='ocr_line' id='line_1_3' title="bbox 68 953 1141 1023; baseline 0.004 -5"><span class='ocrx_word' id='word_1_11' title='bbox 68 954 192 1019; x_wconf 75' lang='lat' dir='ltr'><strong>atate</strong></span> <span class='ocrx_word' id='word_1_12' title='bbox 220 958 260 1019; x_wconf 91' lang='lat' dir='ltr'><strong>et</strong></span> <span class='ocrx_word' id='word_1_13' title='bbox 286 956 413 1022; x_wconf 80' lang='lat' dir='ltr'><strong>forma</strong></span> <span class='ocrx_word' id='word_1_14' title='bbox 439 954 544 1021; x_wconf 87' lang='lat' dir='ltr'><strong>band</strong></span> <span class='ocrx_word' id='word_1_15' title='bbox 573 953 773 1022; x_wconf 82' lang='lat' dir='ltr'><strong>dissimili</strong></span> <span class='ocrx_word' id='word_1_16' title='bbox 802 956 841 1021; x_wconf 96' lang='lat' dir='ltr'><strong>in</strong></span> <span class='ocrx_word' id='word_1_17' title='bbox 869 955 988 1022; x_wconf 78' lang='lat' dir='ltr'><strong>domini</strong></span> <span class='ocrx_word' id='word_1_18' title='bbox 1012 955 1141 1023; x_wconf 87' lang='lat' dir='ltr'><strong>mimum</strong></span> 
     </span>
     <span class='ocr_line' id='line_1_4' title="bbox 69 1059 1140 1144; baseline 0.002 -21"><span class='ocrx_word' id='word_1_19' title='bbox 69 1061 174 1135; x_wconf 79' lang='lat' dir='ltr'><strong>erat,</strong></span> <span class='ocrx_word' id='word_1_20' title='bbox 197 1059 255 1125; x_wconf 93' lang='lat' dir='ltr'><strong>boc</strong></span> <span class='ocrx_word' id='word_1_21' title='bbox 277 1061 396 1137; x_wconf 75' lang='lat' dir='ltr'><strong>estad</strong></span> <span class='ocrx_word' id='word_1_22' title='bbox 418 1063 574 1126; x_wconf 87' lang='lat' dir='ltr'><strong>mimicum</strong></span> <span class='ocrx_word' id='word_1_23' title='bbox 603 1062 757 1144; x_wconf 87' lang='lat' dir='ltr'><strong>quandam</strong></span> <span class='ocrx_word' id='word_1_24' title='bbox 786 1062 904 1128; x_wconf 86' lang='lat' dir='ltr'><strong>domini</strong></span> <span class='ocrx_word' id='word_1_25' title='bbox 932 1061 1140 1126; x_wconf 81' lang='lat' dir='ltr'><strong>imitationem</strong></span> 
     </span>
     <span class='ocr_line' id='line_1_5' title="bbox 70 1165 1140 1250; baseline 0 -20"><span class='ocrx_word' id='word_1_26' title='bbox 70 1165 289 1248; x_wconf 74' lang='lat' dir='ltr'>peragendam,</span> <span class='ocrx_word' id='word_1_27' title='bbox 306 1166 565 1250; x_wconf 88' lang='lat' dir='ltr'><strong>quemadmodum</strong></span> <span class='ocrx_word' id='word_1_28' title='bbox 582 1167 701 1233; x_wconf 83' lang='lat' dir='ltr'><strong>Plinius</strong></span> <span class='ocrx_word' id='word_1_29' title='bbox 720 1169 758 1233; x_wconf 88' lang='grc' dir='ltr'><strong>ΙΙ.</strong></span> <span class='ocrx_word' id='word_1_30' title='bbox 774 1167 812 1232; x_wconf 89' lang='lat' dir='ltr'><strong>N.</strong></span> <span class='ocrx_word' id='word_1_31' title='bbox 828 1167 898 1245; x_wconf 83' lang='lat' dir='ltr'><strong>vll,</strong></span> <span class='ocrx_word' id='word_1_32' title='bbox 914 1167 954 1229; x_wconf 84' lang='grc'><strong>53</strong></span> <span class='ocrx_word' id='word_1_33' title='bbox 974 1167 1140 1231; x_wconf 77' lang='lat' dir='ltr'><strong>Artemona</strong></span> 
     </span>
     <span class='ocr_line' id='line_1_6' title="bbox 71 1270 1144 1358; baseline 0.006 -24"><span class='ocrx_word' id='word_1_34' title='bbox 71 1270 147 1337; x_wconf 90' lang='lat' dir='ltr'><strong>dicit</strong></span> <span class='ocrx_word' id='word_1_35' title='bbox 168 1272 201 1336; x_wconf 92' lang='lat' dir='ltr'><strong>in</strong></span> <span class='ocrx_word' id='word_1_36' title='bbox 223 1274 350 1337; x_wconf 74' lang='lat' dir='ltr'><strong>tuntum·</strong></span> <span class='ocrx_word' id='word_1_37' title='bbox 372 1274 504 1338; x_wconf 89' lang='lat' dir='ltr'><strong>similem</strong></span> <span class='ocrx_word' id='word_1_38' title='bbox 535 1274 629 1340; x_wconf 85' lang='lat' dir='ltr'><strong>luisse</strong></span> <span class='ocrx_word' id='word_1_39' title='bbox 651 1273 798 1340; x_wconf 80' lang='lat' dir='ltr'><strong>Antiochi</strong></span> <span class='ocrx_word' id='word_1_40' title='bbox 827 1272 919 1358; x_wconf 74' lang='lat' dir='ltr'><strong>rogis,</strong></span> <span class='ocrx_word' id='word_1_41' title='bbox 950 1274 987 1337; x_wconf 93' lang='lat' dir='ltr'><strong>nt</strong></span> <span class='ocrx_word' id='word_1_42' title='bbox 1008 1271 1144 1340; x_wconf 82' lang='lat' dir='ltr'><strong>Laodice</strong></span> 
     </span>
     <span class='ocr_line' id='line_1_7' title="bbox 68 1376 1140 1462; baseline 0.002 -21"><span class='ocrx_word' id='word_1_43' title='bbox 68 1376 179 1442; x_wconf 84' lang='lat' dir='ltr'><strong>coniux</strong></span> <span class='ocrx_word' id='word_1_44' title='bbox 218 1377 304 1462; x_wconf 80' lang='lat' dir='ltr'><strong>regia</strong></span> <span class='ocrx_word' id='word_1_45' title='bbox 325 1380 445 1453; x_wconf 86' lang='lat' dir='ltr'><strong>¹nocato</strong></span> <span class='ocrx_word' id='word_1_46' title='bbox 481 1378 543 1445; x_wconf 91' lang='lat' dir='ltr'><strong>iam</strong></span> <span class='ocrx_word' id='word_1_47' title='bbox 579 1380 730 1445; x_wconf 76' lang='lat' dir='ltr'><strong>Antiocho</strong></span> <span class='ocrx_word' id='word_1_48' title='bbox 764 1379 921 1445; x_wconf 87' lang='lat' dir='ltr'><strong>mimam</strong></span> <span class='ocrx_word' id='word_1_49' title='bbox 955 1396 1022 1462; x_wconf 87' lang='lat' dir='ltr'><strong>por</strong></span> <span class='ocrx_word' id='word_1_50' title='bbox 1055 1396 1140 1443; x_wconf 86' lang='lat' dir='ltr'><strong>sum</strong></span> 
     </span>
     <span class='ocr_line' id='line_1_8' title="bbox 67 1483 1139 1568; baseline 0 -20"><span class='ocrx_word' id='word_1_51' title='bbox 67 1483 671 1568; x_wconf 84' lang='lat' dir='ltr'><strong>commendationisregniqne</strong></span> <span class='ocrx_word' id='word_1_52' title='bbox 705 1485 985 1550; x_wconf 84' lang='lat' dir='ltr'><strong>successionis</strong></span> <span class='ocrx_word' id='word_1_53' title='bbox 1025 1502 1139 1566; x_wconf 91' lang='lat' dir='ltr'><strong>pere·</strong></span> 
     </span>
     <span class='ocr_line' id='line_1_9' title="bbox 69 1588 1139 1674; baseline 0 -19"><span class='ocrx_word' id='word_1_54' title='bbox 69 1590 187 1674; x_wconf 83' lang='lat' dir='ltr'><strong>gerit</strong></span> <span class='ocrx_word' id='word_1_55' title='bbox 219 1589 285 1657; x_wconf 89' lang='lat' dir='ltr'><strong>Nec</strong></span> <span class='ocrx_word' id='word_1_56' title='bbox 307 1588 439 1657; x_wconf 92' lang='lat' dir='ltr'><strong>multum</strong></span> <span class='ocrx_word' id='word_1_57' title='bbox 461 1590 567 1669; x_wconf 76' lang='lat' dir='ltr'><strong>distat,</strong></span> <span class='ocrx_word' id='word_1_58' title='bbox 584 1590 664 1674; x_wconf 90' lang='lat' dir='ltr'><strong>qnod</strong></span> <span class='ocrx_word' id='word_1_59' title='bbox 681 1589 846 1656; x_wconf 77' lang='lat' dir='ltr'><strong>Suetonius</strong></span> <span class='ocrx_word' id='word_1_60' title='bbox 860 1589 956 1674; x_wconf 80' lang='lat' dir='ltr'><strong>Galig.</strong></span> <span class='ocrx_word' id='word_1_61' title='bbox 973 1591 1013 1654; x_wconf 78' lang='lat' dir='ltr'><strong>Ab</strong></span> <span class='ocrx_word' id='word_1_62' title='bbox 1030 1589 1139 1655; x_wconf 83' lang='lat' dir='ltr'><strong>lictum</strong></span> 
     </span>
     <span class='ocr_line' id='line_1_10' title="bbox 72 1696 1139 1780; baseline 0 -19"><span class='ocrx_word' id='word_1_63' title='bbox 72 1696 265 1780; x_wconf 86' lang='lat' dir='ltr'><strong>triumphum</strong></span> <span class='ocrx_word' id='word_1_64' title='bbox 287 1697 325 1761; x_wconf 89' lang='lat' dir='ltr'><strong>de</strong></span> <span class='ocrx_word' id='word_1_65' title='bbox 348 1697 510 1762; x_wconf 86' lang='lat' dir='ltr'><strong>Germanis</strong></span> <span class='ocrx_word' id='word_1_66' title='bbox 532 1697 663 1762; x_wconf 89' lang='lat' dir='ltr'><strong>mimum</strong></span> <span class='ocrx_word' id='word_1_67' title='bbox 684 1696 831 1780; x_wconf 88' lang='lat' dir='ltr'><strong>appellat.</strong></span> <span class='ocrx_word' id='word_1_68' title='bbox 869 1696 997 1763; x_wconf 82' lang='lat' dir='ltr'><strong>Tacitus</strong></span> <span class='ocrx_word' id='word_1_69' title='bbox 1018 1697 1087 1779; x_wconf 88' lang='lat' dir='ltr'><strong>ipse</strong></span> <span class='ocrx_word' id='word_1_70' title='bbox 1108 1698 1139 1761; x_wconf 94' lang='lat' dir='ltr'><strong>in</strong></span> 
     </span>
     <span class='ocr_line' id='line_1_11' title="bbox 69 1801 1138 1879; baseline -0.003 -12"><span class='ocrx_word' id='word_1_71' title='bbox 69 1801 233 1867; x_wconf 90' lang='lat' dir='ltr'><strong>simillima</strong></span> <span class='ocrx_word' id='word_1_72' title='bbox 254 1821 288 1868; x_wconf 88' lang='lat' dir='ltr'><strong>re</strong></span> <span class='ocrx_word' id='word_1_73' title='bbox 309 1802 408 1867; x_wconf 85' lang='lat' dir='ltr'><strong>falsi</strong></span> <span class='ocrx_word' id='word_1_74' title='bbox 429 1801 604 1869; x_wconf 85' lang='lat' dir='ltr'><strong>Neronis</strong></span> <span class='ocrx_word' id='word_1_75' title='bbox 626 1801 852 1868; x_wconf 89' lang='lat' dir='ltr'><strong>ludibrium</strong></span> <span class='ocrx_word' id='word_1_76' title='bbox 874 1801 951 1868; x_wconf 90' lang='lat' dir='ltr'><strong>dicit</strong></span> <span class='ocrx_word' id='word_1_77' title='bbox 966 1802 1050 1868; x_wconf 90' lang='lat' dir='ltr'><strong>Hist.</strong></span> <span class='ocrx_word' id='word_1_78' title='bbox 1067 1802 1090 1879; x_wconf 96' lang='grc' dir='ltr'><strong>Ι,</strong></span> <span class='ocrx_word' id='word_1_79' title='bbox 1109 1804 1138 1864; x_wconf 78' lang='lat'><strong>2.</strong></span> 
     </span>
     <span class='ocr_line' id='line_1_12' title="bbox 67 1906 1137 1994; baseline 0.001 -21"><span class='ocrx_word' id='word_1_80' title='bbox 67 1907 172 1988; x_wconf 84' lang='lat' dir='ltr'><strong>(Quod</strong></span> <span class='ocrx_word' id='word_1_81' title='bbox 194 1908 285 1975; x_wconf 87' lang='lat' dir='ltr'><strong>video</strong></span> <span class='ocrx_word' id='word_1_82' title='bbox 307 1928 326 1975; x_wconf 88' lang='lat' dir='ltr'><strong>a</strong></span> <span class='ocrx_word' id='word_1_83' title='bbox 347 1908 531 1994; x_wconf 88' lang='lat' dir='ltr'><strong>quibusdam</strong></span> <span class='ocrx_word' id='word_1_84' title='bbox 547 1909 649 1991; x_wconf 86' lang='lat' dir='ltr'><strong>ipsum</strong></span> <span class='ocrx_word' id='word_1_85' title='bbox 667 1906 746 1974; x_wconf 89' lang='lat' dir='ltr'><strong>illud</strong></span> <span class='ocrx_word' id='word_1_86' title='bbox 769 1909 806 1972; x_wconf 93' lang='lat' dir='ltr'><strong>in</strong></span> <span class='ocrx_word' id='word_1_87' title='bbox 829 1907 1028 1973; x_wconf 85' lang='lat' dir='ltr'><strong>dominnm</strong></span> <span class='ocrx_word' id='word_1_88' title='bbox 1049 1926 1137 1974; x_wconf 87' lang='lat' dir='ltr'><strong>enar·</strong></span> 
     </span>
     <span class='ocr_line' id='line_1_13' title="bbox 71 2013 1139 2098; baseline -0.002 -19"><span class='ocrx_word' id='word_1_89' title='bbox 71 2016 134 2079; x_wconf 87' lang='lat' dir='ltr'><strong>rari</strong></span> <span class='ocrx_word' id='word_1_90' title='bbox 157 2015 203 2080; x_wconf 87' lang='lat' dir='ltr'><strong>ad</strong></span> <span class='ocrx_word' id='word_1_91' title='bbox 226 2015 377 2082; x_wconf 86' lang='lat' dir='ltr'><strong>domini</strong></span> <span class='ocrx_word' id='word_1_92' title='bbox 399 2033 611 2098; x_wconf 88' lang='lat' dir='ltr'><strong>personam</strong></span> <span class='ocrx_word' id='word_1_93' title='bbox 632 2013 841 2098; x_wconf 77' lang='lat' dir='ltr'><strong>agendam,</strong></span> <span class='ocrx_word' id='word_1_94' title='bbox 871 2031 994 2096; x_wconf 91' lang='lat' dir='ltr'><strong>prorsus</strong></span> <span class='ocrx_word' id='word_1_95' title='bbox 1015 2031 1139 2095; x_wconf 87' lang='lat' dir='ltr'><strong>perver-</strong></span> 
     </span>
     <span class='ocr_line' id='line_1_14' title="bbox 66 2119 1139 2203; baseline -0.001 -16"><span class='ocrx_word' id='word_1_96' title='bbox 66 2140 139 2188; x_wconf 88' lang='lat' dir='ltr'><strong>sum</strong></span> <span class='ocrx_word' id='word_1_97' title='bbox 173 2124 244 2201; x_wconf 87' lang='lat' dir='ltr'><strong>est.)</strong></span> <span class='ocrx_word' id='word_1_98' title='bbox 292 2123 392 2203; x_wconf 86' lang='lat' dir='ltr'><strong>Quam</strong></span> <span class='ocrx_word' id='word_1_99' title='bbox 424 2121 514 2188; x_wconf 86' lang='lat' dir='ltr'><strong>facile</strong></span> <span class='ocrx_word' id='word_1_100' title='bbox 547 2121 705 2187; x_wconf 91' lang='lat' dir='ltr'><strong>mimum</strong></span> <span class='ocrx_word' id='word_1_101' title='bbox 739 2139 810 2186; x_wconf 88' lang='lat' dir='ltr'><strong>com</strong></span> <span class='ocrx_word' id='word_1_102' title='bbox 843 2119 961 2185; x_wconf 88' lang='lat' dir='ltr'><strong>duabus</strong></span> <span class='ocrx_word' id='word_1_103' title='bbox 994 2119 1139 2186; x_wconf 76' lang='lat' dir='ltr'><strong>extremis</strong></span> 
     </span>
     <span class='ocr_line' id='line_1_15' title="bbox 67 2226 1138 2311; baseline -0.001 -19"><span class='ocrx_word' id='word_1_104' title='bbox 67 2227 200 2310; x_wconf 77' lang='lat' dir='ltr'><strong>syllabis</strong></span> <span class='ocrx_word' id='word_1_105' title='bbox 222 2227 424 2311; x_wconf 83' lang='lat' dir='ltr'><strong>praecedentis</strong></span> <span class='ocrx_word' id='word_1_106' title='bbox 445 2227 584 2294; x_wconf 79' lang='lat' dir='ltr'><strong>vocabuli</strong></span> <span class='ocrx_word' id='word_1_107' title='bbox 606 2226 778 2293; x_wconf 85' lang='lat' dir='ltr'><strong>coalescere</strong></span> <span class='ocrx_word' id='word_1_108' title='bbox 798 2227 943 2309; x_wconf 84' lang='lat' dir='ltr'><strong>potuerit</strong></span> <span class='ocrx_word' id='word_1_109' title='bbox 960 2226 1138 2310; x_wconf 54' lang='lat' dir='ltr'><strong>apparator)</strong></span> 
     </span>
    </p>

    <p class='ocr_par' dir='ltr' id='par_1_3' title="bbox 64 2331 1139 3160">
     <span class='ocr_line' id='line_1_16' title="bbox 170 2331 1139 2416; baseline 0.002 -20"><span class='ocrx_word' id='word_1_110' title='bbox 170 2331 250 2397; x_wconf 85' lang='lat' dir='ltr'><strong>lbid.</strong></span> <span class='ocrx_word' id='word_1_111' title='bbox 282 2335 339 2399; x_wconf 83' lang='lat'><strong>78:</strong></span> <span class='ocrx_word' id='word_1_112' title='bbox 374 2333 502 2400; x_wconf 88' lang='lat' dir='ltr'><strong>Simul</strong></span> <span class='ocrx_word' id='word_1_113' title='bbox 535 2333 758 2399; x_wconf 92' lang='lat' dir='ltr'><strong>Domitium</strong></span> <span class='ocrx_word' id='word_1_114' title='bbox 791 2333 1027 2416; x_wconf 90' lang='lat' dir='ltr'><strong>impositum</strong></span> <span class='ocrx_word' id='word_1_115' title='bbox 1059 2333 1139 2398; x_wconf 90' lang='lat' dir='ltr'><strong>tri·</strong></span> 
     </span>
     <span class='ocr_line' id='line_1_17' title="bbox 68 2437 1138 2523; baseline 0.001 -21"><span class='ocrx_word' id='word_1_116' title='bbox 68 2437 169 2502; x_wconf 91' lang='lat' dir='ltr'><strong>remi</strong></span> <span class='ocrx_word' id='word_1_117' title='bbox 205 2439 337 2505; x_wconf 86' lang='lat' dir='ltr'><strong>vitare</strong></span> <span class='ocrx_word' id='word_1_118' title='bbox 375 2440 542 2506; x_wconf 90' lang='lat' dir='ltr'><strong>litorum</strong></span> <span class='ocrx_word' id='word_1_119' title='bbox 579 2458 686 2505; x_wconf 89' lang='lat' dir='ltr'><strong>oram</strong></span> <span class='ocrx_word' id='word_1_120' title='bbox 717 2441 946 2523; x_wconf 78' lang='lat' dir='ltr'><strong>praeterque</strong></span> <span class='ocrx_word' id='word_1_121' title='bbox 979 2439 1138 2505; x_wconf 87' lang='lat' dir='ltr'><strong>insulas</strong></span> 
     </span>
     <span class='ocr_line' id='line_1_18' title="bbox 64 2542 1139 2631; baseline 0.005 -24"><span class='ocrx_word' id='word_1_122' title='bbox 64 2542 155 2608; x_wconf 91' lang='lat' dir='ltr'><strong>lato</strong></span> <span class='ocrx_word' id='word_1_123' title='bbox 188 2546 287 2610; x_wconf 87' lang='lat' dir='ltr'><strong>mari</strong></span> <span class='ocrx_word' id='word_1_124' title='bbox 320 2565 486 2631; x_wconf 84' lang='lat' dir='ltr'><strong>pergere</strong></span> <span class='ocrx_word' id='word_1_125' title='bbox 519 2546 558 2611; x_wconf 94' lang='lat' dir='ltr'><strong>iu</strong></span> <span class='ocrx_word' id='word_1_126' title='bbox 589 2545 744 2629; x_wconf 82' lang='lat' dir='ltr'><strong>Syriam</strong></span> <span class='ocrx_word' id='word_1_127' title='bbox 770 2546 895 2612; x_wconf 89' lang='lat' dir='ltr'><strong>iubet.</strong></span> <span class='ocrx_word' id='word_1_128' title='bbox 937 2544 1020 2610; x_wconf 85' lang='lat' dir='ltr'><strong>Mira</strong></span> <span class='ocrx_word' id='word_1_129' title='bbox 1041 2545 1139 2612; x_wconf 88' lang='lat' dir='ltr'><strong>abuu-</strong></span> 
     </span>
     <span class='ocr_line' id='line_1_19' title="bbox 67 2649 1137 2735; baseline 0.002 -20"><span class='ocrx_word' id='word_1_130' title='bbox 67 2649 178 2716; x_wconf 87' lang='lat' dir='ltr'><strong>dantia</strong></span> <span class='ocrx_word' id='word_1_131' title='bbox 199 2650 366 2716; x_wconf 91' lang='lat' dir='ltr'><strong>litorum</strong></span> <span class='ocrx_word' id='word_1_132' title='bbox 388 2669 455 2717; x_wconf 88' lang='lat' dir='ltr'><strong>ora</strong></span> <span class='ocrx_word' id='word_1_133' title='bbox 470 2669 524 2735; x_wconf 91' lang='lat' dir='ltr'><strong>pro</strong></span> <span class='ocrx_word' id='word_1_134' title='bbox 539 2651 683 2717; x_wconf 89' lang='lat' dir='ltr'><strong>litoribus</strong></span> <span class='ocrx_word' id='word_1_135' title='bbox 698 2651 831 2733; x_wconf 81' lang='lat' dir='ltr'><strong>ponitur,</strong></span> <span class='ocrx_word' id='word_1_136' title='bbox 850 2651 1029 2717; x_wconf 73' lang='lat' dir='ltr'><strong>notabiliter</strong></span> <span class='ocrx_word' id='word_1_137' title='bbox 1043 2652 1137 2718; x_wconf 87' lang='lat' dir='ltr'><strong>etiam</strong></span> 
     </span>
     <span class='ocr_line' id='line_1_20' title="bbox 68 2756 1139 2843; baseline 0.001 -21"><span class='ocrx_word' id='word_1_138' title='bbox 68 2756 186 2840; x_wconf 80' lang='lat' dir='ltr'><strong>plurali</strong></span> <span class='ocrx_word' id='word_1_139' title='bbox 207 2761 240 2823; x_wconf 90' lang='lat' dir='ltr'><strong>et</strong></span> <span class='ocrx_word' id='word_1_140' title='bbox 255 2758 404 2842; x_wconf 86' lang='lat' dir='ltr'><strong>singulari</strong></span> <span class='ocrx_word' id='word_1_141' title='bbox 420 2776 548 2824; x_wconf 90' lang='lat' dir='ltr'><strong>numero</strong></span> <span class='ocrx_word' id='word_1_142' title='bbox 563 2756 744 2823; x_wconf 89' lang='lat' dir='ltr'><strong>coniunctis.</strong></span> <span class='ocrx_word' id='word_1_143' title='bbox 781 2757 848 2822; x_wconf 90' lang='lat' dir='ltr'><strong>Una</strong></span> <span class='ocrx_word' id='word_1_144' title='bbox 863 2757 968 2823; x_wconf 88' lang='lat' dir='ltr'><strong>littera</strong></span> <span class='ocrx_word' id='word_1_145' title='bbox 981 2759 1139 2843; x_wconf 83' lang='lat' dir='ltr'><strong>geminata</strong></span> 
     </span>
     <span class='ocr_line' id='line_1_21' title="bbox 66 2863 1137 2941; baseline 0.003 -13"><span class='ocrx_word' id='word_1_146' title='bbox 66 2864 189 2928; x_wconf 91' lang='lat' dir='ltr'><strong>rectum</strong></span> <span class='ocrx_word' id='word_1_147' title='bbox 206 2863 356 2941; x_wconf 87' lang='lat' dir='ltr'><strong>efficitnr;</strong></span> <span class='ocrx_word' id='word_1_148' title='bbox 379 2865 481 2929; x_wconf 86' lang='lat' dir='ltr'><strong>iussus</strong></span> <span class='ocrx_word' id='word_1_149' title='bbox 496 2867 544 2929; x_wconf 87' lang='lat' dir='ltr'><strong>est</strong></span> <span class='ocrx_word' id='word_1_150' title='bbox 559 2863 641 2928; x_wconf 90' lang='lat' dir='ltr'><strong>onim</strong></span> <span class='ocrx_word' id='word_1_151' title='bbox 656 2863 811 2928; x_wconf 87' lang='lat' dir='ltr'><strong>Domitius</strong></span> <span class='ocrx_word' id='word_1_152' title='bbox 832 2863 998 2929; x_wconf 91' lang='lat' dir='ltr'><strong>litorum</strong></span> <span class='ocrx_word' id='word_1_153' title='bbox 1016 2881 1137 2931; x_wconf 82' lang='lat' dir='ltr'><strong>morsm</strong></span> 
     </span>
     <span class='ocr_line' id='line_1_22' title="bbox 65 2968 1137 3054; baseline 0 -20"><span class='ocrx_word' id='word_1_154' title='bbox 65 2970 176 3045; x_wconf 73' lang='lat' dir='ltr'><strong>uitare,</strong></span> <span class='ocrx_word' id='word_1_155' title='bbox 206 2969 264 3035; x_wconf 91' lang='lat' dir='ltr'><strong>boo</strong></span> <span class='ocrx_word' id='word_1_156' title='bbox 292 2972 349 3049; x_wconf 82' lang='lat' dir='ltr'><strong>est,</strong></span> <span class='ocrx_word' id='word_1_157' title='bbox 376 2989 503 3048; x_wconf 77' lang='lat' dir='ltr'><strong>moram,</strong></span> <span class='ocrx_word' id='word_1_158' title='bbox 535 2987 628 3053; x_wconf 86' lang='lat' dir='ltr'><strong>quam</strong></span> <span class='ocrx_word' id='word_1_159' title='bbox 649 2970 806 3054; x_wconf 80' lang='lat' dir='ltr'><strong>navigatio</strong></span> <span class='ocrx_word' id='word_1_160' title='bbox 827 2968 972 3034; x_wconf 87' lang='lat' dir='ltr'><strong>habitura</strong></span> <span class='ocrx_word' id='word_1_161' title='bbox 993 2971 1086 3045; x_wconf 77' lang='lat' dir='ltr'><strong>esset</strong></span> <span class='ocrx_word' id='word_1_162' title='bbox 1109 2968 1137 3034; x_wconf 88' lang='lat' dir='ltr'><strong>si</strong></span> 
     </span>
     <span class='ocr_line' id='line_1_23' title="bbox 66 3073 308 3160; baseline -0.004 -21"><span class='ocrx_word' id='word_1_163' title='bbox 66 3073 162 3141; x_wconf 88' lang='lat' dir='ltr'><strong>litora</strong></span> <span class='ocrx_word' id='word_1_164' title='bbox 181 3075 308 3160; x_wconf 82' lang='lat' dir='ltr'><strong>legeret.</strong></span> 
     </span>
    </p>

    <p class='ocr_par' dir='ltr' id='par_1_4' title="bbox 63 3181 1138 3691">
     <span class='ocr_line' id='line_1_24' title="bbox 170 3181 1138 3264; baseline 0 -18"><span class='ocrx_word' id='word_1_165' title='bbox 170 3182 250 3247; x_wconf 88' lang='lat' dir='ltr'><strong>lbid.</strong></span> <span class='ocrx_word' id='word_1_166' title='bbox 272 3183 330 3262; x_wconf 95' lang='grc' dir='ltr'>ΙΙΙ,</span> <span class='ocrx_word' id='word_1_167' title='bbox 347 3183 386 3246; x_wconf 76' lang='lat'><strong>12</strong></span> <span class='ocrx_word' id='word_1_168' title='bbox 402 3184 447 3261; x_wconf 95' lang='lat' dir='ltr'><strong>(iu</strong></span> <span class='ocrx_word' id='word_1_169' title='bbox 462 3182 579 3249; x_wconf 81' lang='lat' dir='ltr'><strong>Tiberii</strong></span> <span class='ocrx_word' id='word_1_170' title='bbox 593 3183 760 3259; x_wconf 87' lang='lat' dir='ltr'><strong>orations):</strong></span> <span class='ocrx_word' id='word_1_171' title='bbox 784 3181 903 3247; x_wconf 90' lang='lat' dir='ltr'><strong>odero</strong></span> <span class='ocrx_word' id='word_1_172' title='bbox 927 3199 1138 3264; x_wconf 87' lang='lat' dir='ltr'><strong>seponam-</strong></span> 
     </span>
     <span class='ocr_line' id='line_1_25' title="bbox 63 3286 1137 3374; baseline 0.001 -23"><span class='ocrx_word' id='word_1_173' title='bbox 63 3304 142 3372; x_wconf 83' lang='lat' dir='ltr'><strong>que</strong></span> <span class='ocrx_word' id='word_1_174' title='bbox 164 3305 182 3352; x_wconf 90' lang='lat' dir='ltr'><strong>a</strong></span> <span class='ocrx_word' id='word_1_175' title='bbox 205 3287 316 3355; x_wconf 87' lang='lat' dir='ltr'><strong>domo</strong></span> <span class='ocrx_word' id='word_1_176' title='bbox 345 3308 429 3355; x_wconf 87' lang='lat' dir='ltr'><strong>moa</strong></span> <span class='ocrx_word' id='word_1_177' title='bbox 457 3291 497 3356; x_wconf 91' lang='lat' dir='ltr'><strong>et</strong></span> <span class='ocrx_word' id='word_1_178' title='bbox 528 3289 711 3374; x_wconf 88' lang='lat' dir='ltr'><strong>privatas</strong></span> <span class='ocrx_word' id='word_1_179' title='bbox 730 3286 982 3353; x_wconf 90' lang='lat' dir='ltr'><strong>inimicitias</strong></span> <span class='ocrx_word' id='word_1_180' title='bbox 1005 3306 1076 3353; x_wconf 91' lang='lat' dir='ltr'><strong>nou</strong></span> <span class='ocrx_word' id='word_1_181' title='bbox 1100 3290 1137 3352; x_wconf 87' lang='lat' dir='ltr'><strong>vi</strong></span> 
     </span>
     <span class='ocr_line' id='line_1_26' title="bbox 66 3394 1137 3478; baseline -0.001 -19"><span class='ocrx_word' id='word_1_182' title='bbox 66 3394 273 3478; x_wconf 92' lang='lat' dir='ltr'><strong>principis</strong></span> <span class='ocrx_word' id='word_1_183' title='bbox 302 3396 487 3462; x_wconf 87' lang='lat' dir='ltr'><strong>ulciscar.</strong></span> <span class='ocrx_word' id='word_1_184' title='bbox 541 3395 670 3460; x_wconf 84' lang='lat' dir='ltr'><strong>Prorsus</strong></span> <span class='ocrx_word' id='word_1_185' title='bbox 704 3394 878 3460; x_wconf 89' lang='lat' dir='ltr'><strong>necessario</strong></span> <span class='ocrx_word' id='word_1_186' title='bbox 911 3395 943 3459; x_wconf 92' lang='lat' dir='ltr'><strong>iu</strong></span> <span class='ocrx_word' id='word_1_187' title='bbox 975 3394 1033 3460; x_wconf 90' lang='lat' dir='ltr'><strong>buo</strong></span> <span class='ocrx_word' id='word_1_188' title='bbox 1061 3394 1137 3471; x_wconf 79' lang='lat' dir='ltr'><strong>eius,</strong></span> 
     </span>
     <span class='ocr_line' id='line_1_27' title="bbox 63 3499 1135 3585; baseline 0.001 -20"><span class='ocrx_word' id='word_1_189' title='bbox 63 3500 152 3584; x_wconf 82' lang='lat' dir='ltr'><strong>quod</strong></span> <span class='ocrx_word' id='word_1_190' title='bbox 184 3502 248 3578; x_wconf 82' lang='lat' dir='ltr'><strong>liat,</strong></span> <span class='ocrx_word' id='word_1_191' title='bbox 281 3506 314 3569; x_wconf 90' lang='lat' dir='ltr'><strong>et</strong></span> <span class='ocrx_word' id='word_1_192' title='bbox 346 3504 420 3582; x_wconf 76' lang='lat' dir='ltr'><strong>eins,</strong></span> <span class='ocrx_word' id='word_1_193' title='bbox 453 3502 535 3585; x_wconf 82' lang='lat' dir='ltr'><strong>qnod</strong></span> <span class='ocrx_word' id='word_1_194' title='bbox 568 3519 628 3566; x_wconf 93' lang='lat' dir='ltr'><strong>nou</strong></span> <span class='ocrx_word' id='word_1_195' title='bbox 660 3499 724 3580; x_wconf 82' lang='lat' dir='ltr'><strong>fiat,</strong></span> <span class='ocrx_word' id='word_1_196' title='bbox 757 3501 951 3583; x_wconf 91' lang='lat' dir='ltr'><strong>copulatione</strong></span> <span class='ocrx_word' id='word_1_197' title='bbox 974 3500 1135 3567; x_wconf 87' lang='lat' dir='ltr'><strong>dicendum</strong></span> 
     </span>
     <span class='ocr_line' id='line_1_28' title="bbox 64 3606 1137 3691; baseline -0.001 -18"><span class='ocrx_word' id='word_1_198' title='bbox 64 3612 152 3673; x_wconf 87' lang='lat' dir='ltr'><strong>erat:</strong></span> <span class='ocrx_word' id='word_1_199' title='bbox 186 3627 256 3674; x_wconf 90' lang='lat' dir='ltr'><strong>nec</strong></span> <span class='ocrx_word' id='word_1_200' title='bbox 287 3608 472 3691; x_wconf 87' lang='lat' dir='ltr'><strong>privatas</strong></span> <span class='ocrx_word' id='word_1_201' title='bbox 505 3606 755 3673; x_wconf 86' lang='lat' dir='ltr'><strong>iuimicitias</strong></span> <span class='ocrx_word' id='word_1_202' title='bbox 786 3608 824 3673; x_wconf 85' lang='lat' dir='ltr'><strong>vi</strong></span> <span class='ocrx_word' id='word_1_203' title='bbox 852 3607 1053 3691; x_wconf 87' lang='lat' dir='ltr'><strong>principis</strong></span> <span class='ocrx_word' id='word_1_204' title='bbox 1074 3607 1137 3672; x_wconf 94' lang='lat' dir='ltr'><strong>ul·</strong></span> 
     </span>
    </p>
   </div>
   <div class='ocr_carea' id='block_1_3' title="bbox 122 3784 1137 4523">
    <p class='ocr_par' dir='ltr' id='par_1_5' title="bbox 122 3784 1137 4523">
     <span class='ocr_line' id='line_1_29' title="bbox 122 3784 1137 3888; baseline -0.001 -15"><span class='ocrx_word' id='word_1_205' title='bbox 122 3820 151 3888; x_wconf 85' lang='lat'><strong>*)</strong></span> <span class='ocrx_word' id='word_1_206' title='bbox 170 3820 198 3873; x_wconf 83' lang='lat' dir='ltr'><strong>G.</strong></span> <span class='ocrx_word' id='word_1_207' title='bbox 218 3820 242 3887; x_wconf 90' lang='grc'><strong>9,</strong></span> <span class='ocrx_word' id='word_1_208' title='bbox 267 3819 396 3887; x_wconf 88' lang='lat' dir='ltr'><strong>quoniam</strong></span> <span class='ocrx_word' id='word_1_209' title='bbox 423 3833 512 3885; x_wconf 84' lang='lat' dir='ltr'><strong>neque</strong></span> <span class='ocrx_word' id='word_1_210' title='bbox 539 3784 704 3887; x_wconf 71' lang='lat' dir='ltr'><strong>permissu</strong></span> <span class='ocrx_word' id='word_1_211' title='bbox 731 3819 856 3873; x_wconf 88' lang='lat' dir='ltr'><strong>absolute</strong></span> <span class='ocrx_word' id='word_1_212' title='bbox 880 3816 1000 3887; x_wconf 87' lang='lat' dir='ltr'><strong>positum</strong></span> <span class='ocrx_word' id='word_1_213' title='bbox 1024 3825 1054 3872; x_wconf 87' lang='lat' dir='ltr'><strong>ot</strong></span> <span class='ocrx_word' id='word_1_214' title='bbox 1076 3833 1137 3872; x_wconf 92' lang='lat' dir='ltr'><strong>cum</strong></span> 
     </span>
     <span class='ocr_line' id='line_1_30' title="bbox 170 3910 1137 3982; baseline -0.001 -15"><span class='ocrx_word' id='word_1_215' title='bbox 170 3912 317 3982; x_wconf 87' lang='lat' dir='ltr'><strong>participio</strong></span> <span class='ocrx_word' id='word_1_216' title='bbox 342 3927 543 3981; x_wconf 85' lang='lat' dir='ltr'><strong>progressus</strong></span> <span class='ocrx_word' id='word_1_217' title='bbox 562 3911 754 3967; x_wconf 85' lang='lat' dir='ltr'><strong>coniunctione</strong></span> <span class='ocrx_word' id='word_1_218' title='bbox 774 3911 933 3982; x_wconf 83' lang='lat' dir='ltr'><strong>copulatum</strong></span> <span class='ocrx_word' id='word_1_219' title='bbox 951 3910 1016 3965; x_wconf 82' lang='lat' dir='ltr'><strong>fcrri</strong></span> <span class='ocrx_word' id='word_1_220' title='bbox 1035 3918 1137 3980; x_wconf 89' lang='lat' dir='ltr'><strong>potest,</strong></span> 
     </span>
     <span class='ocr_line' id='line_1_31' title="bbox 169 4003 1136 4077; baseline -0.002 -17"><span class='ocrx_word' id='word_1_221' title='bbox 169 4021 258 4074; x_wconf 87' lang='lat' dir='ltr'><strong>neque</strong></span> <span class='ocrx_word' id='word_1_222' title='bbox 274 4009 351 4077; x_wconf 72' lang='lat' dir='ltr'><strong>⁸tum</strong></span> <span class='ocrx_word' id='word_1_223' title='bbox 378 4003 577 4073; x_wconf 84' lang='lat' dir='ltr'><strong>permissum</strong></span> <span class='ocrx_word' id='word_1_224' title='bbox 605 4010 681 4058; x_wconf 90' lang='lat' dir='ltr'><strong>rccte</strong></span> <span class='ocrx_word' id='word_1_225' title='bbox 709 4004 817 4071; x_wconf 79' lang='lat' dir='ltr'><strong>elicitur,</strong></span> <span class='ocrx_word' id='word_1_226' title='bbox 845 4004 924 4072; x_wconf 87' lang='lat' dir='ltr'><strong>quasi</strong></span> <span class='ocrx_word' id='word_1_227' title='bbox 952 4003 1074 4058; x_wconf 80' lang='lat' dir='ltr'><strong>eiusdem</strong></span> <span class='ocrx_word' id='word_1_228' title='bbox 1096 4004 1136 4059; x_wconf 86' lang='lat' dir='ltr'><strong>roi</strong></span> 
     </span>
     <span class='ocr_line' id='line_1_32' title="bbox 169 4096 1136 4167; baseline -0.002 -15"><span class='ocrx_word' id='word_1_229' title='bbox 169 4099 250 4152; x_wconf 84' lang='lat' dir='ltr'><strong>venia</strong></span> <span class='ocrx_word' id='word_1_230' title='bbox 269 4105 331 4152; x_wconf 87' lang='lat' dir='ltr'><strong>ante</strong></span> <span class='ocrx_word' id='word_1_231' title='bbox 351 4104 452 4165; x_wconf 82' lang='lat' dir='ltr'><strong>negata</strong></span> <span class='ocrx_word' id='word_1_232' title='bbox 470 4096 645 4165; x_wconf 82' lang='lat' dir='ltr'><strong>significetur,</strong></span> <span class='ocrx_word' id='word_1_233' title='bbox 665 4097 794 4167; x_wconf 88' lang='lat' dir='ltr'><strong>scriptum</strong></span> <span class='ocrx_word' id='word_1_234' title='bbox 813 4096 939 4152; x_wconf 85' lang='lat' dir='ltr'><strong>aTacito</strong></span> <span class='ocrx_word' id='word_1_235' title='bbox 957 4103 1038 4166; x_wconf 85' lang='lat' dir='ltr'><strong>puto:</strong></span> <span class='ocrx_word' id='word_1_236' title='bbox 1058 4098 1136 4150; x_wconf 88' lang='lat' dir='ltr'><strong>Tum</strong></span> 
     </span>
     <span class='ocr_line' id='line_1_33' title="bbox 170 4189 1136 4262; baseline -0.002 -16"><span class='ocrx_word' id='word_1_237' title='bbox 170 4189 305 4262; x_wconf 81' lang='lat' dir='ltr'><strong>permisso</strong></span> <span class='ocrx_word' id='word_1_238' title='bbox 332 4204 600 4260; x_wconf 84' lang='lat' dir='ltr'><strong>progressusque</strong></span> <span class='ocrx_word' id='word_1_239' title='bbox 625 4190 796 4244; x_wconf 87' lang='lat' dir='ltr'><strong>salutatur</strong></span> <span class='ocrx_word' id='word_1_240' title='bbox 828 4190 866 4244; x_wconf 91' lang='lat' dir='ltr'><strong>ab</strong></span> <span class='ocrx_word' id='word_1_241' title='bbox 901 4189 1056 4244; x_wconf 84' lang='lat' dir='ltr'><strong>Arminio.</strong></span> <span class='ocrx_word' id='word_1_242' title='bbox 1098 4191 1136 4245; x_wconf 86' lang='lat' dir='ltr'><strong>Et</strong></span> 
     </span>
     <span class='ocr_line' id='line_1_34' title="bbox 169 4282 1136 4353; baseline -0.001 -15"><span class='ocrx_word' id='word_1_243' title='bbox 169 4283 332 4351; x_wconf 84' lang='lat' dir='ltr'><strong>permisso</strong></span> <span class='ocrx_word' id='word_1_244' title='bbox 361 4284 421 4337; x_wconf 87' lang='lat' dir='ltr'><strong>sinc</strong></span> <span class='ocrx_word' id='word_1_245' title='bbox 449 4282 620 4336; x_wconf 84' lang='lat' dir='ltr'><strong>substantivo</strong></span> <span class='ocrx_word' id='word_1_246' title='bbox 648 4283 769 4351; x_wconf 89' lang='lat' dir='ltr'><strong>positum</strong></span> <span class='ocrx_word' id='word_1_247' title='bbox 797 4290 826 4336; x_wconf 89' lang='lat' dir='ltr'><strong>et</strong></span> <span class='ocrx_word' id='word_1_248' title='bbox 848 4283 948 4353; x_wconf 86' lang='lat' dir='ltr'><strong>copula</strong></span> <span class='ocrx_word' id='word_1_249' title='bbox 971 4282 1043 4336; x_wconf 89' lang='lat' dir='ltr'><strong>inter</strong></span> <span class='ocrx_word' id='word_1_250' title='bbox 1061 4283 1136 4337; x_wconf 88' lang='lat' dir='ltr'><strong>abla-</strong></span> 
     </span>
     <span class='ocr_line' id='line_1_35' title="bbox 170 4373 1137 4445; baseline 0 -16"><span class='ocrx_word' id='word_1_251' title='bbox 170 4376 255 4430; x_wconf 85' lang='lat' dir='ltr'><strong>tivum</strong></span> <span class='ocrx_word' id='word_1_252' title='bbox 295 4376 449 4430; x_wconf 86' lang='lat' dir='ltr'><strong>absolutum</strong></span> <span class='ocrx_word' id='word_1_253' title='bbox 486 4382 513 4429; x_wconf 86' lang='lat' dir='ltr'><strong>et</strong></span> <span class='ocrx_word' id='word_1_254' title='bbox 545 4375 718 4445; x_wconf 87' lang='lat' dir='ltr'><strong>participium</strong></span> <span class='ocrx_word' id='word_1_255' title='bbox 752 4376 897 4431; x_wconf 84' lang='lat' dir='ltr'><strong>interiecta</strong></span> <span class='ocrx_word' id='word_1_256' title='bbox 926 4390 976 4430; x_wconf 73' lang='lat' dir='ltr'><strong>risu</strong></span> <span class='ocrx_word' id='word_1_257' title='bbox 1007 4373 1137 4444; x_wconf 83' lang='lat' dir='ltr'><strong>loquendi</strong></span> 
     </span>
     <span class='ocr_line' id='line_1_36' title="bbox 169 4467 357 4523; baseline 0 -2"><span class='ocrx_word' id='word_1_258' title='bbox 169 4467 357 4523; x_wconf 81' lang='lat' dir='ltr'><strong>defenduntur.</strong></span> 
     </span>
    </p>
   </div>
   <div class='ocr_carea' id='block_1_4' title="bbox 811 4571 936 4626">
    <p class='ocr_par' dir='ltr' id='par_1_6' title="bbox 811 4571 936 4626">
     <span class='ocr_line' id='line_1_37' title="bbox 811 4571 936 4626; baseline 0.056 -6"><span class='ocrx_word' id='word_1_259' title='bbox 811 4571 936 4626; x_wconf 68' lang='lat'><strong>‚15</strong></span> 
     </span>
    </p>
   </div>
   <div class='ocr_carea' id='block_1_5' title="bbox 0 0 1332 5010">
    <p class='ocr_par' dir='ltr' id='par_1_7' title="bbox 0 0 1332 5010">
     <span class='ocr_line' id='line_1_38' title="bbox 0 0 1332 5010; baseline 0 1"><span class='ocrx_word' id='word_1_260' title='bbox 0 0 1332 5010; x_wconf 95' lang='lat' dir='ltr'><strong> </strong></span> 
     </span>
    </p>
   </div>
  </div>
 </body>
</html>
