2656 5056
440 672 578 728 Ciceronis
597 672 742 728 orationes.
1026 674 1085 737 133

56 866 139 950 ipsi
172 866 361 951 denique,
392 870 435 933 ut
467 869 766 954 solentlcqui,
799 889 871 935 non
900 870 1035 935 dicere
1068 873 1127 935 cet.

22 966 31 1049 ᾗ
54 970 169 1054 Neque
191 972 328 1055 ipsorum
350 974 497 1060 suffragia
512 976 659 1061 (singula)
681 977 815 1041 multum
837 976 979 1056 ponderis
1000 974 1124 1047 babent,

54 1097 159 1161 neque
181 1081 281 1164 gratia
303 1081 408 1147 valent
430 1082 469 1147 ad
490 1082 670 1149 candidatos
688 1082 758 1147 aliis
774 1081 1048 1157 commendandam
1070 1081 1127 1148 hoc

10 1261 26 1271 ff
56 1187 107 1250 est
140 1185 222 1250 enim
255 1187 428 1270 suffragari.
483 1188 517 1253 Si
547 1207 640 1271 quem
662 1207 698 1253 aa
719 1187 874 1254 dubitatio
896 1191 1009 1266 movet,
1033 1206 1126 1270 quam

55 1291 125 1373 ipsa
147 1290 187 1356 ad
209 1292 223 1356 1
247 1292 285 1356 de
307 1292 393 1356 l'inn.
418 1294 458 1356 20
481 1293 614 1377 exposui,
646 1314 700 1377 pro
729 1294 814 1359 sive
844 1293 1039 1360 scribendum
1069 1294 1129 1358 erit

55 1415 119 1463 sm.

160 1584 337 1653 ProSulls
361 1588 396 1651 5:
430 1590 485 1652 An
519 1608 626 1665 uero,
660 1591 697 1653 in
729 1590 874 1672 quibus
904 1588 1125 1654 subselliis

2 1692 20 1730 ’-
55 1694 139 1758 lraec
160 1695 394 1758 ornamenta
415 1712 457 1759 ac
479 1694 631 1760 lumina
652 1694 709 1760 rei
731 1696 905 1776 publicae
933 1694 1127 1768 viderem,

14 1814 17 1818 ⁴
56 1800 98 1864 in
130 1799 193 1865 bis
222 1819 278 1864 me
307 1818 500 1882 apparere
530 1800 694 1873 nollem,
724 1818 887 1882 quorum
919 1820 989 1885 ego
1011 1800 1126 1865 illum

5 1907 16 1911 ⁴
55 1904 97 1970 iu
133 1904 262 1970 locum
294 1907 417 1989 atquc
450 1908 488 1971 in
522 1907 621 1973 banc
651 1905 971 1972 excelsissimam
994 1906 1128 1972 sedem

56 2010 288 2094 dignitatis
310 2016 430 2096 atque
451 2013 617 2079 honoris
639 2013 782 2078 multis
806 2014 902 2078 meis
919 2012 1128 2095 etmagnis

56 2117 272 2182 laboribus
295 2120 333 2182 et
363 2118 564 2200 periculis
593 2119 895 2185 ascendissem?
944 2118 1024 2198 Quid
1047 2124 1129 2182 esset

55 2225 89 2286 in
114 2226 249 2287 extrema
270 2229 356 2305 perte
378 2225 540 2290 sententies
565 2226 642 2299 vitii,
664 2229 826 2291 senserunt
847 2226 951 2309 aliqua
973 2244 1009 2290 ex
1030 2225 1128 2307 parte,

55 2315 168 2410 quiin
191 2329 346 2396 codicibus
370 2331 471 2395 minus
493 2331 580 2396 bonis
603 2334 656 2396 aut
678 2352 760 2398 oum
784 2352 838 2416 pro
861 2350 1026 2415 quorum
1057 2331 1128 2396 sub·

55 2433 231 2500 stituerunt
259 2438 313 2501 aut
341 2441 411 2518 post
439 2456 507 2521 ego
537 2436 724 2503 addiderunt
753 2456 872 2521 opera
900 2442 955 2504 ant
984 2457 1053 2521 ope
1075 2440 1130 2502 aut

55 2539 225 2606 auxilio.
270 2541 557 2609 Manifestissimum
581 2546 629 2610 est
648 2545 729 2610 enim
747 2563 844 2628 neque
859 2547 942 2610 recte
957 2548 1027 2626 post
1042 2542 1128 2612 illam

54 2648 274 2729 pronominum
296 2648 377 2713 inter
399 2666 431 2714 se
453 2650 604 2715 contrarie
620 2651 785 2715 relatorum
804 2650 1066 2716 coniunctionem:
1091 2650 1128 2713 in

56 2753 211 2836 quibus
233 2753 517 2832 subselliis—‚
540 2756 578 2819 in
601 2757 728 2834 bis-,
751 2756 795 2821 sic
819 2757 926 2821 subiici
949 2773 1130 2837 quorum,

55 2865 96 2924 ut
121 2844 328 2924 referatur'ad
352 2866 587 2926 ornamenta
615 2880 658 2927 ac
686 2863 840 2927 lumina
863 2863 919 2926 rei
941 2860 1128 2942 publicas,

56 2983 160 3047 neque
176 2967 299 3030 omnino
315 2984 385 3030 cum
400 2965 575 3032 huiusmodi
590 2969 732 3050 genetivo
747 2968 881 3049 copulari
903 2985 990 3050 posse
1012 2966 1130 3030 illum
1176 2945 1181 2958 “

56 3073 192 3136 locum
216 3071 601 3146 (locum‘ornamentomm
622 3073 669 3139 rei
696 3074 849 3155 prnblicae),
880 3094 917 3138 ne
947 3072 1046 3137 dicam
1077 3089 1131 3136 na·

55 3178 193 3243 cessario
215 3179 402 3244 sententiam
424 3180 583 3245 terminari
605 3181 636 3245 in
660 3182 752 3247 verbo
774 3179 921 3245 nollem
945 3179 977 3243 et
998 3178 1029 3242 in
1044 3195 1130 3242 com·

54 3283 221 3367 paratione
243 3283 397 3350 Ciceronis
419 3292 450 3350 et
471 3288 653 3365 ceterorum,
682 3288 734 3370 qui
757 3286 870 3352 adsint.
915 3284 1025 3351 Omnia
1046 3284 1132 3347 recto

56 3393 154 3454 erunt
175 3392 219 3456 sic
248 3392 378 3476 scripta:
409 3394 464 3456 An
493 3411 584 3458 vcro
607 3439 614 3456 .
639 3439 645 3454 .
671 3440 677 3455 .
702 3439 709 3453 .
732 3411 788 3457 me
817 3408 1013 3475 apparere
1042 3387 1131 3453 nol-

55 3496 162 3560 lem?
210 3498 297 3571 Quor
330 3516 410 3580 argo
443 3498 556 3564 illum
590 3499 629 3563 in
661 3500 791 3565 locum
819 3500 939 3582 atque
965 3497 1003 3561 in
1033 3497 1132 3561 banc

58 3602 386 3669 excelsissima-m
417 3604 547 3670 sedem
572 3653 579 3668 .
604 3652 610 3667 .
636 3651 643 3666 .
667 3650 674 3665 .
697 3605 996 3670 ascendissem?
1031 3603 1131 3668 Inter·

57 3708 197 3792 rogando
229 3708 334 3775 Cicero
370 3712 514 3789 ostendit,
552 3712 577 3775 si
615 3711 645 3775 in
680 3712 719 3775 iis
752 3709 915 3786 subselliis,
953 3711 983 3774 in
1021 3709 1132 3792 quibus

57 3817 223 3881 senatores
245 3815 408 3881 clarissimi
430 3816 569 3890 sedeant,
590 3836 736 3901 apparere
759 3815 865 3894 nollet,
893 3816 1006 3881 frustra
1026 3831 1133 3895 sump-

58 3927 129 3987 tam
165 3922 258 3988 luisse
289 3908 410 3987 omnem
444 3923 653 3990 antecedentis
685 3923 757 3989 vitae
790 3922 983 3988 iudustriam.
1041 3920 1132 3984 Error

56 4030 210 4095 facillime
242 4033 334 4095 natus
368 4032 415 4094 est
447 4049 482 4094 en
514 4031 642 4113 antiqua
670 4030 822 4112 scriptura
844 4037 954 4113 (quor
975 4045 1030 4110 pro
1052 4035 1132 4102 cur)

57 4155 124 4202 non
147 4134 315 4200 intellecta.

167 4275 243 4342 lbid.
274 4277 332 4341 20:
367 4295 494 4359 neque
527 4277 631 4347 enim
665 4278 727 4342 est
759 4295 881 4343 causa
914 4276 1133 4341 adversata

60 4387 237 4459 naturae,
271 4401 341 4449 nec
373 4383 485 4448 homo
518 4401 589 4448 nec
620 4401 684 4447 res
714 4383 1012 4449 misericordiae
1040 4399 1133 4445 meae

59 4490 318 4572 repugnavit.
373 4488 476 4555 Nimis
503 4489 623 4555 infinite
652 4493 804 4553 naturae
835 4490 947 4554 dicitur
979 4508 1031 4572 pro
1063 4506 1138 4551 na·
