2678 5016
543 638 666 695 Ovidim
770 663 773 668 ·
1033 644 1093 707 109

52 832 171 917 Ncquc
197 834 343 918 ambisse
363 836 460 897 datur
484 853 539 919 pro
566 835 837 911 noddurovidius
858 839 945 914 dixit,
967 859 1064 926 naqua
1086 843 1136 917 (da

52 959 114 1024 quc
152 958 264 1005 omncs
296 942 410 1020 tacent)
440 941 486 1006 sic
517 961 661 1004 ceu-acu
686 940 719 1006 iu
740 944 916 1011 nominibus
941 945 1135 1031 diiungsndis

55 1047 178 1112 dicitur
200 1052 265 1123 (acro
276 1047 428 1110 Adrastus
448 1067 500 1110 acu
514 1045 639 1109 AEaem
658 1045 714 1110 boc
728 1047 816 1132 fecit,
835 1069 893 1133 pro
909 1069 952 1125 ao,
975 1054 1054 1135 quod
1069 1057 1132 1119 cat:

53 1154 125 1214 Aac
147 1153 193 1214 A.
216 1161 270 1213 auc
290 1149 397 1228 ὧι).
445 1151 683 1219 Restituaudum
707 1155 755 1219 ost
775 1154 879 1238 igitur,
912 1157 1044 1240 quadiu
1066 1176 1133 1224 om·

54 1260 151 1325 nibus
188 1259 301 1341 prator
322 1275 420 1321 unum
456 1257 613 1341 vulgarem
648 1259 803 1325 codicibus
826 1262 895 1341 ast,
928 1260 1063 1330 oratione
1086 1266 1132 1330 sic

56 1365 278 1448 interpuncta:
322 1422 324 1425 .
725 1369 729 1376 '

197 1467 261 1533 Seu
283 1485 378 1549 ganas
399 1466 538 1543 Adrasti,
560 1485 614 1532 scu
635 1469 725 1533 furtis
748 1472 838 1553 aptus
862 1471 966 1538 Ulixes

264 1589 319 1636 scu
339 1571 409 1654 pius
433 1570 555 1648 AEncas,
579 1573 725 1657 eripuisse
747 1574 860 1655 famnt,

57 1681 94 1744 ut
112 1678 155 1744 ad
167 1670 324 1741 'sau-sea
346 1676 489 1742 audiatur
510 1677 628 1760 cripuit.

159 1785 230 1850 Ibd.
253 1782 330 1846 557:

196 1890 272 1971 Ipsa
293 1888 417 1971 qnidam
440 1887 550 1953 facisse
575 1890 678 1972 negat
700 1889 754 1955 scd
776 1889 860 1955 fama
881 1890 1014 1973 recapit;
1111 1920 1113 1922 ·

238 1994 298 2059 hoc
322 1995 380 2070 ast,
403 2012 457 2057 cur
474 1991 543 2058 odic
566 1994 608 2058 sit
628 1993 687 2059 tibi
709 2013 798 2061 sarva
817 2013 937 2061 manus.

60 2103 94 2167 ln
114 2102 174 2166 bac
196 2100 351 2182 scriptura
372 2109 463 2182 nepot
484 2090 655 2164 necessario
678 2099 811 2165 refertur
832 2100 870 2164 ad
893 2118 1030 2182 sarvam,
1061 2121 1129 2185 quae

1 2220 3 2279 l
60 2205 244 2272 Atlramnnti
264 2204 411 2270 indicavit
443 2205 525 2269 tosta
559 2204 677 2269 sumina
709 2205 853 2290 agricolis
881 2206 969 2281 dari,
1006 2227 1067 2274 non
1089 2209 1128 2274 ad

4 2347 5 2353 κ
61 2315 122 2386 luo,
146 2330 243 2396 quam
265 2312 359 2392 poeta
380 2310 481 2393 ipsam
502 2307 669 2393 alloquitur
692 2310 762 2387 (tibi
782 2314 814 2377 ct
835 2333 861 2378 r.
885 2313 947 2376 554
969 2314 1032 2391 cci).
1066 2313 1127 2381 Sed

62 2418 170 2484 ancilla
191 2416 273 2481 nihil
293 2416 442 2493 negabat3
475 2416 530 2480 Ino
552 2433 610 2479 non
632 2414 753 2497 potarat
774 2416 840 2494 hoc,
863 2419 943 2501 quod
965 2439 1055 2485 serva
1076 2421 1126 2484 in-

10 2567 11 2580 2
63 2522 228 2599 dicaverat,
251 2520 289 2586 do
311 2540 355 2586 sc*
368 2504 450 2586 credi
472 2520 561 2584 vella.
611 2517 783 2602 Scripserat
804 2520 946 2591 Ovidius:

193 2627 268 2710 Ipsa
290 2627 415 2709 quidem
437 2625 546 2690 facisse
569 2645 673 2709 nepas,
698 2625 753 2690 sed
774 2627 857 2694 fama
878 2631 1011 2713 raccpit3

241 2732 296 2797 hoc
317 2735 378 2811 ast,
401 2749 456 2796 cur
476 2729 544 2795 odio
565 2730 607 2795 sit
627 2731 684 2796 tibi
705 2749 795 2797 sarva
817 2752 937 2812 manus.

504 2979 589 3063 Cap.
618 2980 686 3047 111.

64 3149 146 3209 Porta
176 3128 299 3225 Augusti
330 3157 411 3210 vatata
441 3154 589 3209 insaniores.
649 3121 758 3209 Seneca.
818 3153 935 3209 Porsina.
990 3155 1125 3210 Lucanus.

107 3246 234 3301 Valerius
252 3247 374 3302 Flaccus.
427 3247 541 3301 Statius.
578 3245 683 3312 (Silius.
719 3244 864 3300 Iuvenalis.
902 3245 1056 3314 Martialis.)

152 3374 259 3437 Poetae
282 3374 394 3446 latini,
418 3373 470 3455 qui
490 3374 559 3455 post
581 3373 757 3456 Augustum
780 3371 911 3447 fuerunt,
937 3390 1123 3456 quamquam

62 3478 175 3543 omnino
198 3496 261 3544 non
284 3495 358 3543 sana
380 3478 483 3542 nostra
505 3479 597 3542 aetats
624 3478 655 3542 iu
684 3476 851 3542 multorum
879 3477 1020 3542 manibus
1041 3479 1123 3551 suut,

62 3583 164 3650 sellam
186 3584 350 3648 tamenin
380 3583 418 3674 iis
451 3584 682 3666 expromendis,
714 3602 781 3667 quae
809 3584 841 3647 in
873 3601 979 3649 corum
1007 3600 1125 3667 quoquo

61 3692 173 3774 asiptis
197 3686 381 3764 amandavi,
419 3706 490 3754 cum
523 3708 560 3754 ea
586 3689 734 3774 philologi
756 3691 788 3754 et
808 3690 1004 3773 grammatici
1025 3687 1124 3754 officio

62 3798 248 3861 rat‘sfacicns
270 3795 458 3869 tractarem,
492 3796 531 3860 ab
566 3796 667 3879 aliquo
690 3794 800 3873 ordiri,
839 3795 891 3877 qui
925 3796 1017 3879 paulo
1053 3795 1122 3878 plus

61 3899 177 3967 laborat
203 3900 242 3964 ad
264 3900 385 3965 animos
416 3901 576 3966 bominum
609 3902 882 3968 commendationis
905 3902 1032 3984 stipsis
1054 3900 1122 3983 pbi-

61 4004 156 4092 lologis
187 4007 282 4090 paulo
314 4005 447 4091 leganda
476 4007 576 4073 notior
599 4010 697 4086 cssat,
730 4028 822 4091 quam
844 4006 970 4073 tumidae
992 4006 1121 4092 argutia
1208 4031 1212 4039 ·

63 4108 178 4179 &now
201 4111 433 4196 tragoediarum.
479 4111 541 4178 Sed
563 4113 706 4196 quoniam
728 4098 905 4197 sequendus*
932 4115 980 4180 cst
1000 4117 1120 4195 tempo·

64 4233 117 4281 mm
137 4218 221 4293 crdo,
243 4217 382 4300 primum
404 4218 451 4281 hac
474 4218 533 4284 sibi
554 4219 655 4285 locum
679 4219 845 4293 vindicant,
868 4238 930 4298 cas,
953 4235 1121 4303 quassare

66 4317 166 4388 Scncca
208 4323 358 4407 scripsit,
394 4323 630 4401 comitantibus,
650 4314 685 4389 ‘si
714 4343 781 4407 quae
821 4326 931 4408 praetor
959 4323 1121 4388 Octauiam

67 4424 157 4492 mena
182 4428 307 4513 originis
344 4446 458 4513 genera
480 4429 596 4494 similes
625 4429 834 4507 adhaeserunt,
868 4428 952 4494 velut
972 4425 1122 4492 Hercules
