2656 5056
165 314 169 325 .
226 334 233 345 ,
262 279 323 342 504
621 242 899 344 aramundarus.

222 482 280 544 cit
287 498 342 550 er,
386 472 579 541 scribendum
613 491 680 538 esse
709 473 884 538 manifesta
917 474 1151 540 emendatione:
1200 475 1260 541 Nou

219 584 397 650 arietant
417 581 525 643 inter
546 597 586 643 so
608 577 686 644 nisi
708 579 746 642 in
776 577 910 641 eadem
932 580 1189 645 ambulantes
1209 581 1261 641 rie

219 693 275 752 Ao
313 698 439 748 acmes
483 682 609 795 ipsam
652 682 954 766 philosophiam
1000 705 1078 752 non
1124 661 1263 751 debebis

219 796 392 866 iactare,
415 787 700 869 csbllnfelicitsr
721 788 854 853 Haasius
876 789 959 872 prat
983 810 1012 872 p
1034 790 1181 869 XXVII.)

318 898 374 980 Ep.
406 894 474 969 104,
510 896 543 955 ll
579 897 649 976 post
650 913 741 978 quam
778 894 943 960 Senecat
929 898 996 961 tam
1033 897 1179 980 ineptum
1208 895 1265 960 dixit

221 1023 288 1068 esse
323 1004 447 1085 propter
472 1000 585 1065 amicos
607 1003 738 1066 amissos
770 1001 857 1078 dere,
891 1020 984 1085 quom
1014 1002 1097 1085 qnod
1129 1000 1265 1068 arboribus

221 1108 349 1173 amoenls
377 1109 409 1170 et
430 1105 555 1170 domum
577 1106 754 1171 ornantibus
787 1106 859 1171 lolia
881 1105 1069 1180 deciderent,
1102 1108 1151 1172 sic
1174 1106 1266 1190 pergit:

222 1211 423 1296 Quicquid
445 1214 482 1276 ΙΙ
505 1211 693 1284 (ΙΙΙΙΙΙΙΙ,
714 1230 817 1294 aque
840 1211 927 1275 vide
949 1213 992 1275 ut
1015 1211 1180 1277 videres
1200 1212 1268 1276 dun

222 1320 372 1383 vireret
412 1317 509 1379 uter.
554 1314 682 1381 Alium
726 1316 806 1380 alio
849 1316 912 1381 die
947 1336 1065 1382 casus
1103 1317 1268 1382 excutiet

223 1423 273 1488 Sic
294 1421 386 1487 codex
409 1421 552 1504 optimus.
605 1420 750 1485 Extrema
782 1423 930 1504 conuptae
962 1422 1061 1504 partis
1091 1425 1175 1487 recte
1197 1420 1269 1486 resti·

222 1529 287 1607 uuit,
316 1526 465 1591 Hessius:
506 1525 590 1589 dum
635 1527 780 1600 virent,
815 1530 943 1599 utere,
979 1526 1039 1591 nisi
1071 1527 1154 1610 quod
1189 1526 1270 1591 viret

221 1632 416 1701 scribendum
439 1634 514 1695 erat.
559 1630 595 1694 In
617 1631 823 1714 superioribus
844 1631 1003 1714 perspicue
1025 1633 1151 1697 subest:
1172 1632 1271 1714 AEque

215 1740 255 1823 ji
262 1738 283 1798 d
291 1758 320 1813 a,
342 1737 382 1800 ut
396 1734 563 1818 fiderem
586 1735 647 1800 ssd
679 1736 790 1801 excidit
819 1737 1001 1801 vocabulum
1024 1739 1270 1820 comparationem

222 1843 389 1908 continens.
415 1840 615 1907 Pntofuisse:
637 1849 677 1906 ut
697 1839 952 1925 virentisolio
974 1841 1143 1909 fideres.
1178 1845 1205 1906 A
1225 1841 1273 1904 uir

223 1947 262 2011 ad
284 1946 340 2011 lid
365 1947 454 2025 (vid)
466 1946 612 2010 transiliit
630 1947 743 2012 oculus.
770 1946 1162 2030 Nisifuittantumsolr'o.
1186 1942 1272 2029 blorb

226 2053 264 2115 la
278 2054 342 2130 (13)
353 2053 383 2116 in
396 2052 546 2126 codicum,
559 2052 653 2117 etiam
665 2052 782 2134 optimi,
795 2052 946 2135 scriptura
963 2052 1111 2118 misces
1134 2073 1187 2137 pro
1213 2051 1271 2117 ni·

224 2177 336 2225 sosas
358 2176 454 2240 nuper
472 2158 743 2240 repositasubesse
764 2158 878 2219 misce
899 2158 944 2233 (si
964 2158 1095 2241 sapis,
1117 2159 1271 2223 alterum
1313 2142 1314 2223 J

224 2265 347 2331 alteri
368 2286 398 2323 m
409 2260 509 2342 iace),
522 2261 616 2344 pudet
631 2281 716 2344 paene
730 2281 861 2327 monere.
898 2261 960 2328 Sed
975 2281 1042 2346 qua
1054 2264 1236 2345 precedunt,
1248 2261 1273 2323 ut

226 2373 297 2435 ants
316 2369 503 2434 ‘liebertum
538 2368 746 2452 signabantur,
779 2365 996 2451 interrogative
1029 2369 1187 2435 efferenda
1218 2367 1274 2434 suut

224 2494 294 2540 oum
339 2471 564 2540 exhortatione:
609 2471 756 2537 Horum
800 2472 902 2537 nibil
945 2473 1152 2557 cogitabis
1190 2471 1274 2540 ...l

224 2575 304 2645 Turn
328 2578 349 2665 ξ
374 2580 422 2655 14,
444 2577 495 2641 ubi
518 2576 639 2642 codices
661 2580 693 2641 et
715 2575 864 2643 editiones
886 2578 950 2642 haec
972 2580 1128 2661 praebent:
1173 2579 1273 2644 Oete·

225 2704 304 2748 rum
342 2682 650 2748 uncoustantiam
678 2684 843 2758 mentis,
879 2702 959 2767 quae
991 2685 1161 2747 maxime
1188 2697 1274 2766 agra

225 2794 302 2864 est,
336 2787 527 2863 lacessit,
565 2788 819 2853 mobiliorem
851 2788 1123 2870 levioremque
1153 2784 1276 2852 reddit
1322 2845 1323 2848 ,

222 2895 312 2978 ipsa
333 2894 523 2969 iactatio,
544 2911 653 2977 neque,
675 2894 701 2957 si
723 2892 761 2955 de
784 2893 936 2958 sententia
957 2912 1085 2977 quaeras,
1112 2893 1276 2957 inconstan-

223 3002 267 3066 tia
300 2998 413 3063 mentis
443 3018 524 3082 agra
563 3001 620 3071 est,
656 2997 713 3062 sed
744 2997 886 3072 morbus,
917 3016 1016 3081 neque
1042 3000 1098 3063 aut
1119 2998 1277 3082 asyndeton

223 3108 339 3189 (agra
372 3106 452 3179 est,
484 3104 682 3182 lacessit),
715 3104 746 3167 in
782 3104 936 3169 sententia
964 3103 1135 3186 prasertim
1159 3103 1280 3168 relatiua

220 3210 413 3293 interposita,
453 3209 524 3273 ferri
560 3211 663 3291 petest
700 3211 754 3273 aut
795 3209 963 3274 lacessit
1006 3207 1125 3272 obiecto
1170 3226 1280 3274 careus.

223 3315 334 3380 Facilis
371 3316 420 3379 est
446 3316 478 3378 et
514 3316 599 3378 certa
631 3311 938 3398 emendatiorquae'
971 3312 1136 3378 maxime
1168 3333 1283 3398 oepror

222 3420 404 3486 lacessit.
464 3417 500 3483 ln
522 3420 586 3483 loco
610 3419 700 3486 buius
722 3420 857 3503 epistolae
891 3419 927 3485 de
952 3418 1077 3484 Socrate
1100 3417 1132 3504 (ᾗ
1157 3419 1220 3495 27).
1253 3421 1284 3481 ut

223 3526 262 3591 ad
284 3526 442 3590 verborum
466 3525 728 3590 emendationem·
737 3524 889 3608 perveniri
910 3524 1024 3607 possit,
1060 3525 1202 3606 pn'mum·
1219 3544 1284 3591 sen·

222 3631 326 3695 tentiae
360 3633 441 3695 recte
463 3630 639 3713 separanda
671 3633 753 3695 suut.
807 3632 883 3695 Hac
905 3628 987 3691 enim
1010 3628 1144 3710 primam
1167 3635 1286 3712 partem

223 3735 347 3818 explent
374 3738 407 3800 et
429 3736 611 3801 absolvunt:
656 3733 694 3800 Si
727 3737 860 3799 tamen
883 3732 1104 3816 exemplum
1127 3734 1287 3801 deside-

222 3840 341 3912 ratis,
375 3840 550 3924 accipite
572 3839 782 3918 Socraten,
818 3839 1104 3922 perpessicium
1135 3859 1287 3916 senem,

221 3961 286 4026 per
322 3945 456 4009 omnis
492 3965 632 4029 aspera
665 3945 875 4021 iactatum,
911 3942 1111 4007 invictum
1156 3948 1290 4012 tamen

222 4051 262 4113 et
283 4051 540 4130 paupertate,
578 4069 689 4133 quam
716 4050 944 4134 graviorem
965 4049 1036 4114 illi
1058 4049 1292 4118 domestica
