2648 5084
252 307 313 371 578
612 307 672 363 Lib.
681 307 758 364 vm.
770 308 832 378 Cap.
843 309 891 366 VI.

210 510 429 590 peratorem
452 507 662 582 salutavit,
691 507 770 572 latet
790 507 906 591 aliquid
928 508 1053 583 meudi3
1089 529 1158 575 nam
1182 528 1260 593 neque

211 632 228 677 e
265 615 370 677 nostro
411 611 512 677 studio
544 612 723 680 sciscitandi
759 614 954 697 agnoscimus
993 615 1145 698 aliquem,
1181 635 1260 700 neque

211 717 331 782 Claudii
354 717 507 785 latitantis
530 721 666 785 studium
689 719 820 803 intelligi
843 723 953 802 potest.
1000 722 1084 786 Mihi
1106 726 1262 806 suspectum

212 823 260 889 est
300 824 401 906 ipsum
439 826 624 909 agnoscendi
666 827 807 901 uerbum3
850 843 922 889 nam
966 827 1074 893 studio
1111 826 1263 893 sciscitandi

111 987 114 994 .
213 930 344 994 militem
377 930 540 996 Claudium
574 932 739 997 extraxisse
760 933 841 1015 puto.
878 932 977 997 Recta
999 934 1109 999 omnia
1130 938 1215 999 erunt
1233 936 1264 997 sir

213 1037 343 1119 scripta:
388 1036 591 1102 Lateutem
697 1056 798 1123 greg.
829 1037 959 1114 miles,
998 1041 1265 1105 animadversis

212 1142 397 1226 pedibus,
445 1143 581 1210 studio
626 1143 876 1217 sciscitandi,
930 1144 1114 1227 quisnam
1163 1148 1265 1223 esset,

213 1251 434 1314 extractum
467 1251 506 1312 et
620 1250 862 1315 accidentem
971 1251 1181 1315 salutavit.
1220 1249 1266 1328 Qui

212 1355 415 1437 interpolavit,
449 1372 508 1418 non
541 1356 693 1421 intellexit
724 1356 854 1420 actionis
876 1355 1005 1438 gradum
1030 1358 1168 1439 priorem
1189 1356 1266 1439 parti·

213 1460 291 1543 cipio
315 1459 524 1544 significatum
547 1481 638 1528 esser
655 1461 857 1526 Latentem
983 1464 1122 1528 studio
1145 1463 1267 1528 scisci·

213 1566 324 1632 tandi
428 1567 600 1632 extraxit
621 1570 660 1632 et
682 1569 740 1632 cet.
799 1567 906 1650 Itaque
929 1569 1059 1633 verbum
1085 1568 1266 1635 desiderarit

109 1696 111 1699 ·
214 1672 300 1756 (Cap.
325 1673 344 1735 9
366 1673 403 1737 in
436 1691 592 1740 vacuum
616 1678 688 1757 puto
711 1692 793 1739 esse:
815 1673 846 1737 in
872 1675 989 1756 partem
1015 1677 1157 1756 pecuniae
1180 1675 1268 1740 defici·

75 1776 77 1778 ’
215 1782 330 1857 entem,
360 1781 395 1843 ut
427 1797 464 1844 ea
499 1780 640 1846 auctione
669 1780 884 1846 conficeretur:
918 1780 966 1844 thr
993 1779 1049 1844 das
1084 1781 1268 1866 Mangelnde,

214 1883 234 1946 f.
258 1882 285 1947 d.
307 1883 526 1970 Ungedcckte.)

314 1988 380 2054 lbd.
404 1989 460 2055 20:
505 1992 633 2074 Opera
664 2011 801 2078 magna
822 1991 1033 2074 potiusque
1057 1985 1270 2059 necessaria

185 2114 324 2179 vquam
351 2096 475 2162 multa
507 2098 682 2181 perfecit.
741 2098 835 2163 Scrib.
879 2095 1005 2181 Opera
1041 2118 1184 2185 magna
1215 2120 1270 2183 pc·

215 2203 296 2270 tius
328 2203 626 2286 necessariaque
655 2223 761 2287 quam
783 2204 905 2269 multa
925 2205 1107 2289 perfecit.
1130 2207 1177 2272 Ea
1198 2214 1270 2272 rectu

213 2310 398 2393 comparatio
419 2312 475 2374 est.
519 2308 640 2375 Excidit
674 2313 839 2394 queunte
871 2328 997 2394 quam,
1041 2310 1157 2377 deiude
1190 2331 1271 2397 praue

214 2417 388 2503 suppletum
412 2417 468 2480 est.

313 2522 378 2586 lbd.
413 2522 470 2585 41:
520 2521 681 2586 Initium
724 2525 851 2587 autem
895 2522 1062 2603 sumpsit
1104 2525 1270 2592 historia

212 2631 302 2711 post
335 2628 474 2693 caedem
508 2628 680 2693 (laesarisx
706 2613 929 2707 dictatoris,
962 2627 1030 2694 sed
1060 2634 1100 2695 et
1123 2634 1270 2698 transiit

213 2735 259 2799 ad
280 2735 466 2799 inferiora
492 2737 662 2817 tempora
695 2734 886 2818 coepitque
915 2756 933 2801 a
961 2754 1054 2818 pace
1083 2740 1197 2805 civili
1218 2744 1268 2805 cet

212 2842 354 2923 Ineptum
377 2840 442 2906 sed
464 2841 500 2905 et
524 2842 654 2919 (etiam).
688 2840 902 2906 Scribendum:
1026 2841 1204 2922 Caesaris,
1226 2855 1269 2908 sec

211 2944 374 3012 transiit
400 2947 521 3029 (relicto
549 2947 603 3011 illo
629 2947 728 3024 initio)
756 2947 800 3010 ad
829 2947 892 3011 inf.
929 2950 952 3012 t.
1009 2946 1114 3014 Etiam
1140 2952 1211 3017 Ner.
1234 2951 1264 3013 lb

210 3052 405 3117 scribendum
428 3054 489 3117 est:
513 3071 633 3136 neque
654 3053 691 3117 in
715 3071 911 3118 commune
933 3054 1139 3137 quicquam
1162 3073 1267 3140 neque

210 3157 415 3240 propalam
437 3157 701 3232 deliberabat,
730 3158 795 3223 sed
818 3158 1068 3241 conscriptas
1090 3167 1173 3244 (pro:
1212 3159 1267 3227 sed

211 3266 250 3329 et
274 3270 436 3340 censer.)
471 3264 515 3329 ab
536 3284 769 3348 unoquoque
804 3265 1023 3331 sententias
1044 3269 1194 3333 tacitus

210 3369 343 3463 legans
367 3373 424 3435 cet.
483 3370 580 3456 [Illud
601 3372 789 3447 Torrentius,
811 3371 868 3436 hoc
890 3373 926 3438 B.
950 3370 1076 3437 Crusius
1099 3370 1264 3458 pracepit]

310 3476 369 3558 (De
391 3495 416 3542 c.
439 3476 480 3539 44
502 3477 617 3543 dictum
633 3481 681 3543 est
693 3478 753 3544 rol.
770 3478 784 3542 Ι
799 3496 827 3559 p.
844 3477 889 3541 19.
913 3477 973 3542 Sed
996 3478 1040 3542 sic
1051 3475 1115 3543 iam
1129 3480 1167 3547 B.
1177 3481 1265 3551 Orus.)

309 3583 381 3649 Ner.
406 3583 461 3647 12:
494 3584 585 3648 item
618 3585 780 3664 (exhibuit)
814 3583 1031 3679 pyrrichas·
1051 3586 1266 3667 quasdamc

208 3708 363 3755 numere
385 3690 632 3772 epheborum,
665 3691 803 3775 quibus
838 3691 924 3775 post
954 3689 1100 3755 editam
1123 3710 1266 3777 operam

208 3786 424 3877 diplomata
454 3796 645 3872 ⁴ciuitatis
682 3797 853 3862 Rcmauae
900 3795 1071 3880 siugulis
1118 3798 1267 3865 obtulit

129 3922 130 3925 ¹
208 3899 333 3965 Haerent
355 3902 485 3968 editores
508 3921 565 3967 nec
587 3921 620 3968 se
642 3904 813 3987 expediunt.
837 3902 1053 3969 scribendum:
1076 3903 1268 3988 pyrrichi-

206 4015 284 4066 ocaa
306 4006 502 4091 quosdam.
538 4005 728 4086 (Paulo'ante
742 4009 834 4074 verba
854 4010 898 4074 sic
916 4008 1162 4093 interpungenda
1185 4015 1265 4078 sunt:

166 4133 169 4141 ·
206 4111 384 4178 exhibuit
416 4109 628 4179 autemad
665 4115 806 4220 semum
939 4114 1096 4199 equites
1136 4118 1185 4195 u,
1232 4121 1270 4183 et
