<?xml version="1.0" encoding="UTF-8"?>
<!DOCTYPE html PUBLIC "-//W3C//DTD XHTML 1.0 Transitional//EN"
    "http://www.w3.org/TR/xhtml1/DTD/xhtml1-transitional.dtd">
<html xmlns="http://www.w3.org/1999/xhtml" xml:lang="en" lang="en">
 <head>
  <title>
</title>
<meta http-equiv="Content-Type" content="text/html;charset=utf-8" />
  <meta name='ocr-system' content='tesseract 3.04.00' />
  <meta name='ocr-capabilities' content='ocr_page ocr_carea ocr_par ocr_line ocrx_word'/>
</head>
<body>
  <div class='ocr_page' id='page_1' title='image "./ioniemadvigiiad00madvgoog_0167.png"; bbox 0 0 2678 5016; ppageno 0'>
   <div class='ocr_carea' id='block_1_1' title="bbox 260 290 880 362">
    <p class='ocr_par' dir='ltr' id='par_1_1' title="bbox 260 290 880 362">
     <span class='ocr_line' id='line_1_1' title="bbox 260 290 880 362; baseline -0.013 -6"><span class='ocrx_word' id='word_1_1' title='bbox 260 292 319 356; x_wconf 83' lang='grc'>156</span> <span class='ocrx_word' id='word_1_2' title='bbox 619 291 679 347; x_wconf 87' lang='lat' dir='ltr'>Lib.</span> <span class='ocrx_word' id='word_1_3' title='bbox 689 291 735 347; x_wconf 81' lang='lat' dir='ltr'>VI.</span> <span class='ocrx_word' id='word_1_4' title='bbox 754 290 820 362; x_wconf 78' lang='lat' dir='ltr'>Cap.</span> <span class='ocrx_word' id='word_1_5' title='bbox 829 293 880 348; x_wconf 86' lang='lat'>111.</span> 
     </span>
    </p>
   </div>
   <div class='ocr_carea' id='block_1_2' title="bbox 216 487 1281 2155">
    <p class='ocr_par' dir='ltr' id='par_1_2' title="bbox 315 487 1146 781">
     <span class='ocr_line' id='line_1_2' title="bbox 315 487 482 584; baseline -0.018 -30"><span class='ocrx_word' id='word_1_6' title='bbox 315 489 382 554; x_wconf 84' lang='lat' dir='ltr'>lbd.</span> <span class='ocrx_word' id='word_1_7' title='bbox 404 487 482 584; x_wconf 55' lang='lat'><strong>672:</strong></span> 
     </span>
     <span class='ocr_line' id='line_1_3' title="bbox 668 592 1146 675; baseline 0.006 -17"><span class='ocrx_word' id='word_1_8' title='bbox 668 592 801 675; x_wconf 81' lang='lat' dir='ltr'>clipeum</span> <span class='ocrx_word' id='word_1_9' title='bbox 823 612 880 662; x_wconf 87' lang='lat' dir='ltr'>nec</span> <span class='ocrx_word' id='word_1_10' title='bbox 901 594 1032 661; x_wconf 76' lang='lat' dir='ltr'>susb&#39;net</span> <span class='ocrx_word' id='word_1_11' title='bbox 1052 595 1146 661; x_wconf 88' lang='lat' dir='ltr'>umbo</span> 
     </span>
     <span class='ocr_line' id='line_1_4' title="bbox 349 698 642 781; baseline -0.007 -17"><span class='ocrx_word' id='word_1_12' title='bbox 349 701 505 764; x_wconf 87' lang='lat' dir='ltr'>mutatum</span> <span class='ocrx_word' id='word_1_13' title='bbox 528 698 642 781; x_wconf 88' lang='lat' dir='ltr'>spoliis,</span> 
     </span>
    </p>

    <p class='ocr_par' dir='ltr' id='par_1_3' title="bbox 216 803 1281 1310">
     <span class='ocr_line' id='line_1_5' title="bbox 216 803 1281 887; baseline -0.003 -18"><span class='ocrx_word' id='word_1_14' title='bbox 216 804 272 870; x_wconf 89' lang='lat' dir='ltr'>hoo</span> <span class='ocrx_word' id='word_1_15' title='bbox 295 808 359 881; x_wconf 89' lang='lat' dir='ltr'>est,</span> <span class='ocrx_word' id='word_1_16' title='bbox 386 805 485 871; x_wconf 82' lang='lat' dir='ltr'>hastis</span> <span class='ocrx_word' id='word_1_17' title='bbox 507 803 642 870; x_wconf 88' lang='lat' dir='ltr'>hostium</span> <span class='ocrx_word' id='word_1_18' title='bbox 663 803 765 869; x_wconf 85' lang='lat' dir='ltr'>infixis</span> <span class='ocrx_word' id='word_1_19' title='bbox 795 808 827 870; x_wconf 89' lang='lat' dir='ltr'>et</span> <span class='ocrx_word' id='word_1_20' title='bbox 847 805 990 887; x_wconf 81' lang='lat' dir='ltr'>exeeptis.</span> <span class='ocrx_word' id='word_1_21' title='bbox 1040 805 1098 872; x_wconf 89' lang='lat' dir='ltr'>His</span> <span class='ocrx_word' id='word_1_22' title='bbox 1128 815 1281 867; x_wconf 78' lang='lat' dir='ltr'>motatum</span> 
     </span>
     <span class='ocr_line' id='line_1_6' title="bbox 218 908 1278 996; baseline 0.001 -21"><span class='ocrx_word' id='word_1_23' title='bbox 218 911 349 995; x_wconf 88' lang='lat' dir='ltr'>clipeum</span> <span class='ocrx_word' id='word_1_24' title='bbox 372 908 611 996; x_wconf 65' lang='lat' dir='ltr'>pereruditi,</span> <span class='ocrx_word' id='word_1_25' title='bbox 644 910 747 993; x_wconf 87' lang='lat' dir='ltr'>plures</span> <span class='ocrx_word' id='word_1_26' title='bbox 768 909 998 986; x_wconf 60' lang='lat' dir='ltr'>intellexeruut</span> <span class='ocrx_word' id='word_1_27' title='bbox 1040 910 1094 976; x_wconf 79' lang='lat' dir='ltr'>sed</span> <span class='ocrx_word' id='word_1_28' title='bbox 1115 929 1184 994; x_wconf 81' lang='lat' dir='ltr'>qua</span> <span class='ocrx_word' id='word_1_29' title='bbox 1207 911 1278 976; x_wconf 88' lang='lat' dir='ltr'>sub·</span> 
     </span>
     <span class='ocr_line' id='line_1_7' title="bbox 216 1013 1279 1098; baseline -0.002 -16"><span class='ocrx_word' id='word_1_30' title='bbox 216 1016 359 1095; x_wconf 82' lang='lat' dir='ltr'>stituunt‚</span> <span class='ocrx_word' id='word_1_31' title='bbox 394 1035 452 1082; x_wconf 86' lang='lat' dir='ltr'>nec</span> <span class='ocrx_word' id='word_1_32' title='bbox 473 1014 634 1097; x_wconf 84' lang='lat' dir='ltr'>aptissima</span> <span class='ocrx_word' id='word_1_33' title='bbox 655 1018 728 1081; x_wconf 84' lang='lat' dir='ltr'>sunt</span> <span class='ocrx_word' id='word_1_34' title='bbox 748 1033 805 1080; x_wconf 90' lang='lat' dir='ltr'>nec</span> <span class='ocrx_word' id='word_1_35' title='bbox 826 1014 965 1098; x_wconf 80' lang='lat' dir='ltr'>vestigiis</span> <span class='ocrx_word' id='word_1_36' title='bbox 990 1013 1131 1080; x_wconf 85' lang='lat' dir='ltr'>codicum</span> <span class='ocrx_word' id='word_1_37' title='bbox 1153 1015 1279 1098; x_wconf 86' lang='lat' dir='ltr'>propin-</span> 
     </span>
     <span class='ocr_line' id='line_1_8' title="bbox 217 1118 1278 1205; baseline 0.003 -21"><span class='ocrx_word' id='word_1_38' title='bbox 217 1139 285 1202; x_wconf 86' lang='lat' dir='ltr'>qua.</span> <span class='ocrx_word' id='word_1_39' title='bbox 340 1121 419 1186; x_wconf 89' lang='lat' dir='ltr'>Puto</span> <span class='ocrx_word' id='word_1_40' title='bbox 438 1120 546 1198; x_wconf 75' lang='lat' dir='ltr'>fuisse,</span> <span class='ocrx_word' id='word_1_41' title='bbox 578 1121 658 1204; x_wconf 89' lang='lat' dir='ltr'>quod</span> <span class='ocrx_word' id='word_1_42' title='bbox 682 1121 757 1186; x_wconf 89' lang='lat' dir='ltr'>alibi</span> <span class='ocrx_word' id='word_1_43' title='bbox 779 1139 896 1205; x_wconf 86' lang='lat' dir='ltr'>quoque</span> <span class='ocrx_word' id='word_1_44' title='bbox 920 1118 1031 1184; x_wconf 87' lang='lat' dir='ltr'>eodem</span> <span class='ocrx_word' id='word_1_45' title='bbox 1052 1121 1143 1187; x_wconf 90' lang='lat' dir='ltr'>modo</span> <span class='ocrx_word' id='word_1_46' title='bbox 1168 1120 1278 1205; x_wconf 77' lang='lat' dir='ltr'>depra-</span> 
     </span>
     <span class='ocr_line' id='line_1_9' title="bbox 216 1225 727 1310; baseline -0.002 -19"><span class='ocrx_word' id='word_1_47' title='bbox 216 1230 322 1292; x_wconf 82' lang='lat' dir='ltr'>vatum</span> <span class='ocrx_word' id='word_1_48' title='bbox 345 1230 402 1304; x_wconf 81' lang='lat' dir='ltr'>est,</span> <span class='ocrx_word' id='word_1_49' title='bbox 424 1225 591 1289; x_wconf 82' lang='lat' dir='ltr'>rnuleatum</span> <span class='ocrx_word' id='word_1_50' title='bbox 612 1226 727 1310; x_wconf 62' lang='lat' dir='ltr'>spoliet.</span> 
     </span>
    </p>

    <p class='ocr_par' dir='ltr' id='par_1_4' title="bbox 216 1330 1279 1517">
     <span class='ocr_line' id='line_1_10' title="bbox 316 1330 1279 1415; baseline -0.001 -19"><span class='ocrx_word' id='word_1_51' title='bbox 316 1332 382 1397; x_wconf 87' lang='lat' dir='ltr'><strong>Lib.</strong></span> <span class='ocrx_word' id='word_1_52' title='bbox 405 1333 463 1408; x_wconf 87' lang='lat'>111,</span> <span class='ocrx_word' id='word_1_53' title='bbox 487 1331 547 1395; x_wconf 91' lang='grc'>100</span> <span class='ocrx_word' id='word_1_54' title='bbox 567 1351 632 1415; x_wconf 87' lang='lat' dir='ltr'>sqq.</span> <span class='ocrx_word' id='word_1_55' title='bbox 657 1331 825 1409; x_wconf 83' lang='lat' dir='ltr'>(delibera</span> <span class='ocrx_word' id='word_1_56' title='bbox 840 1332 966 1397; x_wconf 86' lang='lat' dir='ltr'>Maeonis</span> <span class='ocrx_word' id='word_1_57' title='bbox 987 1330 1181 1397; x_wconf 84' lang='lat' dir='ltr'>coutumacia</span> <span class='ocrx_word' id='word_1_58' title='bbox 1204 1349 1279 1415; x_wconf 82' lang='lat' dir='ltr'>erga</span> 
     </span>
     <span class='ocr_line' id='line_1_11' title="bbox 216 1431 526 1517; baseline 0.006 -16"><span class='ocrx_word' id='word_1_59' title='bbox 216 1437 402 1517; x_wconf 86' lang='lat' dir='ltr'>Eteoclem):</span> <span class='ocrx_word' id='word_1_60' title='bbox 524 1431 526 1435; x_wconf 64' lang='grc'>’</span> 
     </span>
    </p>

    <p class='ocr_par' dir='ltr' id='par_1_5' title="bbox 728 1542 1063 1626">
     <span class='ocr_line' id='line_1_12' title="bbox 728 1542 1063 1626; baseline -0.003 -18"><span class='ocrx_word' id='word_1_61' title='bbox 728 1542 789 1626; x_wconf 75' lang='lat' dir='ltr'>oui</span> <span class='ocrx_word' id='word_1_62' title='bbox 811 1542 948 1611; x_wconf 86' lang='lat' dir='ltr'>cominus</span> <span class='ocrx_word' id='word_1_63' title='bbox 971 1561 1063 1608; x_wconf 88' lang='lat' dir='ltr'>ausus</span> 
     </span>
    </p>

    <p class='ocr_par' dir='ltr' id='par_1_6' title="bbox 302 1647 1169 1733">
     <span class='ocr_line' id='line_1_13' title="bbox 302 1647 1169 1733; baseline 0 -20"><span class='ocrx_word' id='word_1_64' title='bbox 302 1648 412 1714; x_wconf 81' lang='lat' dir='ltr'>vadere</span> <span class='ocrx_word' id='word_1_65' title='bbox 433 1649 642 1731; x_wconf 84' lang='lat' dir='ltr'>contemptum</span> <span class='ocrx_word' id='word_1_66' title='bbox 665 1666 763 1733; x_wconf 82' lang='lat' dir='ltr'>reges.</span> <span class='ocrx_word' id='word_1_67' title='bbox 785 1667 905 1732; x_wconf 85' lang='lat' dir='ltr'>quaque</span> <span class='ocrx_word' id='word_1_68' title='bbox 927 1649 1031 1731; x_wconf 85' lang='lat' dir='ltr'>ampla</span> <span class='ocrx_word' id='word_1_69' title='bbox 1051 1647 1169 1713; x_wconf 84' lang='lat' dir='ltr'>veniret</span> 
     </span>
    </p>

    <p class='ocr_par' dir='ltr' id='par_1_7' title="bbox 299 1753 692 1832">
     <span class='ocr_line' id='line_1_14' title="bbox 299 1753 692 1832; baseline 0 -14"><span class='ocrx_word' id='word_1_70' title='bbox 299 1754 436 1832; x_wconf 87' lang='lat' dir='ltr'>libertas,</span> <span class='ocrx_word' id='word_1_71' title='bbox 459 1753 576 1818; x_wconf 89' lang='lat' dir='ltr'>sancire</span> <span class='ocrx_word' id='word_1_72' title='bbox 598 1755 692 1818; x_wconf 82' lang='lat' dir='ltr'>viam.</span> 
     </span>
    </p>

    <p class='ocr_par' dir='ltr' id='par_1_8' title="bbox 216 1858 1281 2155">
     <span class='ocr_line' id='line_1_15' title="bbox 316 1858 1278 1943; baseline 0 -21"><span class='ocrx_word' id='word_1_73' title='bbox 316 1858 402 1923; x_wconf 90' lang='lat' dir='ltr'>Nihil</span> <span class='ocrx_word' id='word_1_74' title='bbox 428 1859 477 1922; x_wconf 84' lang='lat' dir='ltr'>est</span> <span class='ocrx_word' id='word_1_75' title='bbox 502 1859 610 1920; x_wconf 80' lang='lat' dir='ltr'><em>vadere</em></span> <span class='ocrx_word' id='word_1_76' title='bbox 631 1869 832 1943; x_wconf 83' lang='lat' dir='ltr'>contemptum</span> <span class='ocrx_word' id='word_1_77' title='bbox 853 1880 935 1942; x_wconf 72' lang='lat' dir='ltr'>reyes</span> <span class='ocrx_word' id='word_1_78' title='bbox 968 1878 1022 1940; x_wconf 86' lang='lat' dir='ltr'>pro</span> <span class='ocrx_word' id='word_1_79' title='bbox 1055 1877 1101 1934; x_wconf 84' lang='lat' dir='ltr'>eo,</span> <span class='ocrx_word' id='word_1_80' title='bbox 1123 1858 1205 1942; x_wconf 85' lang='lat' dir='ltr'>quod</span> <span class='ocrx_word' id='word_1_81' title='bbox 1229 1861 1278 1923; x_wconf 86' lang='lat' dir='ltr'>est</span> 
     </span>
     <span class='ocr_line' id='line_1_16' title="bbox 217 1963 1281 2049; baseline 0.001 -24"><span class='ocrx_word' id='word_1_82' title='bbox 217 1985 299 2046; x_wconf 66' lang='lat' dir='ltr'>reyes</span> <span class='ocrx_word' id='word_1_83' title='bbox 339 1973 535 2037; x_wconf 76' lang='lat' dir='ltr'><strong><em>contemnere,</em></strong></span> <span class='ocrx_word' id='word_1_84' title='bbox 572 1965 729 2049; x_wconf 80' lang='lat' dir='ltr'>multoque</span> <span class='ocrx_word' id='word_1_85' title='bbox 768 1966 869 2031; x_wconf 82' lang='lat' dir='ltr'>miuus</span> <span class='ocrx_word' id='word_1_86' title='bbox 907 1965 968 2029; x_wconf 87' lang='lat' dir='ltr'>dici</span> <span class='ocrx_word' id='word_1_87' title='bbox 1006 1967 1109 2046; x_wconf 79' lang='lat' dir='ltr'>potest</span> <span class='ocrx_word' id='word_1_88' title='bbox 1143 1963 1281 2028; x_wconf 72' lang='lat' dir='ltr'>cemimus</span> 
     </span>
     <span class='ocr_line' id='line_1_17' title="bbox 216 2070 1280 2155; baseline 0.001 -24"><span class='ocrx_word' id='word_1_89' title='bbox 216 2070 324 2131; x_wconf 79' lang='lat' dir='ltr'>eadere</span> <span class='ocrx_word' id='word_1_90' title='bbox 346 2077 553 2152; x_wconf 79' lang='lat' dir='ltr'>contemptum.</span> <span class='ocrx_word' id='word_1_91' title='bbox 608 2070 712 2137; x_wconf 90' lang='lat' dir='ltr'>Unum</span> <span class='ocrx_word' id='word_1_92' title='bbox 734 2089 841 2155; x_wconf 84' lang='lat' dir='ltr'>regem</span> <span class='ocrx_word' id='word_1_93' title='bbox 867 2070 967 2136; x_wconf 77' lang='lat' dir='ltr'>bdaeon</span> <span class='ocrx_word' id='word_1_94' title='bbox 1001 2071 1195 2153; x_wconf 82' lang='lat' dir='ltr'>contempsit.</span> <span class='ocrx_word' id='word_1_95' title='bbox 1243 2070 1280 2133; x_wconf 92' lang='lat' dir='ltr'>ln</span> 
     </span>
    </p>
   </div>
   <div class='ocr_carea' id='block_1_3' title="bbox 80 2175 1280 2259">
    <p class='ocr_par' dir='ltr' id='par_1_9' title="bbox 80 2175 1280 2259">
     <span class='ocr_line' id='line_1_18' title="bbox 80 2175 1280 2259; baseline 0 -19"><span class='ocrx_word' id='word_1_96' title='bbox 80 2218 82 2221; x_wconf 94' lang='lat'>-</span> <span class='ocrx_word' id='word_1_97' title='bbox 215 2175 373 2240; x_wconf 79' lang='lat' dir='ltr'>codicibus</span> <span class='ocrx_word' id='word_1_98' title='bbox 394 2175 544 2253; x_wconf 86' lang='lat' dir='ltr'>omnibus,</span> <span class='ocrx_word' id='word_1_99' title='bbox 574 2194 703 2257; x_wconf 86' lang='lat' dir='ltr'>quorum</span> <span class='ocrx_word' id='word_1_100' title='bbox 725 2176 849 2259; x_wconf 80' lang='lat' dir='ltr'>aliquod</span> <span class='ocrx_word' id='word_1_101' title='bbox 871 2179 920 2242; x_wconf 89' lang='lat' dir='ltr'>est</span> <span class='ocrx_word' id='word_1_102' title='bbox 941 2177 1145 2249; x_wconf 81' lang='lat' dir='ltr'><strong>momentum,</strong></span> <span class='ocrx_word' id='word_1_103' title='bbox 1168 2176 1280 2241; x_wconf 85' lang='lat' dir='ltr'>scribi-</span> 
     </span>
    </p>
   </div>
   <div class='ocr_carea' id='block_1_4' title="bbox 214 2280 1286 4160">
    <p class='ocr_par' dir='ltr' id='par_1_10' title="bbox 216 2280 1104 2576">
     <span class='ocr_line' id='line_1_19' title="bbox 216 2280 943 2363; baseline 0.003 -19"><span class='ocrx_word' id='word_1_104' title='bbox 216 2285 267 2344; x_wconf 88' lang='lat' dir='ltr'>tur</span> <span class='ocrx_word' id='word_1_105' title='bbox 288 2281 377 2363; x_wconf 70' lang='lat' dir='ltr'>eoois.</span> <span class='ocrx_word' id='word_1_106' title='bbox 422 2280 604 2345; x_wconf 78' lang='lat' dir='ltr'>Emendatio</span> <span class='ocrx_word' id='word_1_107' title='bbox 627 2282 787 2363; x_wconf 87' lang='lat' dir='ltr'>perspicua</span> <span class='ocrx_word' id='word_1_108' title='bbox 808 2285 872 2348; x_wconf 88' lang='lat' dir='ltr'>est:</span> <span class='ocrx_word' id='word_1_109' title='bbox 941 2322 943 2325; x_wconf 94' lang='lat'>-</span> 
     </span>
     <span class='ocr_line' id='line_1_20' title="bbox 776 2387 1104 2470; baseline -0.003 -17"><span class='ocrx_word' id='word_1_110' title='bbox 776 2390 827 2470; x_wconf 89' lang='lat' dir='ltr'>qui</span> <span class='ocrx_word' id='word_1_111' title='bbox 851 2387 990 2454; x_wconf 88' lang='lat' dir='ltr'>cominus</span> <span class='ocrx_word' id='word_1_112' title='bbox 1011 2405 1104 2452; x_wconf 77' lang='lat' dir='ltr'>ausus</span> 
     </span>
     <span class='ocr_line' id='line_1_21' title="bbox 366 2491 787 2576; baseline 0.012 -22"><span class='ocrx_word' id='word_1_113' title='bbox 366 2491 478 2556; x_wconf 79' lang='lat' dir='ltr'>vadere</span> <span class='ocrx_word' id='word_1_114' title='bbox 501 2493 692 2575; x_wconf 74' lang='lat' dir='ltr'>contemptim</span> <span class='ocrx_word' id='word_1_115' title='bbox 712 2495 787 2576; x_wconf 61' lang='grc' dir='ltr'><strong><em>φερέ.</em></strong></span> 
     </span>
    </p>

    <p class='ocr_par' dir='ltr' id='par_1_11' title="bbox 214 2596 1286 2998">
     <span class='ocr_line' id='line_1_22' title="bbox 317 2596 1286 2682; baseline 0.003 -20"><span class='ocrx_word' id='word_1_116' title='bbox 317 2598 402 2663; x_wconf 82' lang='lat' dir='ltr'>Libri</span> <span class='ocrx_word' id='word_1_117' title='bbox 423 2596 524 2679; x_wconf 87' lang='lat' dir='ltr'>quarti</span> <span class='ocrx_word' id='word_1_118' title='bbox 546 2614 641 2661; x_wconf 87' lang='lat' dir='ltr'>unum</span> <span class='ocrx_word' id='word_1_119' title='bbox 664 2597 766 2662; x_wconf 88' lang='lat' dir='ltr'>locum</span> <span class='ocrx_word' id='word_1_120' title='bbox 790 2599 951 2682; x_wconf 80' lang='lat' dir='ltr'>attingam.</span> <span class='ocrx_word' id='word_1_121' title='bbox 1008 2598 1089 2664; x_wconf 85' lang='lat' dir='ltr'>Nam</span> <span class='ocrx_word' id='word_1_122' title='bbox 1114 2617 1143 2661; x_wconf 89' lang='lat' dir='ltr'>v.</span> <span class='ocrx_word' id='word_1_123' title='bbox 1167 2598 1229 2660; x_wconf 75' lang='lat'>697</span> <span class='ocrx_word' id='word_1_124' title='bbox 1252 2602 1286 2665; x_wconf 88' lang='lat' dir='ltr'>et</span> 
     </span>
     <span class='ocr_line' id='line_1_23' title="bbox 214 2701 1286 2790; baseline 0.005 -25"><span class='ocrx_word' id='word_1_125' title='bbox 214 2703 288 2776; x_wconf 83' lang='grc'>698,</span> <span class='ocrx_word' id='word_1_126' title='bbox 312 2704 365 2769; x_wconf 92' lang='lat' dir='ltr'>ubi</span> <span class='ocrx_word' id='word_1_127' title='bbox 386 2701 538 2786; x_wconf 76' lang='lat' dir='ltr'>nymphe,</span> <span class='ocrx_word' id='word_1_128' title='bbox 561 2702 694 2790; x_wconf 83' lang='lat' dir='ltr'>Baccho,</span> <span class='ocrx_word' id='word_1_129' title='bbox 717 2705 752 2767; x_wconf 91' lang='lat' dir='ltr'>ut</span> <span class='ocrx_word' id='word_1_130' title='bbox 773 2703 881 2769; x_wconf 78' lang='lat' dir='ltr'>fluvios</span> <span class='ocrx_word' id='word_1_131' title='bbox 902 2704 1063 2787; x_wconf 85' lang='lat' dir='ltr'>fontesque</span> <span class='ocrx_word' id='word_1_132' title='bbox 1085 2704 1202 2771; x_wconf 83' lang='lat' dir='ltr'>siccent</span> <span class='ocrx_word' id='word_1_133' title='bbox 1224 2705 1286 2770; x_wconf 84' lang='lat' dir='ltr'>sic-</span> 
     </span>
     <span class='ocr_line' id='line_1_24' title="bbox 214 2809 1286 2893; baseline 0.002 -20"><span class='ocrx_word' id='word_1_134' title='bbox 214 2810 340 2892; x_wconf 87' lang='lat' dir='ltr'>carique</span> <span class='ocrx_word' id='word_1_135' title='bbox 363 2809 529 2892; x_wconf 86' lang='lat' dir='ltr'>patiantur,</span> <span class='ocrx_word' id='word_1_136' title='bbox 562 2812 687 2892; x_wconf 79' lang='lat' dir='ltr'>rogante</span> <span class='ocrx_word' id='word_1_137' title='bbox 708 2809 899 2891; x_wconf 85' lang='lat' dir='ltr'>iubenteque,</span> <span class='ocrx_word' id='word_1_138' title='bbox 924 2810 997 2875; x_wconf 57' lang='lat' dir='ltr'>&gt;eius</span> <span class='ocrx_word' id='word_1_139' title='bbox 1019 2809 1081 2874; x_wconf 88' lang='lat' dir='ltr'>voti</span> <span class='ocrx_word' id='word_1_140' title='bbox 1102 2809 1286 2893; x_wconf 78' lang='lat' dir='ltr'>imperiique</span> 
     </span>
     <span class='ocr_line' id='line_1_25' title="bbox 218 2914 1187 2998; baseline 0.001 -20"><span class='ocrx_word' id='word_1_141' title='bbox 218 2915 281 2978; x_wconf 83' lang='lat' dir='ltr'>rim</span> <span class='ocrx_word' id='word_1_142' title='bbox 303 2915 335 2979; x_wconf 89' lang='lat' dir='ltr'>iu</span> <span class='ocrx_word' id='word_1_143' title='bbox 357 2933 390 2980; x_wconf 88' lang='lat' dir='ltr'>se</span> <span class='ocrx_word' id='word_1_144' title='bbox 412 2915 487 2996; x_wconf 87' lang='lat' dir='ltr'>ipsae</span> <span class='ocrx_word' id='word_1_145' title='bbox 509 2915 616 2980; x_wconf 88' lang='lat' dir='ltr'>statim</span> <span class='ocrx_word' id='word_1_146' title='bbox 639 2914 751 2980; x_wconf 91' lang='lat' dir='ltr'>sentire</span> <span class='ocrx_word' id='word_1_147' title='bbox 773 2914 941 2998; x_wconf 79' lang='lat' dir='ltr'>tinguntur,</span> <span class='ocrx_word' id='word_1_148' title='bbox 964 2914 1008 2980; x_wconf 90' lang='lat' dir='ltr'>sic</span> <span class='ocrx_word' id='word_1_149' title='bbox 1030 2915 1187 2979; x_wconf 77' lang='lat' dir='ltr'>scribitur:</span> 
     </span>
    </p>

    <p class='ocr_par' dir='ltr' id='par_1_12' title="bbox 351 3021 1139 3209">
     <span class='ocr_line' id='line_1_26' title="bbox 352 3021 1119 3102; baseline 0.003 -18"><span class='ocrx_word' id='word_1_150' title='bbox 352 3021 485 3086; x_wconf 81' lang='lat' dir='ltr'>Dixerat.</span> <span class='ocrx_word' id='word_1_151' title='bbox 531 3023 590 3089; x_wconf 88' lang='lat' dir='ltr'>Ast</span> <span class='ocrx_word' id='word_1_152' title='bbox 611 3021 673 3085; x_wconf 92' lang='lat' dir='ltr'>illis</span> <span class='ocrx_word' id='word_1_153' title='bbox 695 3021 815 3088; x_wconf 75' lang='lat' dir='ltr'>tenuior</span> <span class='ocrx_word' id='word_1_154' title='bbox 836 3039 1012 3102; x_wconf 86' lang='lat' dir='ltr'>percurrere</span> <span class='ocrx_word' id='word_1_155' title='bbox 1035 3021 1119 3086; x_wconf 84' lang='lat' dir='ltr'>visus</span> 
     </span>
     <span class='ocr_line' id='line_1_27' title="bbox 351 3125 1139 3209; baseline -0.004 -18"><span class='ocrx_word' id='word_1_156' title='bbox 351 3145 404 3191; x_wconf 81' lang='lat' dir='ltr'>ora</span> <span class='ocrx_word' id='word_1_157' title='bbox 426 3126 514 3197; x_wconf 82' lang='lat' dir='ltr'>situs.</span> <span class='ocrx_word' id='word_1_158' title='bbox 536 3127 702 3209; x_wconf 86' lang='lat' dir='ltr'>viridisque</span> <span class='ocrx_word' id='word_1_159' title='bbox 724 3126 818 3191; x_wconf 84' lang='lat' dir='ltr'>cornis</span> <span class='ocrx_word' id='word_1_160' title='bbox 844 3125 998 3192; x_wconf 80' lang='lat' dir='ltr'>exhorruit</span> <span class='ocrx_word' id='word_1_161' title='bbox 1019 3125 1139 3191; x_wconf 89' lang='lat' dir='ltr'>humor.</span> 
     </span>
    </p>

    <p class='ocr_par' dir='ltr' id='par_1_13' title="bbox 216 3227 1284 4160">
     <span class='ocr_line' id='line_1_28' title="bbox 316 3227 1283 3299; baseline -0.004 -3"><span class='ocrx_word' id='word_1_162' title='bbox 316 3231 375 3296; x_wconf 92' lang='lat' dir='ltr'>Pro</span> <span class='ocrx_word' id='word_1_163' title='bbox 409 3230 562 3294; x_wconf 74' lang='lat' dir='ltr'>cohorruit</span> <span class='ocrx_word' id='word_1_164' title='bbox 596 3236 679 3299; x_wconf 86' lang='lat' dir='ltr'>recte</span> <span class='ocrx_word' id='word_1_165' title='bbox 716 3231 904 3297; x_wconf 85' lang='lat' dir='ltr'>Schraderus</span> <span class='ocrx_word' id='word_1_166' title='bbox 936 3233 1062 3296; x_wconf 67' lang='lat' dir='ltr'>ceored</span> <span class='ocrx_word' id='word_1_167' title='bbox 1112 3227 1174 3295; x_wconf 88' lang='lat' dir='ltr'>Sed</span> <span class='ocrx_word' id='word_1_168' title='bbox 1208 3230 1283 3292; x_wconf 81' lang='lat' dir='ltr'>sitrre</span> 
     </span>
     <span class='ocr_line' id='line_1_29' title="bbox 217 3337 1282 3420; baseline -0.001 -19"><span class='ocrx_word' id='word_1_169' title='bbox 217 3355 314 3420; x_wconf 83' lang='lat' dir='ltr'>nequo</span> <span class='ocrx_word' id='word_1_170' title='bbox 345 3337 412 3420; x_wconf 86' lang='lat' dir='ltr'>ipsc</span> <span class='ocrx_word' id='word_1_171' title='bbox 448 3357 517 3402; x_wconf 90' lang='lat' dir='ltr'>cum</span> <span class='ocrx_word' id='word_1_172' title='bbox 539 3337 682 3403; x_wconf 84' lang='lat' dir='ltr'>ariditate</span> <span class='ocrx_word' id='word_1_173' title='bbox 716 3339 895 3403; x_wconf 87' lang='lat' dir='ltr'>coniunctus</span> <span class='ocrx_word' id='word_1_174' title='bbox 928 3341 976 3403; x_wconf 86' lang='lat' dir='ltr'>est</span> <span class='ocrx_word' id='word_1_175' title='bbox 1010 3355 1108 3419; x_wconf 86' lang='lat' dir='ltr'>neque</span> <span class='ocrx_word' id='word_1_176' title='bbox 1131 3354 1184 3400; x_wconf 89' lang='lat' dir='ltr'>ora</span> <span class='ocrx_word' id='word_1_177' title='bbox 1211 3353 1282 3418; x_wconf 85' lang='lat' dir='ltr'>per-</span> 
     </span>
     <span class='ocr_line' id='line_1_30' title="bbox 216 3441 1282 3527; baseline -0.003 -21"><span class='ocrx_word' id='word_1_178' title='bbox 216 3443 312 3507; x_wconf 85' lang='lat' dir='ltr'>currit</span> <span class='ocrx_word' id='word_1_179' title='bbox 322 3446 364 3519; x_wconf 85' lang='lat' dir='ltr'>et,</span> <span class='ocrx_word' id='word_1_180' title='bbox 385 3443 411 3508; x_wconf 91' lang='lat' dir='ltr'>si</span> <span class='ocrx_word' id='word_1_181' title='bbox 429 3444 502 3527; x_wconf 86' lang='lat' dir='ltr'>quid</span> <span class='ocrx_word' id='word_1_182' title='bbox 515 3444 555 3508; x_wconf 89' lang='lat' dir='ltr'>ad</span> <span class='ocrx_word' id='word_1_183' title='bbox 577 3445 656 3509; x_wconf 90' lang='lat' dir='ltr'>hauc</span> <span class='ocrx_word' id='word_1_184' title='bbox 678 3462 743 3508; x_wconf 90' lang='lat' dir='ltr'>rem</span> <span class='ocrx_word' id='word_1_185' title='bbox 754 3444 897 3526; x_wconf 79' lang='lat' dir='ltr'>pertinet,</span> <span class='ocrx_word' id='word_1_186' title='bbox 918 3461 999 3508; x_wconf 88' lang='lat' dir='ltr'>nuuc</span> <span class='ocrx_word' id='word_1_187' title='bbox 1019 3441 1155 3508; x_wconf 85' lang='lat' dir='ltr'>nascitur</span> <span class='ocrx_word' id='word_1_188' title='bbox 1177 3443 1210 3505; x_wconf 89' lang='lat' dir='ltr'>et</span> <span class='ocrx_word' id='word_1_189' title='bbox 1230 3458 1282 3504; x_wconf 81' lang='lat' dir='ltr'>aa·</span> 
     </span>
     <span class='ocr_line' id='line_1_31' title="bbox 217 3546 1284 3632; baseline -0.003 -20"><span class='ocrx_word' id='word_1_190' title='bbox 217 3550 318 3630; x_wconf 77' lang='lat' dir='ltr'>geter,</span> <span class='ocrx_word' id='word_1_191' title='bbox 353 3567 411 3613; x_wconf 91' lang='lat' dir='ltr'>non</span> <span class='ocrx_word' id='word_1_192' title='bbox 444 3549 602 3616; x_wconf 88' lang='lat' dir='ltr'>minuitur.</span> <span class='ocrx_word' id='word_1_193' title='bbox 664 3549 758 3632; x_wconf 83' lang='lat' dir='ltr'>Atqui</span> <span class='ocrx_word' id='word_1_194' title='bbox 785 3567 849 3613; x_wconf 89' lang='lat' dir='ltr'>rem</span> <span class='ocrx_word' id='word_1_195' title='bbox 885 3549 1046 3621; x_wconf 87' lang='lat' dir='ltr'>minorem,</span> <span class='ocrx_word' id='word_1_196' title='bbox 1083 3564 1176 3629; x_wconf 85' lang='lat' dir='ltr'>quam</span> <span class='ocrx_word' id='word_1_197' title='bbox 1212 3546 1284 3610; x_wconf 79' lang='lat' dir='ltr'>ante</span> 
     </span>
     <span class='ocr_line' id='line_1_32' title="bbox 218 3651 1283 3742; baseline 0 -26"><span class='ocrx_word' id='word_1_198' title='bbox 218 3651 286 3730; x_wconf 73' lang='lat' dir='ltr'>fuit,</span> <span class='ocrx_word' id='word_1_199' title='bbox 308 3655 421 3719; x_wconf 86' lang='lat' dir='ltr'>factam</span> <span class='ocrx_word' id='word_1_200' title='bbox 443 3656 614 3721; x_wconf 87' lang='lat' dir='ltr'>necessario</span> <span class='ocrx_word' id='word_1_201' title='bbox 637 3656 974 3742; x_wconf 81' lang='lat' dir='ltr'>significatrestitutus</span> <span class='ocrx_word' id='word_1_202' title='bbox 996 3653 1062 3718; x_wconf 87' lang='lat' dir='ltr'>iure</span> <span class='ocrx_word' id='word_1_203' title='bbox 1090 3671 1107 3717; x_wconf 91' lang='lat' dir='ltr'>e</span> <span class='ocrx_word' id='word_1_204' title='bbox 1130 3651 1283 3718; x_wconf 82' lang='lat' dir='ltr'>codicibus</span> 
     </span>
     <span class='ocr_line' id='line_1_33' title="bbox 218 3757 1283 3843; baseline 0 -20"><span class='ocrx_word' id='word_1_205' title='bbox 218 3760 453 3843; x_wconf 83' lang='lat' dir='ltr'>(Bambergensi</span> <span class='ocrx_word' id='word_1_206' title='bbox 503 3764 535 3826; x_wconf 91' lang='lat' dir='ltr'>et</span> <span class='ocrx_word' id='word_1_207' title='bbox 585 3764 788 3828; x_wconf 85' lang='lat' dir='ltr'>recentiorum</span> <span class='ocrx_word' id='word_1_208' title='bbox 833 3760 1012 3843; x_wconf 82' lang='lat' dir='ltr'>archetypo)</span> <span class='ocrx_word' id='word_1_209' title='bbox 1053 3757 1283 3841; x_wconf 82' lang='lat' dir='ltr'>comparativus</span> 
     </span>
     <span class='ocr_line' id='line_1_34' title="bbox 219 3863 1284 3950; baseline 0.004 -27"><span class='ocrx_word' id='word_1_210' title='bbox 219 3866 335 3928; x_wconf 75' lang='lat' dir='ltr'>tenuior</span> <span class='ocrx_word' id='word_1_211' title='bbox 357 3867 508 3950; x_wconf 78' lang='lat' dir='ltr'>(tenvjor),</span> <span class='ocrx_word' id='word_1_212' title='bbox 531 3867 583 3949; x_wconf 90' lang='lat' dir='ltr'>qui</span> <span class='ocrx_word' id='word_1_213' title='bbox 615 3867 818 3936; x_wconf 88' lang='lat' dir='ltr'>nullomodo</span> <span class='ocrx_word' id='word_1_214' title='bbox 847 3886 900 3950; x_wconf 89' lang='lat' dir='ltr'>pro</span> <span class='ocrx_word' id='word_1_215' title='bbox 929 3865 1060 3948; x_wconf 82' lang='lat' dir='ltr'>positivo</span> <span class='ocrx_word' id='word_1_216' title='bbox 1090 3864 1162 3947; x_wconf 86' lang='lat' dir='ltr'>poni</span> <span class='ocrx_word' id='word_1_217' title='bbox 1185 3863 1284 3948; x_wconf 83' lang='lat' dir='ltr'>potuit</span> 
     </span>
     <span class='ocr_line' id='line_1_35' title="bbox 220 3971 1284 4059; baseline 0.008 -27"><span class='ocrx_word' id='word_1_218' title='bbox 220 3972 350 4046; x_wconf 66' lang='lat' dir='ltr'>(erube</span> <span class='ocrx_word' id='word_1_219' title='bbox 364 3973 543 4056; x_wconf 60' lang='lat' dir='ltr'>percurret).</span> <span class='ocrx_word' id='word_1_220' title='bbox 604 3973 716 4041; x_wconf 87' lang='lat' dir='ltr'>Subest</span> <span class='ocrx_word' id='word_1_221' title='bbox 743 3973 838 4059; x_wconf 80' lang='lat' dir='ltr'>igitur</span> <span class='ocrx_word' id='word_1_222' title='bbox 858 3971 942 4037; x_wconf 89' lang='lat' dir='ltr'>aliud</span> <span class='ocrx_word' id='word_1_223' title='bbox 965 3989 1086 4046; x_wconf 88' lang='lat' dir='ltr'>nomen,</span> <span class='ocrx_word' id='word_1_224' title='bbox 1115 3972 1216 4052; x_wconf 83' lang='lat' dir='ltr'>script</span> <span class='ocrx_word' id='word_1_225' title='bbox 1269 4002 1284 4015; x_wconf 94' lang='lat'><strong>·</strong></span> 
     </span>
     <span class='ocr_line' id='line_1_36' title="bbox 218 4076 506 4160; baseline 0.014 -22"><span class='ocrx_word' id='word_1_226' title='bbox 218 4094 277 4158; x_wconf 92' lang='lat' dir='ltr'>que</span> <span class='ocrx_word' id='word_1_227' title='bbox 299 4076 394 4143; x_wconf 85' lang='lat' dir='ltr'>fuisse</span> <span class='ocrx_word' id='word_1_228' title='bbox 416 4080 506 4160; x_wconf 86' lang='lat' dir='ltr'>puto:</span> 
     </span>
    </p>
   </div>
   <div class='ocr_carea' id='block_1_5' title="bbox 0 0 1344 5016">
    <p class='ocr_par' dir='ltr' id='par_1_14' title="bbox 0 0 1344 5016">
     <span class='ocr_line' id='line_1_37' title="bbox 0 0 1344 5016; baseline 0 0"><span class='ocrx_word' id='word_1_229' title='bbox 0 0 1344 5016; x_wconf 95' lang='lat' dir='ltr'> </span> 
     </span>
    </p>
   </div>
  </div>
 </body>
</html>
