2656 5056
243 293 302 355 118
609 284 672 342 Lib.
689 285 727 338 Π.
747 285 815 356 Cap.
837 286 877 340 ΙΙ.

201 487 325 573 negutlo
348 486 464 552 omissa
485 485 542 551 est.
586 482 725 548 Eandem
745 484 901 551 orationis
925 487 1072 554 formam
1094 484 1260 552 hanone
1300 470 1301 474 ¹

203 597 239 661 B.
268 594 306 661 G.
333 593 404 671 VII,
431 592 482 667 47,
513 592 533 653 5
562 591 595 654 et
622 588 704 654 Plin.
733 590 853 674 Paneg.
888 592 929 654 17
969 595 1118 660 restituit
1147 593 1259 659 Genuam

204 709 382 779 (necnon
404 699 536 771 modo).
564 695 683 762 Omitto
704 695 840 761 similem
865 700 1087 780 negationum
1111 715 1259 765 conconun
1300 738 1301 743 ,

204 827 275 873 cnm
308 806 437 873 dicitnr:
470 823 542 869 non
574 802 667 886 quia
698 837 749 877 -,
783 801 952 870 idcirco
991 826 1074 872 non
1109 809 1141 871 ot
1172 803 1258 869 similia

205 912 349 978 Senserat
381 910 540 977 sententiae
576 909 688 975 vitium
720 907 894 975 Manutius.
956 911 1007 992 [N
1016 931 1067 978 on
1102 911 1173 977 addi
1199 908 1261 974 nolui

206 1020 374 1096 Ernestius‚
397 1018 452 1083 sed
473 1018 546 1082 ante
568 1013 775 1099 profecto]

231 1238 239 1248 .
305 1180 385 1245 ibid.
417 1181 476 1244 159
506 1180 570 1259 (ubi
599 1181 701 1265 agitur
728 1178 767 1243 de
793 1178 980 1259 suspicione
1003 1200 1026 1246 a
1049 1181 1263 1247 limarchideir

207 1285 327 1352 Metelli
355 1285 454 1350 filium
483 1286 649 1364 coniecta):
679 1283 705 1350 0
728 1283 1025 1364 Timarchide,
1050 1287 1209 1353 Metelli
1226 1290 1264 1350 osi

206 1392 325 1458 filins
358 1392 398 1457 in
435 1393 645 1476 provincia
676 1409 749 1455 non
784 1407 902 1471 puer,
942 1391 1023 1455 sed
1059 1393 1264 1460 adolescens

207 1498 360 1580 pudens
394 1517 438 1564 ac
469 1498 610 1576 bonus,
644 1497 790 1580 dignus
820 1494 900 1560 illo
931 1496 1031 1564 loco
1063 1517 1109 1565 ac
1131 1499 1265 1565 nomine.

207 1602 278 1668 Non
300 1603 402 1667 mimos
425 1621 444 1668 a
465 1603 618 1670 Ciceronis
640 1621 697 1668 usu
727 1600 872 1666 abhorret
896 1601 969 1666 haec
993 1606 1155 1671 orationis
1177 1603 1264 1669 sverm

208 1708 247 1773 ad
284 1708 440 1774 hominem
476 1711 702 1792 contemptum,
738 1708 790 1792 qui
828 1724 990 1790 nusquam
1033 1710 1153 1778 indicio
1189 1711 1265 1775 adeas

208 1812 401 1896 significatur
423 1820 476 1901 (.··
498 1832 568 1879 nam
591 1814 730 1890 testium,
752 1815 785 1877 in
807 1830 882 1895 qnos
906 1816 1023 1881 orator
1047 1815 1267 1894 inveniundi
1310 1851 1311 1855 =

209 1922 257 1984 est
278 1938 371 1985 cansa
394 1927 456 1998 —)‚
479 1937 572 2003 qnam
594 1919 758 2004 praeposita
779 1919 920 1984 vocativo
944 1919 1146 1989 interiectio.
1194 1919 1267 1987 cola

209 2026 345 2108 optimus
367 2027 455 2111 (Lag.
478 2027 531 2104 42)
553 2027 699 2110 scriptum
728 2024 823 2090 habel
850 2023 1142 2106 Timarchidi,
1171 2049 1204 2096 ar
1227 2046 1267 2111 quo

208 2132 461 2198 manifestissima
482 2133 635 2199 enascitur
656 2131 847 2198 emendatio:
869 2130 913 2197 tls
936 2132 1165 2204 Timarchidi!
1194 2138 1268 2201 rnor-

209 2238 333 2319 ponitnr
371 2239 551 2304 exclamatio
591 2239 782 2324 indignantis
818 2238 856 2303 de
891 2238 1104 2321 impudentia
1142 2242 1268 2312 hominis

210 2343 321 2410 deinde
343 2348 440 2411 oratio
467 2345 547 2410 redit
568 2345 606 2410 ad
629 2365 693 2411 rem
716 2347 748 2411 et
769 2344 807 2409 ad
829 2343 960 2410 iudices.

308 2508 385 2575 lbid.
412 2512 486 2574 176:
509 2511 613 2577 Mala
633 2513 695 2577 est
716 2512 794 2577 lraeo
815 2509 997 2593 quidem,
1024 2516 1074 2580 nt
1096 2516 1198 2595 diri,
1217 2517 1269 2579 de·

209 2616 342 2682 fensio
379 2635 422 2683 ao
458 2616 594 2699 potius
630 2617 794 2700 perdita
832 2617 1104 2687 maximorum
1149 2639 1269 2706 pecca·

208 2721 506 2799 tornm‚·hnius
537 2725 668 2789 autern
702 2727 740 2790 et
771 2723 1021 2806 iniquitatis
1057 2731 1101 2793 et
1130 2726 1269 2793 inertie

211 2827 429 2904 confessio,
452 2847 527 2895 non
549 2831 733 2897 defensio
751 2828 954 2908 criminis3
977 2831 1269 2899 sodtamenhac

209 2932 414 3015 ipsatibi,
438 2935 471 2999 si
494 2935 554 3001 uti
577 2938 732 3021 cupias,
754 2935 962 3001 nonlicet.
1007 2939 1159 3023 Apparet
1179 2937 1269 3006 uitiosa

207 3045 239 3103 et
272 3039 452 3107 inconcinne
479 3040 528 3106 bis
560 3044 632 3125 poni
660 3039 913 3107 defensionis
940 3058 1062 3108 nomen
1095 3065 1133 3113 ac
1154 3032 1269 3130 primun

207 3143 323 3209 malam
352 3145 412 3211 dici
441 3146 660 3221 defensionem,
690 3146 800 3212 deinde
829 3145 935 3229 negari
968 3147 1188 3217 defensionem
1208 3166 1267 3215 essa

208 3249 268 3315 Sed
291 3251 409 3316 codices
429 3252 678 3333 prestantissimi
699 3253 726 3316 V
742 3254 774 3317 et
788 3253 813 3316 F
828 3253 861 3316 et
874 3252 1025 3319 mendum
1042 3257 1093 3323 sic
1109 3255 1268 3342 coarguant

205 3358 242 3421 nt
262 3354 402 3439 pluribus
424 3357 524 3424 verbis
547 3359 593 3423 uti
614 3378 674 3424 non
697 3377 773 3440 opos
794 3357 846 3437 sit,
873 3360 906 3422 et
927 3361 1183 3428 emendationem
1204 3361 1267 3426 clm

205 3466 397 3538 monstrant;
420 3462 465 3528 sic
485 3464 568 3527 enim
588 3464 620 3529 in
636 3465 675 3528 iis
690 3464 851 3529 scribitur:
874 3461 983 3531 Mala
1005 3471 1074 3532 est
1096 3469 1177 3536 haec
1197 3467 1268 3552 qui·

206 3567 308 3642 dem,
346 3570 389 3633 ut
425 3568 525 3643 diri,
562 3587 606 3634 ac
642 3570 780 3652 potins
815 3569 980 3652 perdita
1019 3577 1268 3642 maximorum

205 3677 481 3757 peccatorum,
503 3673 621 3740 huius
644 3677 775 3740 antem
799 3675 1050 3759 iniqnitatis
1071 3679 1268 3748 etinertia
1313 3699 1314 3706 ¹

205 3780 463 3845 confessione
497 3780 765 3862 (confession.
788 3783 826 3865 F)
861 3782 1050 3850 defensio
1087 3788 1267 3854 criminis

205 3882 287 3948 Hinc
314 3884 460 3951 facillime
488 3888 635 3962 nascitur,
668 3887 750 3972 qnod
784 3906 820 3953 ex
856 3889 938 3953 omni
970 3893 1064 3973 parte
1096 3894 1266 3961 satisfaciat:
1313 3904 1314 3968 j

206 3986 312 4053 Mala
334 3993 396 4055 ost
417 3993 496 4059 haec
518 3993 695 4077 quidem,
718 3996 761 4060 ut
782 3995 882 4074 diri,
905 3998 1267 4083 aopotiusperdita

203 4095 305 4176 <e>
333 4099 592 4165 maximorum
621 4104 896 4184 peccatorum,
926 4101 1048 4170 huius
1079 4106 1267 4173 autemst
