2626 5070
493 676 592 732 Iuomti
610 676 680 733 Bell.
699 676 783 741 soie.
1063 679 1125 744 287

92 879 126 943 in
152 876 305 961 preeundo
329 872 445 938 serbe
464 872 738 956 proloquebeutnr3
770 896 861 939 nera
881 877 1061 962 proloqui
1082 881 1166 948 sine

93 981 275 1067 periculo
295 978 390 1045 licere
414 972 566 1044 volobnnt.
609 978 676 1063 [Sin
696 981 892 1052 vascosanus
913 986 946 1049 et
966 985 1019 1050 ulii
1041 984 1125 1070 odo]

199 1087 234 1152 C.
266 1085 306 1149 37
330 1085 418 1161 extr„
450 1083 491 1148 38
511 1084 580 1151 init
625 1085 770 1152 Codices:
810 1105 969 1170 qnorum
1005 1091 1163 1171 (turrium)
1214 1145 1217 1148 .

93 1191 202 1276 apud
222 1192 401 1257 ultimum
424 1189 646 1273 presidium
668 1194 706 1256 et
725 1191 847 1257 statio
867 1191 942 1258 init
959 1193 1166 1279 Scipionis.

94 1297 197 1364 Post
209 1296 397 1376 Gaesersd
417 1295 558 1378 iugum.
572 1342 580 1360 .
594 1295 790 1362 ‚aseendit
812 1299 868 1363 cet
890 1298 1073 1365 Tollendum
1088 1300 1166 1366 sim·

93 1405 223 1490 pliciter
243 1404 341 1486 post
394 1399 510 1465 Oculus
532 1400 650 1496 librarii
671 1403 980 1492 primumqsberreuit
1002 1406 1041 1471 nl
1063 1407 1166 1491 post-

94 1527 211 1595 qnsm
234 1508 350 1573 duobus
373 1505 512 1571 verubus
532 1506 613 1573 infre
630 1509 779 1589 positum,
809 1511 882 1592 post
913 1511 1043 1593 primum
1066 1512 1166 1596 syllo-

94 1616 170 1682 bnm
193 1634 228 1681 se
258 1610 423 1679 revoosvit
453 1606 556 1676 'Tum
590 1630 626 1677 ex
658 1611 840 1688 docuisse
872 1615 953 1694 (col.
982 1617 1052 1681 Per.
1081 1618 1166 1706 iet
1215 1667 1217 1672 ,

93 1705 245 1797 vindob.)
274 1717 357 1784 effici
385 1716 481 1782 debeb
501 1716 619 1780 docui
640 1717 768 1802 fnisse
799 1726 866 1803 (pro
893 1725 1003 1799 esse).
1062 1720 1095 1786 O.
1122 1721 1165 1787 40

93 1825 269 1906 tollendum
302 1827 519 1908 postquem,
555 1822 696 1889 edditnn
729 1843 748 1889 e
779 1826 905 1893 librario
928 1826 1017 1894 initio
1037 1826 1165 1910 periodi,

94 1951 158 1998 non
182 1928 397 1996 ammadverso
417 1928 505 2012 sequi
526 1945 635 2006 oum,
668 1949 726 2014 quo
752 1931 870 2016 'genere
894 1933 1007 1999 iterum
1029 1934 1165 2000 emtum

93 2041 147 2105 est
170 2057 197 2104 c.
220 2036 271 2101 50.

199 2141 232 2208 Ο.
261 2140 320 2206 47:
356 2140 421 2222 sed
457 2140 494 2205 in
531 2140 650 2206 tertio
686 2143 901 2226 questuque
933 2143 994 2209 die
1029 2162 1164 2227 proco·

93 2248 220 2314 dendo
241 2242 475 2330 propiusque
496 2247 643 2313 hostem
667 2247 881 2314 secedendo
902 2252 1032 2316 cestre
1047 2267 1165 2318 com·

92 2354 308 2419 muniebat.
352 2350 448 2418 Sorib.
475 2352 548 2419 scd
569 2353 691 2418 tortio
713 2349 858 2437 quoqne
883 2365 1067 2438 quartoue
1088 2356 1163 2423 oie.

93 2460 181 2525 Infra
203 2478 220 2525 e
239 2458 381 2525 codicum
399 2458 538 2543 vasoriis
560 2459 707 2524 officitur:
730 2459 867 2542 lteqne
890 2461 1165 2537 subitoimbro

92 2565 367 2650 grandiusque
402 2567 616 2637 consecute
649 2566 813 2648 groseto
848 2559 907 2638 (sio
938 2563 1041 2647 codd.)
1069 2583 1166 2647 pon-

92 2670 188 2736 dere
211 2668 586 2740 tentoriasnntloodd.
608 2668 797 2749 tenebris)
819 2670 999 2752 uquaeque
1021 2668 1059 2733 vi
1080 2669 1165 2734 sub·

90 2778 182 2841 rute
203 2774 454 2857 disiectaque
475 2775 531 2852 (sio
544 2773 654 2853 eoin).
690 2774 907 2841 Teutonorum
919 2793 1029 2840 uomsn
1041 2774 1166 2840 subesse

94 2879 383 2947 ondennnmrno

196 2986 231 3052 0.
252 2985 293 3047 54
315 3006 333 3053 e
354 2985 494 3071 vestigiis
517 2984 668 3062 codicum,
704 3005 772 3069 quse
794 2984 970 3052 huiusmodi
1003 2988 1093 3052 sunt:
1124 2988 1164 3052 et

92 3093 216 3176 magis
239 3093 278 3158 in
301 3091 500 3159 seditione
522 3090 850 3174 concitandisque
871 3091 1069 3158 militibus
1092 3090 1165 3157 sd-

93 3198 370 3264 versariorum
410 3202 629 3264 uestrorum
664 3197 911 3280 imperatoris
947 3215 1058 3281 quam
1093 3216 1164 3281 pu·

95 3302 204 3369 doris
237 3303 521 3387 modestiorque
554 3301 710 3369 fueritis
754 3303 1029 3385 studiosiores,
1065 3302 1165 3369 effici·

94 3410 161 3474 bur:
201 3408 436 3472 adversandi
468 3418 595 3476 oestro
625 3409 858 3492 'imperatori
878 3427 988 3493 quem
1009 3409 1163 3494 pudoris
1210 3460 1211 3463 η

2 3566 3 3602 3
94 3514 378 3598 modestiaque
399 3514 559 3582 fueritis
580 3514 854 3581 studiosiores.
968 3562 972 3568 -

2 3602 4 3629 ²
196 3619 231 3686 0.
264 3618 305 3681 57
342 3619 539 3687 scribendum
570 3619 706 3687 edetur:
751 3621 844 3687 Cum
880 3619 1007 3686 nihilo
1036 3619 1164 3684 minus

3 3776 5 3799 p
94 3724 178 3791 eins
200 3743 424 3805 sermonem,
440 3727 596 3806 nuntius
618 3726 664 3791 nd
690 3725 911 3810 Scipionem
939 3727 999 3804 (sin
1020 3724 1164 3791 Devisius

94 3850 149 3914 pro
171 3830 216 3896 ed
239 3836 294 3909 se)
315 3829 498 3907 referret,
519 3851 557 3894 oe
577 3838 644 3916 (pro
665 3831 744 3909 sed)
765 3835 928 3906 restare,
948 3831 1164 3915 utroliqns‚

3 3917 5 3995 f
96 3937 130 4003 si
159 3936 287 4002 vellet
308 3936 409 4012 (codd.
430 3936 587 4020 relique
608 3955 688 4020 quae
709 3937 743 4002 si
764 3937 908 4020 vellet),
940 3937 1164 4022 perageret,

94 4044 229 4110 vietor
263 4044 459 4128 pretores
490 4044 550 4109 eet.
620 4042 682 4109 Sed
708 4044 747 4108 'in
784 4044 833 4119 iis,
875 4063 943 4127 que
975 4044 1163 4126 sequuntur:

4 4182 6 4244 5
92 4169 204 4233 quem
248 4148 562 4234 uut.Scipionis.
593 4149 885 4233 obtemperasse
920 4149 1062 4214 nuntio
1098 4147 1164 4212 eut

93 4255 261 4322 Caessris
291 4255 463 4322 eiusdem
496 4255 619 4339 pertis
653 4255 802 4321 nivibus
834 4255 1065 4335 incolumem
1101 4271 1164 4317 ne·

4 4351 5 4388 ³
90 4361 199 4427 verti
214 4342 343 4440 mello,
354 4362 478 4429 etiamsi
487 4360 721 4447 proGesnris
733 4378 804 4426 oum
816 4358 1001 4427 editionibus
1017 4359 1161 4427 eLeid.l

88 4467 322 4534 substituamus
356 4469 483 4547 cusis,
514 4486 609 4533 mere
630 4466 765 4532 tenebre
787 4468 873 4545 sunt,
904 4485 964 4533 non
987 4467 1087 4533 solum
1124 4466 1163 4532 ob
