2580 5054
212 312 252 375 54
571 310 632 364 urs.
657 309 677 363 1.
705 308 770 379 cap.
792 311 839 364 ιι.

270 511 406 592 Apparet
438 507 548 589 primis
580 511 726 590 quattuor
760 509 898 574 versibus
936 509 1069 575 describi
1091 511 1119 574 et
1137 507 1202 592 sigui·

169 616 256 681 ficari
287 615 389 681 nivem
424 635 459 679 er
491 613 648 680 montibus
681 613 817 693 allatam,
852 615 892 680 ad
923 636 1020 699 quam
1049 617 1124 681 niuis
1142 615 1206 699 signi
1257 594 1286 658 l*

170 722 344 789 ficationem
371 723 403 786 in
430 721 536 804 quinto
563 740 654 786 versu
682 721 813 786 refertur
843 739 1012 804 pronomen
1045 725 1119 806 ιῆςς
1143 739 1210 804 neque
1260 767 1261 770 ,

171 829 254 894 enim
276 828 309 894 id
330 827 395 894 ullo
419 826 508 893 modo
529 846 599 894 cum
622 846 667 905 eo,
691 828 773 910 quod
795 830 933 910 proxime
952 829 1107 911 praecedit
1123 829 1213 892 nerine
1238 857 1239 861 =

172 928 238 1018 ζωή
271 934 416 1018 coniungi
450 936 564 1017 potest.
620 936 723 1018 Atque
758 936 821 1000 haec
854 934 923 1016 ipse
955 935 1074 1011 „vita“.
1106 942 1140 1000 ut
1160 935 1241 999 nnnr'
1281 975 1286 1011 r

174 1041 266 1106 verba
297 1038 481 1117 scribuntur,
517 1045 548 1104 et
583 1040 813 1121 perversissime
851 1043 1002 1127 Πιερίην
1038 1044 1107 1129 γῆν
1140 1041 1220 1106 inluta
1276 1082 1286 1098 „

174 1146 288 1212 dicitur
309 1150 340 1211 et
361 1147 484 1210 omuino
506 1145 690 1211 sententiam
712 1149 870 1229 pervertit,
894 1168 992 1232 quam
1015 1170 1077 1216 non
1099 1147 1222 1232 pertinere
1249 1182 1250 1185 =

173 1254 212 1318 ad
235 1252 391 1334 superiora
412 1248 450 1315 de
473 1251 597 1335 frigoris
627 1252 657 1317 ri
684 1254 815 1319 molesto
847 1257 1070 1334 continuanda,
1101 1257 1154 1323 sed
1171 1272 1224 1319 oon·

175 1358 263 1424 trerii
296 1356 413 1440 aliquid
446 1360 601 1423 continere
634 1360 744 1425 debere
777 1360 930 1442 particula
963 1356 1076 1444 ου’τιὶρ
1107 1359 1227 1427 cenot
1254 1412 1282 1416 „

177 1465 238 1530 Sed
271 1465 302 1529 id
335 1482 455 1538 nomen,
489 1485 549 1548 quo
583 1466 621 1531 ab
654 1467 743 1530 initio
776 1466 828 1531 nix
860 1468 1040 1550 significata
1075 1470 1149 1545 erat,
1169 1468 1228 1531 ule

175 1573 281 1655 aperte
313 1571 370 1635 sub
403 1569 518 1636 litteris
549 1572 591 1660 τῇ
624 1576 677 1657 ῥα,
717 1572 845 1656 fuitque,
881 1578 917 1638 ut
949 1575 1016 1639 iam
1050 1574 1230 1657 intelligitur,
1261 1625 1262 1628 ,

177 1678 314 1742 feminini
351 1678 473 1761 generis
509 1697 745 1762 mensuramque
784 1679 893 1745 habuit
931 1682 1070 1747 trochaei.
1129 1680 1232 1746 Dixerat

177 1782 367 1848 Simonides:

261 1904 382 1995 Κῆρα
405 1908 482 1979 ποτ’
507 1910 713 2000 Οιίλιίμποιο
737 1918 813 2000 περί
837 1912 990 2003 πλευριίς
1014 1914 1183 1993 ἐκοίλυψιν

300 2011 389 2092 οίκιίς
410 2015 479 2087 α’πό
505 2017 641 2111 Θρῄκης
665 2016 853 2109 ὀρνύμενος
874 2030 1014 2111 βορέης,

263 2117 397 2210 α’νδριῦν
419 2122 618 2216 ὃόἷχλαίνων
640 2133 737 2196 ἔδακε
758 2138 893 2216 φρένας,
916 2124 1030 2216 αιίιοίρ
1054 2128 1211 2215 exaperta,

302 2236 384 2324 ζωῇ
407 2238 554 2323 Πιερίην
575 2242 898 2326 praenoscere.

266 2348 303 2406 ἓν
325 2368 376 2416 τις
399 2344 473 2428 ἐμοί
498 2347 553 2410 καί
577 2347 637 2430 τῆς
661 2372 688 2413 κ.
712 2372 741 2411 τ.
765 2349 795 2411 λ.

283 2470 394 2537 Nirenr
411 2477 503 2555 poeta
518 2480 675 2558 tamquam
691 2476 814 2540 letalem
831 2476 984 2559 quandam
1003 2477 1128 2556 pestem
1144 2474 1240 2557 Olym·

182 2596 258 2660 pum
279 2579 447 2645 contexisse
478 2580 553 2647 dicit
583 2584 746 2666 omniaque
775 2582 886 2666 frigore
912 2580 1092 2662 implevisse
1116 2581 1239 2650 molesta
1281 2614 1282 2618 ¹

185 2682 295 2751 deiude
317 2688 420 2751 tamon
443 2687 533 2752 terrae
557 2688 664 2754 Pieriae
683 2709 810 2754 amoenae
832 2693 864 2754 et
877 2687 989 2770 tepidae
1005 2690 1153 2751 contactu
1168 2682 1241 2768 quasi

184 2789 257 2855 vitae
290 2791 422 2875 quadam
456 2795 690 2878 participatione
712 2795 881 2869 mollitam3
913 2793 1005 2857 huius
1029 2793 1093 2858 iam
1117 2789 1241 2857 iucunda

184 2896 266 2962 nivis
287 2896 346 2961 sibi
362 2901 481 2980 partem
497 2900 564 2964 dari
583 2900 657 2966 vult.
695 2904 833 2985 Apparet
849 2901 930 2966 recte
943 2899 1062 2965 habere
1079 2895 1242 2982 ἐκάμφθη,

184 3020 239 3083 pro
261 3021 322 3086 qno
351 3005 507 3072 Poreouus
539 3009 701 3074 infeliciter
730 3003 875 3093 ὲθάφθη
904 3008 998 3072 scribi
1022 3007 1134 3070 voluit.
1187 3000 1242 3067 Non

185 3127 261 3192 opus
288 3129 353 3175 esse
384 3113 473 3179 eredo
497 3115 646 3198 exemplis
667 3114 849 3194 confirmari,
873 3115 978 3198 poetas
1002 3112 1129 3178 Grecos
1151 3110 1242 3175 eaden

183 3212 409 3296 significatione
439 3220 540 3289 dicere
566 3218 661 3311 χιόνα
692 3218 878 3289 καλύπτειν
907 3219 985 3300 περί
1015 3214 1098 3303 ὄρος
1125 3219 1159 3282 et
1177 3212 1244 3298 opos*

186 3312 373 3389 καλύπτειν
394 3321 490 3411 χιόνι.
974 3340 978 3348 ·

286 3464 490 3554 P.132f(in
512 3470 685 3556 fragmento
701 3468 863 3536 Menandri
886 3486 921 3531 err
944 3463 1123 3547 Trophonio
1146 3460 1244 3533 fabula.

186 3570 238 3635 ubi
261 3589 376 3656 coquus
404 3579 528 3659 exponit
557 3580 733 3663 peregrinos
761 3576 960 3657 hospitesque
986 3571 1065 3638 alios
1089 3572 1159 3636 aliis
1180 3567 1245 3634 escis

183 3680 218 3741 et
238 3678 374 3761 piscibus
396 3681 544 3748 delectari
567 3687 726 3769 capiqnet:

588 3796 791 3890 Ἀρκιιδικιίς
816 3793 1021 3866 τούναντίον

271 3895 470 3981 α’θοίλαττος
493 3915 529 3975 ἐν
551 3927 623 3986 τοῖς
645 3913 822 3981 λοπαδίοις
844 3900 1029 3973 οίλιόκεται.

288 4030 348 4098 vix
368 4039 499 4120 patellas
521 4041 710 4109 minusculas
732 4058 847 4122 coquus
869 4033 1042 4100 nominavit
1064 4036 1147 4097 inter
1165 4045 1249 4099 oseas,

180 4133 243 4202 sed
264 4141 390 4220 ostreas,
414 4142 597 4215 teredona
621 4154 822 4231 (quamquam
845 4140 1075 4207 deminutivum
1098 4138 1157 4205 hoc
1177 4133 1249 4218 legi·
