<?xml version="1.0" encoding="UTF-8"?>
<!DOCTYPE html PUBLIC "-//W3C//DTD XHTML 1.0 Transitional//EN"
    "http://www.w3.org/TR/xhtml1/DTD/xhtml1-transitional.dtd">
<html xmlns="http://www.w3.org/1999/xhtml" xml:lang="en" lang="en">
 <head>
  <title>
</title>
<meta http-equiv="Content-Type" content="text/html;charset=utf-8" />
  <meta name='ocr-system' content='tesseract 3.04.00' />
  <meta name='ocr-capabilities' content='ocr_page ocr_carea ocr_par ocr_line ocrx_word'/>
</head>
<body>
  <div class='ocr_page' id='page_1' title='image "./ioniemadvigiiad00madvgoog_0343.png"; bbox 0 0 2626 5070; ppageno 0'>
   <div class='ocr_carea' id='block_1_1' title="bbox 237 301 861 372">
    <p class='ocr_par' dir='ltr' id='par_1_1' title="bbox 237 301 861 372">
     <span class='ocr_line' id='line_1_1' title="bbox 237 301 861 372; baseline -0.019 -2"><span class='ocrx_word' id='word_1_1' title='bbox 237 307 299 370; x_wconf 79' lang='lat'><strong>332</strong></span> <span class='ocrx_word' id='word_1_2' title='bbox 598 301 745 359; x_wconf 75' lang='lat' dir='ltr'><strong>murm.</strong></span> <span class='ocrx_word' id='word_1_3' title='bbox 761 302 825 372; x_wconf 73' lang='lat' dir='ltr'><strong>oap.</strong></span> <span class='ocrx_word' id='word_1_4' title='bbox 837 302 861 358; x_wconf 88' lang='lat'><strong>1.</strong></span> 
     </span>
    </p>
   </div>
   <div class='ocr_carea' id='block_1_2' title="bbox 180 487 1303 3758">
    <p class='ocr_par' dir='ltr' id='par_1_2' title="bbox 180 487 1303 1754">
     <span class='ocr_line' id='line_1_2' title="bbox 296 487 1301 586; baseline -0.004 -17"><span class='ocrx_word' id='word_1_5' title='bbox 296 505 362 569; x_wconf 88' lang='lat' dir='ltr'><strong>Ibd.</strong></span> <span class='ocrx_word' id='word_1_6' title='bbox 397 503 418 565; x_wconf 87' lang='lat'>8</span> <span class='ocrx_word' id='word_1_7' title='bbox 451 521 591 586; x_wconf 85' lang='lat' dir='ltr'><strong>prooem:</strong></span> <span class='ocrx_word' id='word_1_8' title='bbox 636 501 816 566; x_wconf 87' lang='lat' dir='ltr'><strong>Alterum</strong></span> <span class='ocrx_word' id='word_1_9' title='bbox 849 502 946 566; x_wconf 89' lang='lat' dir='ltr'><strong>enirn</strong></span> <span class='ocrx_word' id='word_1_10' title='bbox 983 504 1109 586; x_wconf 82' lang='lat' dir='ltr'><strong>(otium)</strong></span> <span class='ocrx_word' id='word_1_11' title='bbox 1141 502 1234 570; x_wconf 84' lang='lat' dir='ltr'><strong>etiem</strong></span> <span class='ocrx_word' id='word_1_12' title='bbox 1296 487 1301 552; x_wconf 67' lang='grc' dir='ltr'>ἶ</span> 
     </span>
     <span class='ocr_line' id='line_1_3' title="bbox 194 604 1235 695; baseline -0.009 -19"><span class='ocrx_word' id='word_1_13' title='bbox 194 610 397 676; x_wconf 82' lang='lat' dir='ltr'><strong>inertibus</strong></span> <span class='ocrx_word' id='word_1_14' title='bbox 432 607 648 684; x_wconf 81' lang='lat' dir='ltr'><strong>vitandum,</strong></span> <span class='ocrx_word' id='word_1_15' title='bbox 688 606 857 671; x_wconf 87' lang='lat' dir='ltr'><strong>altorum</strong></span> <span class='ocrx_word' id='word_1_16' title='bbox 896 610 1068 675; x_wconf 79' lang='lat' dir='ltr'>strenuis</span> <span class='ocrx_word' id='word_1_17' title='bbox 1107 604 1235 695; x_wconf 86' lang='lat' dir='ltr'><strong>quoqne</strong></span> 
     </span>
     <span class='ocr_line' id='line_1_4' title="bbox 194 712 1303 799; baseline -0.003 -20"><span class='ocrx_word' id='word_1_18' title='bbox 194 715 393 780; x_wconf 83' lang='lat' dir='ltr'><strong>interdum</strong></span> <span class='ocrx_word' id='word_1_19' title='bbox 426 712 685 797; x_wconf 85' lang='lat' dir='ltr'><strong>adpetendum</strong></span> <span class='ocrx_word' id='word_1_20' title='bbox 708 716 783 790; x_wconf 82' lang='lat' dir='ltr'><strong>est,</strong></span> <span class='ocrx_word' id='word_1_21' title='bbox 816 713 921 787; x_wconf 75' lang='lat' dir='ltr'><strong>illis„</strong></span> <span class='ocrx_word' id='word_1_22' title='bbox 943 712 1237 799; x_wconf 79' lang='lat' dir='ltr'><strong>nepropriaeri·</strong></span> <span class='ocrx_word' id='word_1_23' title='bbox 1301 745 1303 747; x_wconf 55' lang='lat'>&gt;</span> 
     </span>
     <span class='ocr_line' id='line_1_5' title="bbox 196 818 1240 903; baseline -0.002 -17"><span class='ocrx_word' id='word_1_24' title='bbox 196 825 273 886; x_wconf 86' lang='lat' dir='ltr'><strong>tam</strong></span> <span class='ocrx_word' id='word_1_25' title='bbox 296 821 478 884; x_wconf 82' lang='lat' dir='ltr'><strong>inermem</strong></span> <span class='ocrx_word' id='word_1_26' title='bbox 500 818 667 901; x_wconf 76' lang='lat' dir='ltr'><strong>erigant,</strong></span> <span class='ocrx_word' id='word_1_27' title='bbox 703 819 777 894; x_wconf 87' lang='lat' dir='ltr'><strong>his,</strong></span> <span class='ocrx_word' id='word_1_28' title='bbox 817 821 857 883; x_wconf 80' lang='lat' dir='ltr'><strong>ut</strong></span> <span class='ocrx_word' id='word_1_29' title='bbox 888 821 1240 903; x_wconf 74' lang='lat' dir='ltr'><strong>tempestiva&#39;laho·</strong></span> 
     </span>
     <span class='ocr_line' id='line_1_6' title="bbox 196 924 1241 1013; baseline -0.001 -21"><span class='ocrx_word' id='word_1_30' title='bbox 196 929 254 992; x_wconf 90' lang='lat' dir='ltr'><strong>ris</strong></span> <span class='ocrx_word' id='word_1_31' title='bbox 290 924 592 991; x_wconf 81' lang='lat' dir='ltr'><strong>intermissione</strong></span> <span class='ocrx_word' id='word_1_32' title='bbox 625 924 671 988; x_wconf 92' lang='lat' dir='ltr'><strong>ad</strong></span> <span class='ocrx_word' id='word_1_33' title='bbox 712 924 964 990; x_wconf 84' lang='lat' dir='ltr'><strong>laborandum</strong></span> <span class='ocrx_word' id='word_1_34' title='bbox 989 927 1102 993; x_wconf 80' lang='lat' dir='ltr'><strong>&#39;fiant</strong></span> <span class='ocrx_word' id='word_1_35' title='bbox 1147 946 1241 1013; x_wconf 81' lang='lat' dir='ltr'><strong>voge-</strong></span> 
     </span>
     <span class='ocr_line' id='line_1_7' title="bbox 195 1028 1241 1117; baseline -0.002 -19"><span class='ocrx_word' id='word_1_36' title='bbox 195 1034 326 1098; x_wconf 88' lang='lat' dir='ltr'><strong>tiores.</strong></span> <span class='ocrx_word' id='word_1_37' title='bbox 377 1029 431 1096; x_wconf 87' lang='lat' dir='ltr'><strong>Sie</strong></span> <span class='ocrx_word' id='word_1_38' title='bbox 457 1031 499 1105; x_wconf 92' lang='lat' dir='ltr'><strong>B,</strong></span> <span class='ocrx_word' id='word_1_39' title='bbox 537 1049 554 1094; x_wconf 90' lang='lat' dir='ltr'><strong>e</strong></span> <span class='ocrx_word' id='word_1_40' title='bbox 583 1047 642 1112; x_wconf 88' lang='lat' dir='ltr'><strong>quo</strong></span> <span class='ocrx_word' id='word_1_41' title='bbox 664 1028 701 1093; x_wconf 86' lang='lat' dir='ltr'><strong>fit</strong></span> <span class='ocrx_word' id='word_1_42' title='bbox 727 1032 813 1112; x_wconf 90' lang='lat' dir='ltr'><strong>apte:</strong></span> <span class='ocrx_word' id='word_1_43' title='bbox 846 1050 893 1095; x_wconf 92' lang='lat' dir='ltr'><strong>ne</strong></span> <span class='ocrx_word' id='word_1_44' title='bbox 916 1037 1119 1117; x_wconf 80' lang='lat' dir='ltr'><strong>propriam</strong></span> <span class='ocrx_word' id='word_1_45' title='bbox 1140 1038 1241 1100; x_wconf 85' lang='lat' dir='ltr'><strong>vitem</strong></span> 
     </span>
     <span class='ocr_line' id='line_1_8' title="bbox 180 1134 1243 1224; baseline -0.002 -21"><span class='ocrx_word' id='word_1_46' title='bbox 180 1140 376 1203; x_wconf 86' lang='lat' dir='ltr'><strong>inermem</strong></span> <span class='ocrx_word' id='word_1_47' title='bbox 409 1136 568 1219; x_wconf 86' lang='lat' dir='ltr'><strong>erigent</strong></span> <span class='ocrx_word' id='word_1_48' title='bbox 597 1137 654 1200; x_wconf 87' lang='lat' dir='ltr'><strong>eet.</strong></span> <span class='ocrx_word' id='word_1_49' title='bbox 697 1134 756 1199; x_wconf 91' lang='lat' dir='ltr'><strong>Vel</strong></span> <span class='ocrx_word' id='word_1_50' title='bbox 786 1134 912 1215; x_wconf 82' lang='lat' dir='ltr'><strong>inertes,</strong></span> <span class='ocrx_word' id='word_1_51' title='bbox 945 1138 997 1220; x_wconf 92' lang='lat' dir='ltr'><strong>qui</strong></span> <span class='ocrx_word' id='word_1_52' title='bbox 1022 1139 1101 1204; x_wconf 91' lang='lat' dir='ltr'><strong>nihil</strong></span> <span class='ocrx_word' id='word_1_53' title='bbox 1131 1139 1243 1224; x_wconf 82' lang='lat' dir='ltr'><strong>publiea</strong></span> 
     </span>
     <span class='ocr_line' id='line_1_9' title="bbox 196 1241 1246 1326; baseline -0.003 -17"><span class='ocrx_word' id='word_1_54' title='bbox 196 1243 342 1309; x_wconf 85' lang='lat' dir='ltr'><strong>alienaeve</strong></span> <span class='ocrx_word' id='word_1_55' title='bbox 373 1241 418 1305; x_wconf 91' lang='lat' dir='ltr'><strong>rei</strong></span> <span class='ocrx_word' id='word_1_56' title='bbox 450 1241 489 1306; x_wconf 90' lang='lat' dir='ltr'><strong>ad</strong></span> <span class='ocrx_word' id='word_1_57' title='bbox 518 1260 550 1305; x_wconf 88' lang='lat' dir='ltr'><strong>se</strong></span> <span class='ocrx_word' id='word_1_58' title='bbox 579 1241 733 1323; x_wconf 85' lang='lat' dir='ltr'><strong>pertinere</strong></span> <span class='ocrx_word' id='word_1_59' title='bbox 763 1243 883 1324; x_wconf 79' lang='lat' dir='ltr'><strong>putant</strong></span> <span class='ocrx_word' id='word_1_60' title='bbox 916 1261 1010 1326; x_wconf 84' lang='lat' dir='ltr'><strong>segne</strong></span> <span class='ocrx_word' id='word_1_61' title='bbox 1037 1245 1134 1311; x_wconf 89' lang='lat' dir='ltr'><strong>otium</strong></span> <span class='ocrx_word' id='word_1_62' title='bbox 1164 1247 1246 1311; x_wconf 83' lang='lat' dir='ltr'><strong>vitare</strong></span> 
     </span>
     <span class='ocr_line' id='line_1_10' title="bbox 197 1347 1250 1436; baseline 0 -22"><span class='ocrx_word' id='word_1_63' title='bbox 197 1350 318 1425; x_wconf 80' lang='lat' dir='ltr'><strong>dehent,</strong></span> <span class='ocrx_word' id='word_1_64' title='bbox 351 1366 390 1413; x_wconf 87' lang='lat' dir='ltr'><strong>ne</strong></span> <span class='ocrx_word' id='word_1_65' title='bbox 422 1347 576 1431; x_wconf 79' lang='lat' dir='ltr'><strong>propriam</strong></span> <span class='ocrx_word' id='word_1_66' title='bbox 610 1365 727 1429; x_wconf 89' lang='lat' dir='ltr'><strong>quoque</strong></span> <span class='ocrx_word' id='word_1_67' title='bbox 762 1348 867 1422; x_wconf 85' lang='lat' dir='ltr'><strong>vitam,</strong></span> <span class='ocrx_word' id='word_1_68' title='bbox 905 1362 997 1430; x_wconf 85' lang='lat' dir='ltr'><strong>quom</strong></span> <span class='ocrx_word' id='word_1_69' title='bbox 1032 1350 1133 1416; x_wconf 84' lang='lat' dir='ltr'><strong>tutam</strong></span> <span class='ocrx_word' id='word_1_70' title='bbox 1171 1367 1250 1436; x_wconf 85' lang='lat' dir='ltr'><strong>agere</strong></span> 
     </span>
     <span class='ocr_line' id='line_1_11' title="bbox 196 1451 1253 1539; baseline -0.001 -19"><span class='ocrx_word' id='word_1_71' title='bbox 196 1456 332 1539; x_wconf 78' lang='lat' dir='ltr'><strong>eupiunt,</strong></span> <span class='ocrx_word' id='word_1_72' title='bbox 363 1455 512 1518; x_wconf 91' lang='lat' dir='ltr'><strong>inermem</strong></span> <span class='ocrx_word' id='word_1_73' title='bbox 536 1453 568 1515; x_wconf 91' lang='lat' dir='ltr'><strong>et</strong></span> <span class='ocrx_word' id='word_1_74' title='bbox 588 1451 707 1517; x_wconf 89' lang='lat' dir='ltr'><strong>iniuriis</strong></span> <span class='ocrx_word' id='word_1_75' title='bbox 732 1454 891 1518; x_wconf 83' lang='lat' dir='ltr'><strong>obnoxiam</strong></span> <span class='ocrx_word' id='word_1_76' title='bbox 915 1455 1048 1538; x_wconf 81' lang='lat' dir='ltr'><strong>exigant.</strong></span> <span class='ocrx_word' id='word_1_77' title='bbox 1106 1457 1253 1534; x_wconf 78' lang='lat' dir='ltr'><strong>(Halmius</strong></span> 
     </span>
     <span class='ocr_line' id='line_1_12' title="bbox 196 1556 1254 1643; baseline 0 -18"><span class='ocrx_word' id='word_1_78' title='bbox 196 1559 363 1634; x_wconf 81' lang='lat' dir='ltr'><strong>aberravit3</strong></span> <span class='ocrx_word' id='word_1_79' title='bbox 396 1558 443 1623; x_wconf 91' lang='lat' dir='ltr'><strong>illi</strong></span> <span class='ocrx_word' id='word_1_80' title='bbox 473 1556 613 1622; x_wconf 90' lang='lat' dir='ltr'><strong>homiues</strong></span> <span class='ocrx_word' id='word_1_81' title='bbox 645 1576 699 1639; x_wconf 87' lang='lat' dir='ltr'><strong>pro</strong></span> <span class='ocrx_word' id='word_1_82' title='bbox 731 1559 832 1640; x_wconf 88' lang='lat' dir='ltr'><strong>patria</strong></span> <span class='ocrx_word' id='word_1_83' title='bbox 853 1558 928 1623; x_wconf 91' lang='lat' dir='ltr'><strong>nihil</strong></span> <span class='ocrx_word' id='word_1_84' title='bbox 956 1577 1046 1643; x_wconf 84' lang='lat' dir='ltr'><strong>agero</strong></span> <span class='ocrx_word' id='word_1_85' title='bbox 1068 1563 1184 1636; x_wconf 83' lang='lat' dir='ltr'><strong>volunt,</strong></span> <span class='ocrx_word' id='word_1_86' title='bbox 1205 1580 1254 1627; x_wconf 88' lang='lat' dir='ltr'><strong>neo</strong></span> 
     </span>
     <span class='ocr_line' id='line_1_13' title="bbox 195 1663 934 1754; baseline -0.003 -24"><span class='ocrx_word' id='word_1_87' title='bbox 195 1666 322 1731; x_wconf 87' lang='lat' dir='ltr'><strong>inermis</strong></span> <span class='ocrx_word' id='word_1_88' title='bbox 344 1667 408 1732; x_wconf 87' lang='lat' dir='ltr'><strong>vita</strong></span> <span class='ocrx_word' id='word_1_89' title='bbox 429 1683 484 1747; x_wconf 90' lang='lat' dir='ltr'><strong>pro</strong></span> <span class='ocrx_word' id='word_1_90' title='bbox 505 1663 606 1747; x_wconf 82' lang='lat' dir='ltr'><strong>patria</strong></span> <span class='ocrx_word' id='word_1_91' title='bbox 628 1664 708 1746; x_wconf 85' lang='lat' dir='ltr'><strong>exigi</strong></span> <span class='ocrx_word' id='word_1_92' title='bbox 728 1666 852 1746; x_wconf 84' lang='lat' dir='ltr'><strong>potest.)</strong></span> <span class='ocrx_word' id='word_1_93' title='bbox 931 1750 934 1754; x_wconf 84' lang='lat'>.</span> 
     </span>
    </p>

    <p class='ocr_par' dir='ltr' id='par_1_3' title="bbox 191 1769 1267 2906">
     <span class='ocr_line' id='line_1_14' title="bbox 297 1769 1260 1848; baseline 0.002 -14"><span class='ocrx_word' id='word_1_94' title='bbox 297 1771 363 1836; x_wconf 90' lang='lat' dir='ltr'><strong>lbd.</strong></span> <span class='ocrx_word' id='word_1_95' title='bbox 385 1772 416 1848; x_wconf 79' lang='grc'><strong>9,</strong></span> <span class='ocrx_word' id='word_1_96' title='bbox 440 1771 474 1834; x_wconf 80' lang='lat'><strong>2:</strong></span> <span class='ocrx_word' id='word_1_97' title='bbox 518 1770 554 1834; x_wconf 90' lang='lat' dir='ltr'><strong>ls</strong></span> <span class='ocrx_word' id='word_1_98' title='bbox 577 1769 674 1833; x_wconf 89' lang='lat' dir='ltr'><strong>onim</strong></span> <span class='ocrx_word' id='word_1_99' title='bbox 699 1769 746 1845; x_wconf 93' lang='lat' dir='ltr'><strong>(P.</strong></span> <span class='ocrx_word' id='word_1_100' title='bbox 769 1771 900 1848; x_wconf 85' lang='lat' dir='ltr'><strong>Anulus)</strong></span> <span class='ocrx_word' id='word_1_101' title='bbox 922 1771 1032 1836; x_wconf 90' lang='lat' dir='ltr'><strong>solus</strong></span> <span class='ocrx_word' id='word_1_102' title='bbox 1053 1772 1090 1837; x_wconf 92' lang='lat' dir='ltr'><strong>in</strong></span> <span class='ocrx_word' id='word_1_103' title='bbox 1114 1775 1260 1839; x_wconf 88' lang='lat' dir='ltr'><strong>ambitu</strong></span> 
     </span>
     <span class='ocr_line' id='line_1_15' title="bbox 196 1872 1261 1958; baseline 0.005 -19"><span class='ocrx_word' id='word_1_104' title='bbox 196 1893 331 1958; x_wconf 82' lang='lat' dir='ltr'><strong>expers</strong></span> <span class='ocrx_word' id='word_1_105' title='bbox 362 1876 594 1941; x_wconf 82' lang='lat' dir='ltr'><strong>Antonianae</strong></span> <span class='ocrx_word' id='word_1_106' title='bbox 624 1876 808 1940; x_wconf 83' lang='lat' dir='ltr'><strong>steterat.</strong></span> <span class='ocrx_word' id='word_1_107' title='bbox 857 1872 1013 1941; x_wconf 78' lang='lat' dir='ltr'><strong>Certatim</strong></span> <span class='ocrx_word' id='word_1_108' title='bbox 1038 1877 1157 1943; x_wconf 89' lang='lat' dir='ltr'><strong>addunt</strong></span> <span class='ocrx_word' id='word_1_109' title='bbox 1190 1879 1261 1944; x_wconf 88' lang='lat' dir='ltr'><strong>suh-</strong></span> 
     </span>
     <span class='ocr_line' id='line_1_16' title="bbox 195 1979 1263 2068; baseline 0.006 -24"><span class='ocrx_word' id='word_1_110' title='bbox 195 1979 375 2068; x_wconf 74' lang='lat' dir='ltr'><strong>senorum,</strong></span> <span class='ocrx_word' id='word_1_111' title='bbox 408 1983 511 2046; x_wconf 74' lang='lat' dir='ltr'><strong>eoois</strong></span> <span class='ocrx_word' id='word_1_112' title='bbox 536 1987 658 2057; x_wconf 89' lang='lat' dir='ltr'><strong>(manns</strong></span> <span class='ocrx_word' id='word_1_113' title='bbox 681 1999 740 2045; x_wconf 88' lang='lat' dir='ltr'><strong>seo.</strong></span> <span class='ocrx_word' id='word_1_114' title='bbox 776 1999 868 2062; x_wconf 89' lang='lat' dir='ltr'><strong>supra</strong></span> <span class='ocrx_word' id='word_1_115' title='bbox 888 1981 943 2047; x_wconf 89' lang='lat' dir='ltr'><strong>lin.</strong></span> <span class='ocrx_word' id='word_1_116' title='bbox 965 1983 997 2046; x_wconf 92' lang='lat' dir='ltr'><strong>in</strong></span> <span class='ocrx_word' id='word_1_117' title='bbox 1019 1982 1075 2062; x_wconf 84' lang='lat' dir='ltr'><strong>B),</strong></span> <span class='ocrx_word' id='word_1_118' title='bbox 1110 1985 1263 2050; x_wconf 84' lang='lat' dir='ltr'><strong>oratio·</strong></span> 
     </span>
     <span class='ocr_line' id='line_1_17' title="bbox 195 2084 1264 2171; baseline 0.006 -22"><span class='ocrx_word' id='word_1_119' title='bbox 195 2086 254 2150; x_wconf 89' lang='lat' dir='ltr'><strong>nie</strong></span> <span class='ocrx_word' id='word_1_120' title='bbox 277 2084 350 2162; x_wconf 87' lang='lat' dir='ltr'><strong>(ihd.</strong></span> <span class='ocrx_word' id='word_1_121' title='bbox 373 2085 405 2149; x_wconf 93' lang='lat' dir='ltr'><strong>in</strong></span> <span class='ocrx_word' id='word_1_122' title='bbox 427 2085 590 2171; x_wconf 83' lang='lat' dir='ltr'><strong>margine),</strong></span> <span class='ocrx_word' id='word_1_123' title='bbox 613 2087 847 2169; x_wconf 76' lang='lat' dir='ltr'><strong>eloquentior</strong></span> <span class='ocrx_word' id='word_1_124' title='bbox 875 2090 905 2171; x_wconf 90' lang='lat' dir='ltr'><strong>(e</strong></span> <span class='ocrx_word' id='word_1_125' title='bbox 926 2085 1007 2154; x_wconf 89' lang='lat' dir='ltr'><strong>Iulio</strong></span> <span class='ocrx_word' id='word_1_126' title='bbox 1030 2088 1168 2168; x_wconf 80' lang='lat' dir='ltr'><strong>Paride),</strong></span> <span class='ocrx_word' id='word_1_127' title='bbox 1191 2090 1264 2165; x_wconf 85' lang='lat' dir='ltr'><strong>alia,</strong></span> 
     </span>
     <span class='ocr_line' id='line_1_18' title="bbox 195 2186 1267 2277; baseline 0.004 -21"><span class='ocrx_word' id='word_1_128' title='bbox 195 2210 253 2256; x_wconf 92' lang='lat' dir='ltr'><strong>non</strong></span> <span class='ocrx_word' id='word_1_129' title='bbox 276 2190 450 2270; x_wconf 83' lang='lat' dir='ltr'><strong>attendunt,</strong></span> <span class='ocrx_word' id='word_1_130' title='bbox 485 2193 596 2258; x_wconf 81' lang='lat' dir='ltr'><strong>vitiose</strong></span> <span class='ocrx_word' id='word_1_131' title='bbox 618 2209 777 2274; x_wconf 84' lang='lat' dir='ltr'><strong>superesse</strong></span> <span class='ocrx_word' id='word_1_132' title='bbox 811 2192 848 2256; x_wconf 93' lang='lat' dir='ltr'><strong>in</strong></span> <span class='ocrx_word' id='word_1_133' title='bbox 872 2193 1037 2272; x_wconf 82' lang='lat' dir='ltr'><strong>ambitu,</strong></span> <span class='ocrx_word' id='word_1_134' title='bbox 1073 2186 1156 2277; x_wconf 88' lang='lat' dir='ltr'><strong>quod</strong></span> <span class='ocrx_word' id='word_1_135' title='bbox 1180 2195 1267 2260; x_wconf 89' lang='lat' dir='ltr'><strong>nullo</strong></span> 
     </span>
     <span class='ocr_line' id='line_1_19' title="bbox 193 2296 1263 2382; baseline 0.005 -22"><span class='ocrx_word' id='word_1_136' title='bbox 193 2298 283 2378; x_wconf 81' lang='lat' dir='ltr'><strong>pacto</strong></span> <span class='ocrx_word' id='word_1_137' title='bbox 304 2296 343 2361; x_wconf 89' lang='lat' dir='ltr'><strong>ad</strong></span> <span class='ocrx_word' id='word_1_138' title='bbox 373 2297 559 2373; x_wconf 83' lang='lat' dir='ltr'><strong>sententiam</strong></span> <span class='ocrx_word' id='word_1_139' title='bbox 586 2296 810 2362; x_wconf 89' lang='lat' dir='ltr'><strong>aooommodari</strong></span> <span class='ocrx_word' id='word_1_140' title='bbox 827 2298 882 2362; x_wconf 84' lang='lat' dir='ltr'><strong>ita</strong></span> <span class='ocrx_word' id='word_1_141' title='bbox 903 2300 1018 2382; x_wconf 86' lang='lat' dir='ltr'><strong>potest,</strong></span> <span class='ocrx_word' id='word_1_142' title='bbox 1042 2302 1077 2364; x_wconf 89' lang='lat' dir='ltr'><strong>ut</strong></span> <span class='ocrx_word' id='word_1_143' title='bbox 1098 2300 1163 2365; x_wconf 84' lang='lat' dir='ltr'><strong>ulla</strong></span> <span class='ocrx_word' id='word_1_144' title='bbox 1184 2320 1263 2365; x_wconf 84' lang='lat' dir='ltr'><strong>am-</strong></span> 
     </span>
     <span class='ocr_line' id='line_1_20' title="bbox 191 2402 1263 2490; baseline 0.006 -23"><span class='ocrx_word' id='word_1_145' title='bbox 191 2403 295 2467; x_wconf 89' lang='lat' dir='ltr'><strong>bitus</strong></span> <span class='ocrx_word' id='word_1_146' title='bbox 322 2402 505 2485; x_wconf 76' lang='lat' dir='ltr'><strong>significatio</strong></span> <span class='ocrx_word' id='word_1_147' title='bbox 535 2402 650 2466; x_wconf 86' lang='lat' dir='ltr'><strong>usitata</strong></span> <span class='ocrx_word' id='word_1_148' title='bbox 678 2402 857 2471; x_wconf 86' lang='lat' dir='ltr'><strong>retineatur.</strong></span> <span class='ocrx_word' id='word_1_149' title='bbox 916 2404 952 2468; x_wconf 92' lang='lat' dir='ltr'><strong>ln</strong></span> <span class='ocrx_word' id='word_1_150' title='bbox 981 2424 1016 2472; x_wconf 89' lang='lat' dir='ltr'><strong>eo</strong></span> <span class='ocrx_word' id='word_1_151' title='bbox 1045 2406 1142 2482; x_wconf 81' lang='lat' dir='ltr'><strong>inest,</strong></span> <span class='ocrx_word' id='word_1_152' title='bbox 1180 2409 1263 2490; x_wconf 87' lang='lat' dir='ltr'><strong>qnod</strong></span> 
     </span>
     <span class='ocr_line' id='line_1_21' title="bbox 194 2506 1264 2594; baseline 0.007 -23"><span class='ocrx_word' id='word_1_153' title='bbox 194 2506 350 2589; x_wconf 74' lang='lat' dir='ltr'><strong>quaritur,</strong></span> <span class='ocrx_word' id='word_1_154' title='bbox 385 2507 475 2572; x_wconf 83' lang='lat' dir='ltr'><strong>valde</strong></span> <span class='ocrx_word' id='word_1_155' title='bbox 512 2508 724 2583; x_wconf 65' lang='lat' dir='ltr'><strong>obscuratum</strong></span> <span class='ocrx_word' id='word_1_156' title='bbox 761 2508 815 2572; x_wconf 90' lang='lat' dir='ltr'><strong>sed</strong></span> <span class='ocrx_word' id='word_1_157' title='bbox 848 2510 924 2575; x_wconf 91' lang='lat' dir='ltr'><strong>nihil</strong></span> <span class='ocrx_word' id='word_1_158' title='bbox 956 2512 1029 2594; x_wconf 85' lang='lat' dir='ltr'><strong>puto</strong></span> <span class='ocrx_word' id='word_1_159' title='bbox 1061 2510 1158 2576; x_wconf 89' lang='lat' dir='ltr'><strong>latere</strong></span> <span class='ocrx_word' id='word_1_160' title='bbox 1183 2514 1264 2579; x_wconf 89' lang='lat' dir='ltr'><strong>nisi:</strong></span> 
     </span>
     <span class='ocr_line' id='line_1_22' title="bbox 191 2606 1262 2699; baseline 0.011 -27"><span class='ocrx_word' id='word_1_161' title='bbox 191 2612 400 2673; x_wconf 80' lang='lat' dir='ltr'><strong>suauitatis</strong></span> <span class='ocrx_word' id='word_1_162' title='bbox 430 2630 575 2696; x_wconf 83' lang='lat' dir='ltr'><strong>expers</strong></span> <span class='ocrx_word' id='word_1_163' title='bbox 617 2606 851 2679; x_wconf 78' lang='lat' dir='ltr'><strong>Antoniana.</strong></span> <span class='ocrx_word' id='word_1_164' title='bbox 906 2617 1024 2681; x_wconf 79' lang='lat' dir='ltr'><strong>Extrito</strong></span> <span class='ocrx_word' id='word_1_165' title='bbox 1061 2639 1076 2679; x_wconf 83' lang='lat' dir='ltr'><strong>a</strong></span> <span class='ocrx_word' id='word_1_166' title='bbox 1107 2620 1193 2699; x_wconf 86' lang='lat' dir='ltr'><strong>(poet</strong></span> <span class='ocrx_word' id='word_1_167' title='bbox 1229 2632 1262 2693; x_wconf 87' lang='lat' dir='ltr'><strong>s)</strong></span> 
     </span>
     <span class='ocr_line' id='line_1_23' title="bbox 192 2701 1262 2804; baseline 0.007 -22"><span class='ocrx_word' id='word_1_168' title='bbox 192 2717 306 2782; x_wconf 88' lang='lat' dir='ltr'><strong>sensim</strong></span> <span class='ocrx_word' id='word_1_169' title='bbox 339 2718 458 2801; x_wconf 90' lang='lat' dir='ltr'><strong>reliqua</strong></span> <span class='ocrx_word' id='word_1_170' title='bbox 481 2701 602 2783; x_wconf 54' lang='lat' dir='ltr'><strong>mnata</strong></span> <span class='ocrx_word' id='word_1_171' title='bbox 631 2721 712 2786; x_wconf 84' lang='lat' dir='ltr'><strong>snut.</strong></span> <span class='ocrx_word' id='word_1_172' title='bbox 775 2720 807 2786; x_wconf 86' lang='lat' dir='ltr'><strong>si</strong></span> <span class='ocrx_word' id='word_1_173' title='bbox 839 2721 906 2803; x_wconf 88' lang='lat' dir='ltr'><strong>quis</strong></span> <span class='ocrx_word' id='word_1_174' title='bbox 932 2725 1038 2787; x_wconf 86' lang='lat' dir='ltr'><strong>tamon</strong></span> <span class='ocrx_word' id='word_1_175' title='bbox 1066 2723 1195 2804; x_wconf 87' lang='lat' dir='ltr'><strong>propius</strong></span> <span class='ocrx_word' id='word_1_176' title='bbox 1220 2726 1262 2790; x_wconf 86' lang='lat' dir='ltr'><strong>od</strong></span> 
     </span>
     <span class='ocr_line' id='line_1_24' title="bbox 191 2823 1049 2906; baseline 0.002 -19"><span class='ocrx_word' id='word_1_177' title='bbox 191 2823 312 2888; x_wconf 84' lang='lat' dir='ltr'><strong>litteras</strong></span> <span class='ocrx_word' id='word_1_178' title='bbox 335 2824 508 2901; x_wconf 77' lang='lat' dir='ltr'><strong>accesserit,</strong></span> <span class='ocrx_word' id='word_1_179' title='bbox 529 2824 687 2906; x_wconf 84' lang='lat' dir='ltr'><strong>accipiam.</strong></span> <span class='ocrx_word' id='word_1_180' title='bbox 1047 2829 1049 2832; x_wconf 83' lang='grc'><strong>’</strong></span> 
     </span>
    </p>

    <p class='ocr_par' dir='ltr' id='par_1_4' title="bbox 190 2929 1265 3435">
     <span class='ocr_line' id='line_1_25' title="bbox 293 2929 1265 3000; baseline 0.008 -8"><span class='ocrx_word' id='word_1_181' title='bbox 293 2929 359 2994; x_wconf 90' lang='lat' dir='ltr'><strong>lbd.</strong></span> <span class='ocrx_word' id='word_1_182' title='bbox 397 2931 431 2993; x_wconf 85' lang='lat' dir='ltr'><strong>ll.</strong></span> <span class='ocrx_word' id='word_1_183' title='bbox 469 2931 488 2991; x_wconf 80' lang='lat'><strong>2</strong></span> <span class='ocrx_word' id='word_1_184' title='bbox 521 2950 537 2995; x_wconf 89' lang='lat' dir='ltr'><strong>e</strong></span> <span class='ocrx_word' id='word_1_185' title='bbox 570 2931 637 2996; x_wconf 86' lang='lat' dir='ltr'><strong>eod.</strong></span> <span class='ocrx_word' id='word_1_186' title='bbox 676 2931 702 2994; x_wconf 94' lang='lat' dir='ltr'><strong>B</strong></span> <span class='ocrx_word' id='word_1_187' title='bbox 736 2931 931 2997; x_wconf 83' lang='lat' dir='ltr'><strong>scribendum</strong></span> <span class='ocrx_word' id='word_1_188' title='bbox 969 2938 1031 3000; x_wconf 89' lang='lat' dir='ltr'><strong>est:</strong></span> <span class='ocrx_word' id='word_1_189' title='bbox 1076 2935 1265 3000; x_wconf 80' lang='lat' dir='ltr'><strong>Pericles</strong></span> 
     </span>
     <span class='ocr_line' id='line_1_26' title="bbox 193 3035 1261 3119; baseline 0.009 -22"><span class='ocrx_word' id='word_1_190' title='bbox 193 3035 323 3100; x_wconf 86' lang='lat' dir='ltr'><strong>eutem</strong></span> <span class='ocrx_word' id='word_1_191' title='bbox 365 3035 614 3118; x_wconf 75' lang='lat' dir='ltr'><strong>felicissimis</strong></span> <span class='ocrx_word' id='word_1_192' title='bbox 657 3039 807 3103; x_wconf 86' lang='lat' dir='ltr'><strong>naturae</strong></span> <span class='ocrx_word' id='word_1_193' title='bbox 851 3037 1132 3119; x_wconf 72' lang='lat' dir='ltr'><strong>incrementis,</strong></span> <span class='ocrx_word' id='word_1_194' title='bbox 1187 3043 1261 3106; x_wconf 87' lang='lat' dir='ltr'><strong>snb</strong></span> 
     </span>
     <span class='ocr_line' id='line_1_27' title="bbox 190 3140 1256 3229; baseline 0.012 -26"><span class='ocrx_word' id='word_1_195' title='bbox 190 3140 418 3223; x_wconf 79' lang='lat' dir='ltr'><strong>Anaxagora</strong></span> <span class='ocrx_word' id='word_1_196' title='bbox 439 3145 682 3224; x_wconf 74' lang='lat' dir='ltr'><strong>preceptore</strong></span> <span class='ocrx_word' id='word_1_197' title='bbox 705 3162 852 3208; x_wconf 88' lang='lat' dir='ltr'><strong>summo</strong></span> <span class='ocrx_word' id='word_1_198' title='bbox 873 3145 1005 3210; x_wconf 85' lang='lat' dir='ltr'><strong>studio</strong></span> <span class='ocrx_word' id='word_1_199' title='bbox 1027 3146 1256 3229; x_wconf 76' lang='lat' dir='ltr'><strong>perpolitis,</strong></span> 
     </span>
     <span class='ocr_line' id='line_1_28' title="bbox 190 3245 1259 3337; baseline 0.007 -27"><span class='ocrx_word' id='word_1_200' title='bbox 190 3245 408 3311; x_wconf 79' lang='lat' dir='ltr'><strong>instructus</strong></span> <span class='ocrx_word' id='word_1_201' title='bbox 443 3247 580 3312; x_wconf 89' lang='lat' dir='ltr'><strong>liberis</strong></span> <span class='ocrx_word' id='word_1_202' title='bbox 603 3249 845 3314; x_wconf 82' lang='lat' dir='ltr'><strong>Athenarum</strong></span> <span class='ocrx_word' id='word_1_203' title='bbox 880 3249 1100 3316; x_wconf 80' lang='lat' dir='ltr'><strong>cervicibus</strong></span> <span class='ocrx_word' id='word_1_204' title='bbox 1122 3253 1259 3337; x_wconf 85' lang='lat' dir='ltr'><strong>iugum</strong></span> 
     </span>
     <span class='ocr_line' id='line_1_29' title="bbox 191 3351 621 3435; baseline -0.005 -18"><span class='ocrx_word' id='word_1_205' title='bbox 191 3351 401 3417; x_wconf 86' lang='lat' dir='ltr'><strong>servitutis</strong></span> <span class='ocrx_word' id='word_1_206' title='bbox 423 3353 621 3435; x_wconf 89' lang='lat' dir='ltr'><strong>imposuit.</strong></span> 
     </span>
    </p>

    <p class='ocr_par' dir='ltr' id='par_1_5' title="bbox 190 3457 1264 3758">
     <span class='ocr_line' id='line_1_30' title="bbox 290 3457 1264 3542; baseline 0.007 -20"><span class='ocrx_word' id='word_1_207' title='bbox 290 3457 358 3522; x_wconf 89' lang='lat' dir='ltr'><strong>Ihd.</strong></span> <span class='ocrx_word' id='word_1_208' title='bbox 383 3459 421 3521; x_wconf 86' lang='grc'><strong>15</strong></span> <span class='ocrx_word' id='word_1_209' title='bbox 449 3479 590 3542; x_wconf 77' lang='lat' dir='ltr'><strong>procem:</strong></span> <span class='ocrx_word' id='word_1_210' title='bbox 635 3459 817 3525; x_wconf 81' lang='lat' dir='ltr'><strong>Candidis</strong></span> <span class='ocrx_word' id='word_1_211' title='bbox 847 3463 980 3526; x_wconf 77' lang='lat' dir='ltr'><strong>&#39;autem</strong></span> <span class='ocrx_word' id='word_1_212' title='bbox 1014 3462 1153 3528; x_wconf 88' lang='lat' dir='ltr'><strong>animis</strong></span> <span class='ocrx_word' id='word_1_213' title='bbox 1190 3483 1264 3530; x_wconf 78' lang='lat' dir='ltr'><strong>vo-</strong></span> 
     </span>
     <span class='ocr_line' id='line_1_31' title="bbox 190 3565 1264 3651; baseline 0.006 -23"><span class='ocrx_word' id='word_1_214' title='bbox 190 3565 383 3647; x_wconf 86' lang='lat' dir='ltr'><strong>luptatem</strong></span> <span class='ocrx_word' id='word_1_215' title='bbox 416 3566 652 3648; x_wconf 74' lang='lat' dir='ltr'><strong>praebuerint</strong></span> <span class='ocrx_word' id='word_1_216' title='bbox 688 3566 723 3630; x_wconf 94' lang='lat' dir='ltr'><strong>in</strong></span> <span class='ocrx_word' id='word_1_217' title='bbox 757 3570 965 3649; x_wconf 85' lang='lat' dir='ltr'><strong>conspeetu</strong></span> <span class='ocrx_word' id='word_1_218' title='bbox 996 3567 1142 3648; x_wconf 81' lang='lat' dir='ltr'><strong>posita,</strong></span> <span class='ocrx_word' id='word_1_219' title='bbox 1179 3588 1264 3651; x_wconf 81' lang='lat' dir='ltr'><strong>qure-</strong></span> 
     </span>
     <span class='ocr_line' id='line_1_32' title="bbox 192 3670 1259 3758; baseline 0.007 -24"><span class='ocrx_word' id='word_1_220' title='bbox 192 3670 330 3754; x_wconf 89' lang='lat' dir='ltr'><strong>onique</strong></span> <span class='ocrx_word' id='word_1_221' title='bbox 353 3671 563 3755; x_wconf 80' lang='lat' dir='ltr'><strong>magnifica</strong></span> <span class='ocrx_word' id='word_1_222' title='bbox 593 3671 732 3737; x_wconf 83' lang='lat' dir='ltr'><strong>merito</strong></span> <span class='ocrx_word' id='word_1_223' title='bbox 756 3672 1008 3755; x_wconf 84' lang='lat' dir='ltr'><strong>contigerint,</strong></span> <span class='ocrx_word' id='word_1_224' title='bbox 1041 3674 1129 3756; x_wconf 87' lang='lat' dir='ltr'><strong>qnia</strong></span> <span class='ocrx_word' id='word_1_225' title='bbox 1153 3693 1259 3758; x_wconf 84' lang='lat' dir='ltr'><strong>aeqne</strong></span> 
     </span>
    </p>
   </div>
   <div class='ocr_carea' id='block_1_3' title="bbox 261 3919 1262 4169">
    <p class='ocr_par' dir='ltr' id='par_1_6' title="bbox 261 3919 1262 4169">
     <span class='ocr_line' id='line_1_33' title="bbox 261 3919 1262 3992; baseline 0.01 -21"><span class='ocrx_word' id='word_1_226' title='bbox 261 3919 326 3972; x_wconf 89' lang='lat' dir='ltr'><strong>lime</strong></span> <span class='ocrx_word' id='word_1_227' title='bbox 344 3920 478 3987; x_wconf 83' lang='lat' dir='ltr'><strong>appellere</strong></span> <span class='ocrx_word' id='word_1_228' title='bbox 497 3924 611 3988; x_wconf 86' lang='lat' dir='ltr'><strong>poterat,</strong></span> <span class='ocrx_word' id='word_1_229' title='bbox 641 3922 687 3990; x_wconf 90' lang='lat' dir='ltr'><strong>qui</strong></span> <span class='ocrx_word' id='word_1_230' title='bbox 716 3921 792 3984; x_wconf 85' lang='lat' dir='ltr'><strong>Vlll,</strong></span> <span class='ocrx_word' id='word_1_231' title='bbox 820 3925 862 3983; x_wconf 83' lang='lat'><strong>14,</strong></span> <span class='ocrx_word' id='word_1_232' title='bbox 889 3927 906 3978; x_wconf 84' lang='grc'><strong>6</strong></span> <span class='ocrx_word' id='word_1_233' title='bbox 933 3922 1061 3992; x_wconf 79' lang='lat' dir='ltr'><strong>pingendi</strong></span> <span class='ocrx_word' id='word_1_234' title='bbox 1080 3927 1166 3978; x_wconf 84' lang='lat' dir='ltr'><strong>artem</strong></span> <span class='ocrx_word' id='word_1_235' title='bbox 1186 3925 1262 3981; x_wconf 78' lang='lat' dir='ltr'><strong>inter</strong></span> 
     </span>
     <span class='ocr_line' id='line_1_34' title="bbox 261 4009 1261 4080; baseline 0.012 -18"><span class='ocrx_word' id='word_1_236' title='bbox 261 4009 479 4065; x_wconf 84' lang='lat' dir='ltr'><strong>humillimas</strong></span> <span class='ocrx_word' id='word_1_237' title='bbox 504 4029 555 4065; x_wconf 84' lang='lat' dir='ltr'><strong>ree</strong></span> <span class='ocrx_word' id='word_1_238' title='bbox 584 4013 697 4080; x_wconf 78' lang='lat' dir='ltr'><strong>positum</strong></span> <span class='ocrx_word' id='word_1_239' title='bbox 726 4015 808 4068; x_wconf 85' lang='lat' dir='ltr'><strong>etiem</strong></span> <span class='ocrx_word' id='word_1_240' title='bbox 836 4013 969 4069; x_wconf 85' lang='lat' dir='ltr'><strong>sordidi</strong></span> <span class='ocrx_word' id='word_1_241' title='bbox 998 4015 1110 4069; x_wconf 85' lang='lat' dir='ltr'><strong>studii</strong></span> <span class='ocrx_word' id='word_1_242' title='bbox 1149 4019 1261 4074; x_wconf 89' lang='lat' dir='ltr'><strong>nomine</strong></span> 
     </span>
     <span class='ocr_line' id='line_1_35' title="bbox 261 4100 458 4169; baseline 0.015 -16"><span class='ocrx_word' id='word_1_243' title='bbox 261 4100 390 4169; x_wconf 82' lang='lat' dir='ltr'><strong>dignatus</strong></span> <span class='ocrx_word' id='word_1_244' title='bbox 409 4105 458 4157; x_wconf 84' lang='lat' dir='ltr'><strong>eet.</strong></span> 
     </span>
    </p>
   </div>
   <div class='ocr_carea' id='block_1_4' title="bbox 0 0 1318 5070">
    <p class='ocr_par' dir='ltr' id='par_1_7' title="bbox 0 0 1318 5070">
     <span class='ocr_line' id='line_1_36' title="bbox 0 0 1318 5070; baseline 0 0"><span class='ocrx_word' id='word_1_245' title='bbox 0 0 1318 5070; x_wconf 95' lang='lat' dir='ltr'><strong> </strong></span> 
     </span>
    </p>
   </div>
  </div>
 </body>
</html>
