2662 5046
254 217 318 347 18⁶0
614 279 676 336 Lib.
695 279 757 335 VII.
777 279 843 349 Gap.
853 278 877 335 1.

210 499 287 546 nno
318 478 447 546 vilico
468 476 633 552 bebere3
666 494 750 554 neo,
782 475 817 541 si
837 474 898 541 bis
919 476 1031 542 tento
1052 476 1284 562 ampliorem

209 584 377 650 fundum
411 583 479 647 ent
509 599 553 647 eo
582 581 675 665 plns
702 581 828 660 noles,
859 578 949 646 ideo
975 579 1051 647 (luo
1081 582 1194 649 vilioi
1215 586 1282 651 ent

209 692 295 755 tres
326 686 500 754 habendi
532 685 648 751 inore.
700 685 886 751 Tollendum
917 703 987 763 nen
1027 687 1283 770 anteponis,
1325 740 1329 751 ,

210 794 294 879 qnod
315 792 503 860 sententiam
526 790 714 874 pessumdet
761 789 810 855 Ne
841 789 875 855 in
896 790 1014 858 minore
1036 792 1161 876 quidem
1185 793 1280 861 fundo

211 897 295 963 inim
316 915 413 962 unum
433 896 560 962 vilicum
581 895 727 962 descendi
747 897 860 980 potest.

309 1023 376 1089 Ibd.
410 1021 472 1101 23,
507 1023 548 1088 6:
592 1021 776 1102 Quodam
813 1021 900 1087 loon
942 1023 1070 1089 endem
1109 1025 1194 1091 elie
1230 1006 1277 1092 ei

210 1129 418 1197 serendum
438 1126 590 1193 idonee.
637 1125 839 1192 Seribendnm
867 1126 971 1190 alios
992 1129 1059 1207 (boe
1084 1133 1147 1196 est:
1179 1132 1280 1198 inter·

209 1234 284 1301 dnm
306 1234 367 1299 seri
388 1235 527 1318 possunt,
548 1233 703 1299 intersim
727 1233 959 1316 nonpossint),
983 1234 1043 1300 nisi
1063 1234 1138 1300 fuit:
1172 1236 1279 1303 alies

208 1339 256 1403 ed
278 1338 490 1404 eorundum
512 1338 670 1416 idonea,
692 1336 806 1420 [elias
827 1354 898 1402 non
918 1337 1085 1424 idonee}

308 1466 377 1532 Lib.
402 1466 445 1545 11,
468 1468 497 1544 1,
521 1464 562 1528 10
583 1464 682 1530 eieota
693 1463 800 1530 Ursini
821 1463 1056 1546 interpolatione
1078 1465 1279 1533 scribendum

211 1573 278 1638 est:
313 1572 351 1636 et
382 1569 501 1655 qnod,
539 1568 629 1635 nrbs
669 1587 751 1634 oum
783 1566 946 1634 condite
979 1573 1052 1646 est,
1089 1575 1207 1637 tauro
1240 1574 1280 1638 et

207 1694 345 1756 venen,
377 1675 447 1739 nbi
480 1683 545 1757 (pro
567 1673 645 1757 qni)
670 1676 803 1740 essent
822 1673 924 1738 muri
946 1676 985 1740 et
1004 1678 1141 1758 portae,
1175 1675 1280 1741 defi·

207 1779 342 1847 nilum.
390 1778 562 1863 [Gesnerns
584 1779 682 1864 qun]

308 1907 375 1974 Lib.
407 1907 468 1985 111,
505 1907 534 1984 1,
571 1907 611 1972 4:
639 1905 740 1990 quod
775 1906 813 1971 et
847 1904 886 1970 in
912 1924 1007 1990 pnoe
1033 1905 1078 1975 ab
1110 1906 1280 1974 rusticis

207 2012 630 2094 Romaniselebentnr
652 2013 690 2077 et
710 2012 748 2076 in
766 2010 874 2077 bello
896 2010 942 2076 eb
966 2009 1029 2076 bis
1046 2011 1277 2080 tuebantur.

208 2116 411 2183 Scribendnm
432 2115 573 2194 videtur:
594 2117 656 2183 his
678 2136 717 2179 ee
735 2116 956 2182 tuebantur.
1009 2114 1081 2180 Non
1103 2117 1203 2201 magis
1226 2117 1279 2183 bio

209 2241 302 2307 qnam
324 2222 361 2288 (le
384 2223 463 2291 1.L.
485 2222 547 2287 VH
567 2242 597 2306 p.
619 2219 660 2284 82
681 2221 778 2287 Verre
801 2221 880 2283 tuot
898 2220 1019 2305 passive
1040 2222 1153 2304 posuit.
1211 2222 1279 2289 Eo·

210 2328 281 2393 dem
315 2327 415 2411 eapite
447 2327 529 2411 §10
564 2345 625 2393 non
658 2327 743 2391 reete
778 2325 930 2392 contraiis
960 2328 1116 2410 ponuntur
1146 2327 1276 2394 fruotn

178 2476 179 2479 =
209 2451 318 2517 quem
339 2433 464 2516 iaetu,
484 2434 568 2498 reote
590 2433 743 2516 ponentur
764 2430 892 2496 iruotn
914 2448 1025 2514 qnam
1038 2429 1160 2514 foetu.

307 2559 375 2626 Ibd.
399 2560 430 2638 2,
462 2560 504 2625 4:
536 2561 603 2626 nbi
635 2558 813 2625 cohortes
840 2558 887 2624 nd
909 2557 1096 2623 dilectum
1119 2560 1275 2626 oonsnli

206 2665 384 2731 edduetae
417 2664 637 2733 eonsidnnt.
693 2663 776 2730 Ante
806 2663 955 2730 dilectum
981 2662 1073 2727 nullae
1106 2665 1195 2729 erant
1217 2682 1275 2732 ee·

207 2770 319 2836 hortos.
377 2769 442 2842 Ser.
458 2793 460 2797 ¹
476 2790 497 2830 a
528 2767 671 2831 dilecto
702 2769 809 2853 (quem
833 2767 951 2835 tribuni
971 2767 1107 2833 militum
1131 2767 1275 2853 perficio·

205 2875 292 2954 bent,
324 2877 361 2940 nt
392 2893 409 2941 e
437 2871 565 2957 Polybio
598 2874 706 2939 notum
740 2875 810 2952 est).
863 2873 960 2940 Paulo
992 2875 1063 2958 post
1091 2872 1121 2957 (ἓ
1144 2873 1189 2954 5),
1217 2874 1273 2941 nbi

205 2979 318 3044 edunt:
355 2997 400 3043 en
434 2996 518 3044 men
551 2978 659 3058 (villis),
697 2978 912 3064 vestigium
940 2978 1005 3044 ubi
1036 2978 1091 3044 sit
1121 2979 1272 3063 nullum

202 3083 476 3169 Lysippiant
512 3082 733 3167 Antiphili,
778 3083 844 3149 sed
879 3083 1018 3149 erebra
1052 3083 1197 3149 sotoris
1234 3084 1272 3150 et

201 3187 390 3273 pastoris,
423 3188 567 3272 quoniam
600 3189 749 3255 nullum
778 3191 883 3256 eontra
903 3190 1019 3274 psimas
1042 3188 1192 3278 editiones
1214 3187 1272 3254 ed·

203 3293 303 3361 (litum
330 3296 395 3372 est,
426 3293 555 3377 apparet
574 3291 647 3358 olim
670 3293 787 3362 inisse:
820 3304 858 3360 at
879 3293 917 3357 in
949 3314 1033 3361 mea
1053 3292 1270 3379 vestigium

200 3400 265 3466 nbi
288 3409 320 3462 et
339 3397 504 3483 Lysippi
525 3399 594 3463 ent
615 3399 836 3485 Antiphili?
857 3399 926 3465 sed
946 3401 1081 3467 erebra
1102 3418 1129 3465 s.
1152 3400 1189 3465 et
1210 3417 1242 3482 p.

300 3528 367 3594 Ibd.
400 3528 428 3604 2,
465 3527 496 3604 9,
529 3527 713 3610 quoniame
745 3527 830 3614 §10
858 3533 955 3608 (oum
987 3527 1270 3614 significasset

79 3629 83 3636 '
200 3634 297 3698 nutu
330 3635 399 3712 oet)
430 3634 653 3718 intensogatnm
693 3652 763 3702 esse
794 3636 933 3721 apparet,
964 3633 1162 3702 scribendum
1198 3635 1268 3698 est:

198 3737 288 3801 Nom
316 3745 381 3822 (pro
402 3743 484 3815 non)
506 3739 636 3804 minus
658 3737 758 3803 ville
778 3742 843 3805 ins
864 3740 944 3807 erit
962 3788 971 3807 .
989 3789 999 3806 .
1016 3789 1025 3806 .
1043 3740 1173 3806 esino?
1194 3756 1268 3804 enm

197 3843 370 3927 preesertim
391 3844 424 3909 in
445 3842 590 3910 Politieni
611 3843 765 3910 oodieibns
786 3843 880 3911 inerit
900 3844 1112 3912 Nummius.
