2654 5010
520 636 641 691 Tacitus.
1014 637 1074 700 227

46 846 121 912 que
156 829 323 896 Dianam
361 836 432 898 aut
465 796 964 914 Apoltinemsenerandi.
1022 834 1120 901 Panlo

46 935 163 1012 durius,
187 937 241 1002 sed
263 955 389 1018 prorsus
411 957 427 1004 e
450 937 551 1004 Taciti
574 956 658 1004 moro
686 940 909 1005 uenerandi
939 940 1121 1026 adiungitur

45 1040 86 1106 ad
108 1060 264 1122 nomen3
287 1043 378 1110 alteri
400 1064 513 1110 nomen
541 1035 675 1110 Dianam
704 1045 877 1122 venerandi,
905 1046 997 1111 alteri
1020 1048 1118 1129 Apol-

45 1148 143 1214 linem
162 1150 342 1231 sequuntur.

149 1256 226 1320 ibid.
250 1255 305 1334 IV,
327 1256 386 1320 33:
421 1255 512 1321 Nam
537 1260 703 1322 cunctas
727 1255 916 1321 nationes
938 1260 978 1324 ot
999 1259 1119 1325 urbes
1183 1303 1187 1314 .

46 1363 218 1445 populus
249 1365 319 1427 aut
350 1361 551 1444 primores
583 1367 651 1428 aut
684 1362 841 1446 singuli
864 1366 1025 1448 reguut3
1047 1363 1119 1430 do-

47 1470 155 1533 tecta
189 1485 231 1532 er
265 1466 317 1533 iis
350 1469 390 1532 et
426 1469 661 1535 consociata
697 1471 755 1534 rei
787 1468 960 1552 publicae
992 1470 1119 1535 forma

46 1573 208 1640 laudari
242 1573 411 1638 facilius
447 1594 561 1658 quam
592 1575 773 1651 euenire,
807 1574 869 1638 vel
902 1576 934 1639 si
965 1577 1119 1656 evenit,

48 1679 151 1745 haud
185 1677 382 1745 diuturna
416 1699 503 1746 esse
536 1688 681 1765 potest.
734 1683 848 1763 Aperte
875 1681 1011 1746 interae
1033 1701 1118 1747 oom-

49 1789 197 1870 parantnr
226 1803 262 1849 er
291 1784 389 1850 altera
418 1791 504 1869 parte
534 1789 659 1872 optima
687 1785 731 1850 rei
760 1785 1117 1866 potusustentante

47 1893 145 1958 altera
169 1910 275 1974 reapse
298 1892 420 1958 effectio
443 1897 474 1958 et
496 1892 695 1958 conservatio.
747 1892 858 1974 Itaque
881 1911 943 1957 una
964 1892 1119 1958 sententia

48 1999 135 2064 aiens
157 1998 224 2063 hac
245 1998 309 2062 est:
333 2016 445 2080 quam
476 1997 639 2063 evenire
670 1996 748 2074 vel,
781 1998 815 2061 si
844 1998 997 2077 evenit,
1028 1998 1119 2063 diu-

46 2108 167 2169 turna
189 2123 277 2168 esse
300 2109 445 2187 potest.
490 2104 596 2187 Neque
618 2101 677 2168 hoc
698 2101 830 2169 alterum
853 2105 890 2168 de
914 2103 1118 2170 diuturnitate

46 2210 238 2292 exceptionis
267 2211 333 2275 loco
355 2210 496 2294 negando
520 2208 644 2293 adiungi
667 2208 860 2275 demonstrat
881 2212 913 2274 et
936 2210 996 2275 vel
1018 2210 1117 2292 parti·

45 2318 118 2382 cula
141 2322 173 2381 et
195 2315 388 2397 apertissime
411 2316 512 2381 omnis
540 2319 694 2381 sententia
723 2334 783 2380 uno
814 2318 905 2382 verbo
928 2320 1066 2399 potest
1086 2318 1119 2382 in

6 2445 9 2450 “
45 2424 220 2488 extremum
258 2421 358 2486 locum
396 2421 510 2486 reiecto
544 2422 696 2488 conclusa.
755 2424 887 2508 Negatio
919 2421 1041 2489 adiecta
1072 2428 1121 2488 eet

45 2528 196 2595 orationis
219 2527 317 2592 forma
338 2546 395 2591 non
419 2527 587 2592 intellecta.

150 2645 230 2711 Ibid.
264 2647 424 2728 deinceps:
457 2645 590 2728 Igitur
623 2652 664 2708 nt
696 2647 790 2710 olim
825 2647 943 2729 plebe
966 2648 1120 2726 valida,

45 2755 111 2817 vel
148 2770 231 2817 cum
265 2754 404 2833 patres
437 2752 659 2835 pollerent,
687 2753 1023 2834 noscendavntgi
1048 2772 1115 2818 na-

43 2862 140 2924 tura
163 2904 306 2935 ......
329 2859 579 2938 senatusque
602 2859 640 2921 et
662 2857 922 2938 optimatium
955 2859 1118 2942 ingenia

45 2964 116 3047 qui
141 2962 653 3046 maximopcrnidiceraut,
677 2962 819 3027 callidi
843 2968 1118 3046 temporum..

45 3071 339 3143 credebantur,
370 3072 429 3134 sic
456 3087 648 3134 converso
670 3071 782 3133 statu
804 3088 931 3152 nequo
953 3068 1035 3134 alia
1055 3088 1119 3133 re-

46 3195 151 3255 rum,
191 3195 304 3260 quam
340 3178 372 3241 si
409 3194 507 3240 nnus
545 3175 773 3258 imperitet,
817 3177 898 3241 haeo
934 3174 1120 3258 conquiri

46 3281 245 3366 tradique
267 3283 306 3347 in
329 3303 408 3348 rem
431 3283 559 3347 fuerit
581 3283 638 3346 cet.
683 3281 734 3346 Sic
757 3282 851 3347 codex
873 3282 1031 3346 Medicens
1053 3282 1119 3346 haec

45 3391 208 3471 postrema
221 3396 360 3472 corrupte
376 3388 490 3472 scripta
505 3388 609 3466 habet,
632 3388 663 3451 in
679 3388 790 3470 quibus
806 3389 878 3472 quin
896 3387 1019 3470 Lipsius
1037 3389 1120 3453 recte

45 3513 105 3576 pro
127 3514 255 3560 renum
280 3496 452 3560 restituerit
474 3514 512 3559 re
540 3496 727 3573 Romana,
750 3514 849 3577 neque
872 3496 934 3560 tere
957 3495 1119 3578 quisquam

46 3600 208 3666 dubitavit
229 3621 328 3685 neque
350 3602 485 3667 dubitari
509 3604 619 3683 potest.
676 3600 853 3666 Desiderari
876 3604 978 3666 tamen
1002 3600 1120 3683 aliquid

46 3708 90 3772 ad
114 3707 274 3772 sententiae
297 3715 327 3773 et
349 3709 493 3773 orationis
515 3707 726 3790 integritatem
744 3708 941 3772 manifestum
961 3713 1024 3782 est;
1048 3726 1118 3770 nam

48 3832 151 3897 neque
185 3814 293 3878 Latine
327 3815 455 3879 dicitnr:
496 3812 578 3877 Non
617 3813 699 3877 alia
734 3817 795 3878 est
830 3831 893 3877 res
930 3813 1119 3889 Romana,

48 3939 167 4004 quam
203 3922 235 3984 si
273 3939 373 3985 unns
408 3918 622 4003 imperitet
654 3939 708 4002 pro
742 3938 786 3995 eo,
820 3919 900 4002 qnod
935 3919 999 3983 est:
1037 3916 1119 3982 Non

47 4027 175 4092 aliter
207 4031 316 4092 stare
349 4028 503 4108 potest,
534 4043 646 4108 quam
674 4027 706 4090 si
731 4062 780 4101 -,
802 4044 901 4107 neque
923 4026 1004 4088 recte
1024 4022 1121 4087 habet

47 4134 118 4199 haec
138 4133 267 4199 ablativi
290 4133 423 4198 absoluti
444 4133 562 4198 torma:
589 4149 662 4196 non
693 4130 833 4196 aliare
855 4131 1030 4195 Romana
1051 4131 1118 4203 cet..

48 4260 117 4324 qnae
140 4241 167 4305 si
189 4260 263 4305 sana
284 4242 375 4312 esset.
406 4257 464 4303 non
494 4237 633 4303 condicio
662 4236 886 4320 significaretur
908 4236 952 4302 rei
976 4238 1120 4301 Romanae

48 4344 230 4422 retinenda,
255 4344 309 4408 scd
331 4365 397 4409 earn
423 4344 552 4411 eandem
574 4344 686 4409 habere
709 4345 782 4419 vim,
804 4361 840 4407 ac
860 4343 887 4406 si
904 4361 981 4407 nnus
996 4342 1119 4424 imperi·

48 4452 141 4516 taret.
177 4449 298 4516 Excidit
317 4451 434 4535 aliquid
450 4457 521 4516 ante
544 4470 582 4515 re
606 4451 778 4515 Romana
799 4450 925 4532 propter
945 4449 1118 4514 litterarum

867 4564 919 4620 15·
