2580 5054
231 283 271 345 π
603 276 846 346 mamm

182 477 449 562 *quemadmodum
483 476 515 540 in
550 475 642 540 Plinii
675 474 864 557 Panegyrico
898 495 965 559 cap.
1002 476 1040 538 37
1074 473 1149 539 sine
1172 474 1215 536 aute

189 584 490 668 singulorum.*)

292 770 370 839 Ibid.
393 774 450 837 49:
482 765 524 837 οὐ
545 766 610 858 peip
642 764 682 855 δή
707 785 897 856 συμπεσεῖν
919 796 960 856 γε
984 766 1082 855 φήσω
1105 764 1142 835 ea'
1161 795 1186 833 ιι
1202 774 1221 829 ir
1231 834 1235 844 .,
1261 837 1262 855 ρ

191 870 361 964 Αἰγύπτῳ
395 872 587 961 ποιεύμενα
622 880 666 963 τῷ
697 879 768 965 θεῷ
800 879 853 944 uui
877 871 920 943 eo*
946 884 984 942 lv
1007 874 1222 957 τοῖοιἚλλιμ·

191 978 373 1069 ὁμότροπα
410 981 477 1071 γάρ
514 980 557 1050 ἄν
591 975 637 1069 ἦν
671 998 757 1051 σοῖσι
785 981 932 1068 Ἕλλησι
980 986 1039 1050 καὶ
1075 978 1224 1051 orietani

190 1095 374 1176 ἐσηγμένα.
429 1090 554 1155 Ritibns
587 1110 682 1173 nuper
714 1092 838 1156 aliunde
864 1091 966 1157 illatis
1003 1092 1136 1168 (νεωστὶ
1165 1095 1227 1173 dorp

187 1202 322 1280 μένοις)
353 1198 498 1262 contrarii
529 1204 600 1263 sunt
628 1218 688 1263 non
712 1198 832 1264 similes
854 1199 935 1262 ritus
959 1192 1183 1282 (ὁμόκροιιοι),
1198 1192 1230 1257 acl

191 1304 274 1367 domi
298 1305 413 1367 inuenti
439 1309 469 1368 et
492 1305 571 1387 apud
594 1305 694 1387 ipsum
717 1304 860 1388 populum
876 1306 953 1382 nati,
977 1324 1081 1388 neque
1098 1302 1231 1370 Herodem

192 1409 328 1474 similem
352 1428 418 1474 esse
435 1409 529 1474 ritum
544 1411 725 1494 AEgyptium
750 1415 780 1474 at
796 1411 937 1476 Graecum
956 1416 1065 1494 negat,
1082 1424 1232 1494 quamquau

185 1515 274 1580 'levia
289 1516 429 1598 quaedam
446 1515 673 1600 Melampodem
691 1519 826 1581 mutasse
843 1515 925 1580 dicit.
972 1516 1149 1599 scripserat
1166 1515 1234 1598 igitur

196 1621 372 1686 Herodotus
394 1615 630 1707 ὁμόκροῳα,
652 1623 745 1688 simul
769 1625 801 1687 et
822 1622 905 1687 domi
926 1625 1004 1686 uata
1028 1629 1062 1688 et
1085 1629 1157 1689 orta
1195 1617 1236 1706 [sie

194 1729 255 1791 iam
280 1728 327 1792 De
350 1728 381 1792 la
406 1729 497 1793 Barre
520 1730 684 1794 coniecisse
706 1731 786 1813 apud
812 1729 987 1812 linigeram
1013 1748 1085 1795 sero
1108 1728 1204 1809 ridant

295 1917 371 1981 lbid.
396 1917 436 1980 93
457 1917 507 1994 (de
530 1918 632 2001 granis
655 1937 787 1994 ovorum,
813 1937 880 2001 qua
902 1919 1006 2000 pisces
1030 1920 1155 1984 feminae
1174 1914 1240 1982 emit·

191 2021 273 2096 lant,
298 2040 398 2087 orares
422 2025 595 2100 devorent):
626 2027 688 2090 eloi
720 2025 752 2089 ct
783 2029 813 2089 oi
844 2029 974 2110 κέγχροι
1006 2013 1106 2091 οὗτοι
1138 2017 1240 2112 ἰχθύες·

193 2127 270 2192 Haec
292 2128 449 2194 conciliari
473 2149 542 2195 cum
566 2121 636 2207 illis,
667 2149 735 2214 quae
756 2133 926 2213 sequuntur
947 2136 998 2214 (ἐμ
1022 2132 1058 2198 δὲ
1082 2135 1152 2198 τών
1171 2154 1242 2212 περ·

195 2240 385 2318 γινομένων
408 2239 461 2302 καὶ
484 2232 534 2321 μή
553 2237 833 2322 καταπινομένων
853 2243 999 2324 κέγχρων
1015 2244 1049 2305 οἱ
1064 2236 1243 2322 τρεπόμενοι

196 2332 317 2425 ἰχθύες
347 2342 515 2428 γίνονται)
549 2345 635 2409 nullo
667 2346 757 2426 pacto
790 2350 935 2425 possunt;
965 2344 1271 2428 apertissimarum

194 2447 371 2512 Herodotus
405 2470 423 2514 a
459 2452 563 2534 granis
598 2450 760 2534 distinguit
792 2451 900 2532 pisces,
935 2451 989 2533 qui
1019 2471 1057 2517 ex
1081 2452 1186 2538 grania
1204 2466 1246 2513 non

187 2553 349 2619 devoratis
366 2556 514 2621 oriantur.
559 2557 728 2639 Scripserat
743 2558 932 2622 Herodotus:
956 2561 1022 2624 elul
1041 2557 1078 2622 δὲ
1095 2563 1130 2623 οἱ
1145 2565 1247 2642 κέγχροι

194 2655 310 2724 οὔπω
333 2655 465 2744 apodes,
490 2668 524 2727 ἐκ
548 2663 582 2728 δὲ
605 2664 672 2728 κων
695 2665 963 2749 περιγινομένων
987 2711 1047 2730 ...
1074 2671 1214 2753 κε’γχρων
1230 2709 1249 2726 .-

192 2758 315 2851 ’ἰχθύες
331 2768 496 2854 γίνονται.
507 2768 561 2845 **)

195 2975 214 2979 ...
221 2975 350 2981 ...ΜΛ-η*
357 2977 373 2980 -.
384 2976 427 2983 ..οη

248 3093 274 3161 *)
294 3093 372 3150 Hane
404 3097 623 3152 emendationem
653 3114 713 3152 cum
742 3098 770 3151 in
798 3098 876 3152 novis
910 3097 1060 3153 annalibus
1093 3097 1256 3168 philologieis

295 3190 557 3258 septentrionalibus
576 3191 628 3244 vol.
648 3192 665 3245 3
683 3209 708 3259 p.
730 3191 779 3244 141
800 3190 1013 3260 proposuissem,
1044 3191 1118 3247 dixit
1147 3191 1257 3262 quadan

295 3290 390 3337 contra
415 3283 533 3338 Steinius
562 3284 590 3336 iu
617 3283 746 3337 Bursiani
775 3284 920 3339 annalibus
947 3284 1132 3354 philologieis
1160 3299 1258 3358 prorsus

294 3374 459 3431 refutatione
487 3375 606 3444 indigna.
661 3376 780 3430 Tantum
807 3377 881 3445 quod
907 3384 1024 3446 propter
1054 3378 1187 3440 editionis
1212 3391 1258 3431 sue

294 3469 438 3524 eonsilium
456 3470 631 3539 interpolata
650 3468 725 3526 illius
744 3469 888 3539 seripturae
915 3469 1085 3525 mentionem
1105 3488 1124 3526 a
1144 3489 1174 3527 se
1192 3471 1258 3526 omia

294 3579 351 3618 sam
381 3562 484 3629 scribit,
511 3579 566 3617 non
594 3563 769 3617 omissionem
794 3563 880 3632 ipsam
908 3579 958 3632 per
977 3579 1006 3618 se
1025 3565 1259 3633 reprehenderam

294 3655 343 3710 sed
362 3654 435 3724 quod
453 3671 487 3709 ne
505 3655 554 3710 illo
573 3656 682 3724 quidem
706 3656 875 3725 superiorum
900 3655 1035 3710 editorum
1064 3673 1204 3712 consensu
1220 3653 1260 3710 ad·

293 3749 412 3803 monitus
432 3755 513 3815 esset,
533 3755 563 3803 ut
583 3749 616 3804 de
635 3750 771 3803 sententia
790 3756 817 3803 et
836 3764 865 3801 re
884 3747 988 3815 aliquid
1007 3750 1158 3817 cogitaret.

229 3840 273 3907 **)
292 3841 361 3894 ibid.
381 3841 442 3908 121,
459 3842 483 3906 5,
514 3841 561 3895 nbi
579 3843 608 3896 in
633 3842 775 3897 sententiis
794 3856 908 3911 prorsus
928 3857 959 3895 ex
978 3856 1060 3909 aeqrro
1080 3845 1183 3913 positis
1200 3842 1259 3897 mire

293 3935 427 3989 ruariorum
447 3931 463 3990 t'
470 3953 503 3988 τε
523 3937 572 3989 τοῦ
591 3932 732 4002 ἀδελφεοῦ
749 3977 755 3990 .
776 3976 783 3989 .
804 3976 810 3989 .
830 3933 971 4003 ἀποτάμοι
989 3934 1041 4004 τὴν
1059 3935 1258 4007 κεφαλήν...

293 4020 347 4078 ὅτι
367 4068 372 4079 .
393 4067 399 4080 .
420 4068 426 4081 .
446 4027 632 4083 καταλύσειε.
653 4069 659 4080 .
679 4067 686 4085 .
706 4027 755 4083 τὸν
773 4026 865 4088 νέκυν,
886 4034 914 4083 et
931 4035 1045 4097 propter
1066 4030 1260 4086 mendosam

292 4124 320 4171 et
347 4127 458 4190 propter
483 4121 607 4190 regulam
635 4121 664 4174 in
692 4121 800 4191 syntaxi
828 4137 890 4178 mea
913 4119 1260 4190 Graeca§182anot.l
