2678 5016
232 278 273 340 94
589 275 650 332 Lib.
669 276 718 333 VI.
735 274 803 346 Cap.
816 277 855 333 11.

191 477 360 559 aequalibus
373 475 503 548 bivium,
527 473 619 539 cessit
639 476 824 558 pervagatae,
850 474 1049 560 additumque
1071 479 1120 542 est
1134 477 1174 542 ad
1187 495 1257 544 ver-

192 600 262 646 sum
283 581 470 647 fulciendum
489 599 559 663 que.
613 579 679 643 Iam
699 579 799 658 foleus
821 582 870 646 est
910 582 1053 666 deeeptus
1081 603 1160 649 rene
1187 603 1257 667 spe-

192 687 246 759 cie,
270 703 329 768 quo
350 685 526 769 significatu
547 682 651 767 posuit
668 684 830 751 Terentius
851 686 930 752 Eun.
946 688 986 765 II,
1011 688 1040 763 2,
1063 688 1104 751 43
1123 686 1256 769 '(274)¹).

292 789 360 868 XV,
385 788 457 868 270,
480 789 557 854 271:
738 858 739 861 ,

327 895 389 960 Hic
410 896 507 961 sontes
529 896 640 961 natura
661 914 755 960 novos
777 896 890 977 emisit,
913 900 947 964 at
967 897 1032 963 illic

327 1000 448 1077 elausit,
471 1003 503 1067 et
523 1002 658 1085 antiquis
680 1005 745 1067 tam
768 991 867 1066 multa
888 1004 1070 1070 tremoribus
1095 1004 1178 1070 orbis
1201 1010 1216 1061 ’.

327 1106 456 1188 flumina
476 1108 638 1191 prosiliunt
659 1111 713 1173 aut
734 1108 885 1184 excaecata
906 1108 1055 1175 residunt.

195 1214 397 1291 Scribendum
419 1232 487 1279 esse
519 1214 639 1298 antiqui
663 1215 800 1280 Betanrs
833 1213 943 1296 aliquis
960 1217 1131 1297 'superioris
1153 1215 1260 1280 saeculi

194 1319 362 1396 intellexit;
397 1338 469 1384 nam
501 1320 583 1385 orbis
614 1322 753 1384 vetustas
785 1320 833 1384 est
864 1322 896 1384 et
930 1321 1062 1399 saecula,
1102 1340 1162 1386 non
1194 1322 1259 1386 tre·

194 1443 331 1503 morum3
353 1429 438 1491 recta
460 1427 563 1491 omnia
584 1429 682 1502 erunt,
703 1444 764 1490 una
785 1428 934 1514 preterea
955 1427 1059 1491 littera
1079 1430 1216 1493 mutata:

345 1535 377 1596 et
398 1531 519 1615 antiqui
537 1532 601 1594 iam
623 1531 723 1596 multa
745 1531 928 1596 tremoribus
951 1530 1034 1597 cibis

346 1630 473 1702 flumina
494 1637 656 1721 prosiliunt
676 1638 731 1702 ant
751 1627 903 1703 excaecata
922 1637 1071 1703 residunt.

296 1740 382 1807 Inter
410 1762 447 1808 se
482 1744 656 1815 referuntur
677 1744 797 1827 antiqui
819 1748 851 1813 et
872 1743 936 1805 iam
964 1746 1080 1823 (nunc).
1125 1742 1175 1821 (V.
1198 1742 1259 1804 322

196 1845 323 1930 vulgare
350 1847 498 1913 mendum
528 1849 680 1916 codicibus
703 1849 821 1932 aliquot
848 1850 1056 1933 preeuntibus
1078 1848 1261 1929 bollandum,

130 1978 136 1985 ·
196 1952 232 2013 ut
253 1951 417 2017 scribatur:
469 2018 472 2024 ,
923 2000 925 2005 ¹
1154 1952 1157 1958 ‘

329 2057 472 2123 olicino
495 2059 677 2144 quicumque
699 2061 785 2128 sitim
807 2061 845 2126 de
866 2060 952 2128 fonte
974 2061 1089 2136 beavit,

347 2165 419 2229 rina
440 2162 520 2250 'fugit
540 2167 715 2250 gaudetque
737 2169 831 2234 meris
852 2169 1020 2235 abstemius
1041 2166 1143 2244 undis,

197 2284 257 2332 non
283 2268 419 2345 boemi.)
461 2269 463 2274 ’

298 2374 367 2453 XV,
389 2375 465 2440 364:

335 2482 506 2565 Iquoque‚
543 2483 677 2549 deiectos
713 2484 778 2561 (all.
816 2485 903 2550 codd.
940 2483 1076 2563 dabone
1112 2485 1264 2550 mactatos

930 2591 1023 2656 obrue
1044 2595 1162 2666 tauros;

333 2694 458 2777 cognita
477 2713 527 2760 res
550 2714 623 2760 usu:
646 2695 684 2760 de
705 2695 788 2779 putri
809 2696 927 2761 viscere
949 2694 1067 2777 passim
1155 2711 1159 2718 ·

333 2798 494 2884 Florilegae
517 2803 682 2867 nascentur
703 2820 786 2884 apes.

302 2901 399 2969 Recte
421 2923 440 2971 e
462 2905 600 2989 pluribus
622 2907 811 2973 intellectum
843 2909 912 2982 est,
948 2923 1007 2971 non
1040 2902 1141 2968 solum
1173 2913 1266 2982 praue

200 3105 397 3117 m«-

230 3241 252 3310 ¹)
272 3246 378 3313 Vereor,
398 3264 440 3314 ne,
459 3248 483 3302 si
502 3264 555 3303 uuo
573 3250 602 3304 in
620 3249 678 3304 loco
696 3263 810 3303 errorem
830 3263 916 3316 nuper
932 3245 1105 3300 commissum
1123 3239 1181 3296 sine
1198 3254 1269 3293 nors

273 3340 458 3395 emendatione
476 3342 619 3412 corrigam,
645 3339 766 3405 infinite,
791 3356 850 3409 qne
869 3338 1061 3419 pretermitto,
1086 3332 1200 3404 probare
1219 3333 1270 3387 ant

271 3431 441 3489 mediocriter
459 3433 716 3505 improbarevidear.
754 3431 815 3486 Non
834 3449 942 3503 possum
960 3435 1052 3487 brnen
1070 3431 1167 3493 tacere,
1186 3440 1270 3495 quum

272 3512 395 3590 admirer,
413 3528 442 3582 in
461 3528 592 3583 facillima
609 3544 637 3582 re
655 3530 685 3583 ln
701 3527 782 3581 huius
799 3525 863 3580 libri
880 3543 905 3580 v.
925 3526 959 3580 73
976 3540 1024 3594 pro
1038 3524 1124 3586 arcet,
1145 3517 1218 3590 qnod
1235 3515 1270 3573 ab

272 3618 385 3676 Heinsio
402 3622 561 3676 restitutum
580 3621 662 3675 ceteri
685 3623 838 3685 tenuerant,
866 3620 1019 3673 revocatum
1044 3631 1100 3672 esse
1119 3616 1209 3680 arquis,
1238 3612 1272 3664 ut

275 3713 378 3769 dicatur
396 3714 563 3786 Pythagoras
591 3713 692 3784 primus
716 3713 903 3778 insimulasse,
928 3710 962 3766 ab
980 3707 1136 3765 hominibus
1164 3704 1270 3761 animn-

273 3805 310 3860 lin
328 3807 427 3861 mensis
446 3808 555 3877 imponi.
593 3808 631 3861 Et
656 3809 745 3861 umen
764 3806 832 3870 XII,
862 3806 913 3861 427
938 3803 1019 3858 iidem
1048 3800 1184 3857 scribunt:
1218 3817 1272 3866 quoe

275 3902 366 3951 clamor
392 3902 440 3952 ad‘
454 3920 524 3952 arares
552 3903 631 3952 arcuit
657 3903 691 3951 ire
718 3920 788 3954 eneae
839 3896 918 3968 Apud
945 3897 1067 3952 Tacitum
1096 3894 1180 3948 etium
1208 3907 1269 3946 ann.

274 3991 326 4054 Ill,
346 3996 379 4047 72
398 4008 451 4047 non
471 3992 565 4059 deerit,
585 3993 631 4063 qui
650 4004 765 4060 arquerct
782 4008 829 4061 pro
847 4002 960 4044 arcuerat
977 4006 993 4044 a
1011 3987 1102 4059 Lipsio
1120 3985 1210 4057 posito
1229 4000 1270 4039 re·

274 4087 356 4151 vocet,
375 4086 430 4140 alia
451 4084 590 4154 promendi
607 4084 711 4154 ingenii
729 4084 841 4140 mebris
862 4083 1011 4139 deficiente.
