2678 5016
461 657 544 714 Varro
561 658 595 714 do
612 658 712 757 ¹:1³¹*
1019 661 1078 725 167

55 856 151 940 liugan
172 856 288 921 latina
303 855 519 922 excluduntur.
552 855 642 920 Alius
664 855 928 939 saucaeqaabilius
949 860 1120 942 posuisset:

57 972 143 1037 aco,
166 982 239 1045 qaae
258 960 346 1044 apati
365 962 516 1044 poctaastl
1023 983 1025 987 ’

152 1067 222 1132 Ibd.
252 1086 282 1149 p.
304 1067 344 1130 7:
378 1066 427 1131 ab
458 1085 498 1131 co
524 1084 644 1149 praeco
670 1065 814 1130 dicitur
833 1067 980 1142 looarc,
1018 1069 1120 1151 quod

57 1190 174 1255 usqua
200 1171 242 1236 id
270 1173 382 1247 amit,
417 1169 537 1254 quoad
569 1171 607 1235 iu
635 1158 771 1252 aliona
808 1171 1001 1238 consistit
1028 1191 1120 1256 pro·

57 1278 160 1344 tium.
205 1277 312 1341 Praeco
346 1295 408 1341 nou
442 1276 533 1353 cmit;
569 1275 607 1341 id
642 1294 702 1341 non
733 1275 835 1353 habat,
867 1294 925 1360 quo
956 1276 1117 1343 referatur.

59 1380 211 1464 Scriptum
232 1381 307 1446 olim
334 1382 416 1447 crat:
453 1382 555 1466 quod
586 1399 706 1463 usquo
736 1381 872 1458 demit,
905 1381 1027 1463 quoad
1061 1385 1119 1447 oct

60 1484 158 1551 Praeco
188 1485 223 1549 iu
248 1485 378 1551 locando
409 1505 428 1550 a
449 1488 565 1552 maiora
586 1489 683 1569 pretio
706 1484 874 1561 descondit,
905 1486 1001 1551 douac
1022 1485 1066 1553 au
1087 1474 1141 1552 id‘

59 1594 238 1673 acmantum
273 1594 330 1668 cst,
362 1610 422 1674 quo
455 1593 523 1675 quia
552 1593 719 1658 conlucare
750 1590 834 1656 velit.
879 1590 991 1672 (Dap.
1014 1589 1034 1650 9
1056 1588 1119 1654 uid.

60 1714 154 1779 opusc.
178 1693 267 1760 acad.
289 1696 321 1760 ll
342 1717 371 1780 p.
395 1697 457 1761 222
478 1705 522 1776 n.)

153 1800 223 1866 lbd.
247 1821 277 1884 p.
303 1802 357 1865 14:
380 1802 476 1867 Huic
497 1807 682 1879 noctura,
704 1802 768 1885 qui
789 1801 954 1867 ratibus
978 1803 1121 1866 traus-

62 1906 188 1983 ibaut,
231 1907 433 1989 quadrans.
480 1908 576 1974 Scrib.
618 1906 717 1985 Hac,
753 1917 927 1985 nectara,
964 1904 1028 1988 qui
1059 1921 1123 1969 ra·

61 2011 159 2075 tibus
192 2013 431 2089 transibant,
471 2014 680 2096 quadrans,
712 2011 745 2077 id
770 2014 826 2085 cst,
849 2012 976 2075 noctura
995 2009 1045 2087 iis,
1068 2006 1121 2090 qui

61 2114 169 2181 luctu.
217 2115 399 2218 (Muellerus
422 2120 697 2195 reclamatum,
734 2118 766 2181 iu
789 2116 899 2181 ceteris
919 2116 1011 2198 longa
1032 2114 1121 2179 abar-

62 2222 158 2291 ravit)

2 2311 3 2314 ¹
156 2325 224 2390 Ibd.
248 2345 277 2408 p.
300 2325 495 2406 focodiccs:
532 2327 764 2415 coniunctus
786 2328 916 2401 tarrac,
946 2325 1009 2389 ubi
1045 2341 1123 2388 om·

62 2431 331 2503 oiaoriautur,
365 2414 400 2494 ri
422 2431 666 2509 oboriuntur,
702 2447 876 2513 quorum,
910 2426 1007 2510 quod
1028 2427 1124 2492 finis

63 2539 183 2599 ortum
216 2536 327 2598 ortus
363 2534 503 2609 dictus,
537 2555 554 2600 c
586 2537 697 2618 quibus
719 2534 866 2599 eflicitur:
900 2533 964 2597 ubi
997 2530 1125 2596 omnia

62 2641 258 2716 criuntur,
296 2639 360 2703 ubi
400 2639 641 2714 aboriuntur,
688 2657 848 2723 quorum
887 2636 984 2721 quod
1027 2634 1122 2699 finis

61 2755 224 2820 ortuum,
247 2762 358 2808 orcus
382 2744 518 2808 dictus.
564 2744 720 2820 (Alterum
743 2745 807 2808 ubi
829 2741 903 2808 Alii
927 2743 992 2817 ost,
1013 2757 1133 2804 orcus

60 2848 214 2919 lumeni.)

156 2954 227 3020 Ion.
257 2954 313 3017 21:
357 2955 412 3017 Ab
438 2972 493 3031 oo,
530 2955 627 3037 qnod
660 2953 765 3038 iguis
800 2956 958 3034 proptor
993 2949 1125 3031 splen·

61 3058 185 3124 doram
207 3059 349 3143 fulget,
373 3061 409 3124 ct
429 3058 560 3142 fulgor
592 3062 630 3123 oi
650 3058 798 3123 fulmcu
831 3058 871 3122 ot
891 3052 1123 3139 fulguritum

61 3163 161 3242 (codd.
183 3163 336 3247 fulgur),
360 3163 455 3246 quod
483 3163 648 3229 fulmine
669 3163 787 3229 ictum
810 3159 1026 3228 contrariis
1048 3156 1122 3222 dis.

59 3268 205 3334 haema
226 3269 285 3332 duo
306 3268 400 3333 verba
419 3269 522 3351 iucptc
543 3268 707 3335 adhaerent.
745 3266 947 3332 Scribonium
971 3265 1003 3328 cl
1024 3259 1122 3328 oratio

61 3373 278 3457 distinguenda
299 3373 360 3438 sic:
395 3373 497 3456 quod
523 3372 685 3438 fulmina
706 3371 833 3437 ictum.
891 3371 937 3432 Ia
959 3370 1123 3434 contra·

59 3479 135 3544 riis
159 3478 221 3542 dis
242 3479 287 3544 ab
311 3496 414 3563 aquae
436 3480 550 3561 lapsu
581 3478 738 3543 lubrico
761 3476 944 3562 Lympha.
1003 3475 1053 3537 Ab
1075 3471 1124 3537 dis

60 3603 127 3648 cum
164 3584 235 3667 igne
269 3586 437 3651 coniunctis
466 3584 597 3650 transire
627 3601 661 3647 sc
681 3583 779 3648 Varro
803 3581 959 3665 siguificat
989 3579 1030 3644 ad
1051 3594 1125 3642 con-

59 3689 171 3754 trarios
193 3706 263 3753 cum
294 3706 373 3770 aqua
395 3689 584 3755 coniunctos.
629 3687 669 3750 Ia
700 3688 875 3771 propositio
897 3686 1021 3768 ponitur
1053 3700 1124 3746 cum

61 3812 95 3860 aa
132 3795 236 3878 spacia
271 3794 425 3876 partitiva
458 3795 702 3878 significationis,
733 3792 771 3858 dc
802 3810 863 3874 qna
895 3789 957 3855 dixi
988 3787 1028 3853 ad
1060 3785 1123 3850 (lin.

61 3898 95 3965 lc
116 3899 171 3964 liu.
196 3900 250 3973 IV,
275 3898 314 3960 75
335 3918 365 3981 p.
388 3899 450 3960 594
472 3899 519 3963 od.
542 3899 583 3962 ll.
1023 3891 1025 3893 ’

89 4151 110 4215 ¹)
128 4150 158 4203 P.
187 4146 522 4218 ammonariam
542 4146 647 4200 Horma
675 4144 729 4199 rol.
758 4143 786 4197 ll
812 4158 838 4211 p.
858 4143 910 4198 247
929 4138 1010 4195 scribi
1029 4138 1124 4191 iussit:

131 4241 304 4300 scicntia,
333 4242 368 4291 at
393 4239 604 4308 opinionem,
636 4235 709 4289 idom
737 4236 801 4287 autc
819 4231 922 4285 multos
940 4246 1024 4285 anuos
1042 4243 1126 4282 auno·

130 4333 218 4386 latum
246 4345 308 4383 cum
328 4328 471 4398 Spaugclio
498 4328 762 4386 communicaveram,
788 4327 821 4378 ut
837 4323 926 4376 multa
943 4337 975 4376 cx
992 4321 1036 4387 iia,
1067 4334 1127 4387 qun

133 4422 175 4477 hic
191 4422 252 4478 cdo.
