2662 5062
440 702 746 762 LSenecadsbenet
959 752 961 757 .
1023 704 1084 768 407

49 921 120 969 non
143 901 247 968 habet
300 903 371 986 lpse
392 904 498 968 autem
519 900 709 970 Marianus
731 921 823 987 quam
847 904 889 970 sit
915 905 978 971 iam
1000 905 1127 972 mando·

55 1025 122 1083 ans,
148 1007 251 1092 prima
270 1006 365 1091 primi
395 1006 467 1073 libri
500 1009 643 1092 periodus
671 1008 807 1074 ostendit
838 1009 952 1092 (nihil
981 1029 1127 1095 prope·

59 1112 234 1188 modum,
277 1113 339 1178 vir
380 1115 522 1195 optimo
567 1114 776 1191 Liberalis,
818 1112 983 1181 dixerim
1028 1115 1128 1200 quod

61 1215 265 1286 benelicia
287 1220 369 1298 cat),
391 1221 504 1287 omisso
525 1218 573 1284 bie
597 1219 699 1285 uerbo.
742 1220 845 1304 Atque
864 1222 923 1288 hoc
942 1222 1045 1306 ipsum
1066 1241 1128 1289 nen

63 1341 233 1407 prucorum
253 1324 391 1391 locorum
413 1324 632 1391 correctionem
654 1325 803 1391 incertam
825 1326 907 1405 facil,
943 1328 1023 1411 quod
1044 1327 1129 1394 cxci·

59 1429 147 1496 disse
168 1431 264 1496 rerba
283 1431 456 1513 potuerunt
508 1430 544 1494 In
576 1430 633 1495 tali
654 1430 860 1497 instrumento
881 1433 980 1498 multa
1001 1433 1129 1516 praestat

59 1534 183 1600 intacta
212 1535 384 1619 relinquere
411 1535 454 1611 (in
484 1534 602 1601 edendo
623 1535 755 1602 fortasse
776 1539 896 1616 notare)
918 1556 1010 1620 qnam
1034 1538 1129 1602 corri-

59 1631 159 1726 gendi
190 1642 304 1706 conatu
330 1629 492 1726 attingere.
536 1641 643 1724 Neque
665 1640 748 1706 enim
770 1644 847 1708 mihi
869 1641 1046 1726 persuadeo,
1070 1642 1126 1708 Se·

54 1763 175 1813 nocam
207 1746 245 1811 dc
274 1744 373 1810 bensl.
397 1745 428 1823 Ι,
463 1745 498 1823 2,
534 1746 723 1812 tellicio
750 1746 934 1829 appellasse,
968 1766 1034 1831 qnae
1056 1746 1128 1813 ieris

49 1852 261 1935 praetentus,
283 1851 338 1915 aut
357 1851 432 1925 Vll,
468 1848 506 1926 8,
535 1850 555 1913 2
580 1851 761 1936 scripsisse:
789 1855 826 1917 et
848 1853 999 1919 ceteros
1021 1873 1129 1938 mag·

54 1975 132 2023 nos
155 1956 308 2041 quidem
330 1957 449 2032 viros,
477 1957 643 2023 maiores
676 1956 847 2041 quidem.
875 1957 963 2041 quia
984 1958 1023 2022 in
1045 1959 1128 2024 lau·

49 2062 145 2128 dem
167 2064 414 2129 vetustorum
447 2061 595 2126 invidia
627 2079 699 2128 non
729 2062 875 2139 obstat,
907 2063 966 2127 etsi
987 2062 1031 2126 ibi
1051 2063 1128 2128 satis

52 2168 184 2233 confido
215 2169 301 2251 prins
322 2167 493 2251 quidem,
526 2167 605 2250 quod
627 2174 690 2250 per·
709 2185 744 2233 se
765 2165 931 2233 absurdum
965 2170 1028 2243 est,
1067 2187 1128 2235 non

53 2273 166 2338 solum
189 2274 228 2338 ob
249 2270 594 2356 alterum„simpliciter
614 2271 785 2338 tollendum
807 2291 894 2347 esse,
923 2291 942 2337 a
963 2273 1128 2341 maiores

56 2378 104 2444 ad
126 2396 284 2461 magnos
310 2378 494 2443 translatum
524 2379 568 2455 (et
589 2377 684 2442 simul
705 2377 918 2444 scribendum:
939 2378 976 2443 in
1000 2377 1129 2471 laada,

58 2484 120 2551 hoc
145 2485 206 2565 cet,
228 2503 300 2549 cnm
320 2482 500 2557 laudantem
535 2483 668 2567 alioquin
690 2483 798 2548 laudi
820 2483 1027 2562 scriberetur).

165 2590 212 2657 lle
233 2588 395 2658 beneflciis
416 2589 469 2654 lib.
493 2589 516 2668 l,
539 2588 569 2666 3,
593 2587 629 2653 3:
672 2589 756 2654 Alii
791 2589 899 2667 (videri
920 2589 1027 2654 volunt
1049 2596 1129 2665 esse)

62 2695 351 2762 beneficiorum
382 2694 462 2759 tria
495 2712 653 2778 genera,
690 2694 1010 2776 promerentium,
1042 2691 1130 2757 red·

65 2800 253 2880 dentium,
286 2799 400 2865 simul
427 2802 464 2864 at
497 2797 778 2882 accipientium
807 2801 843 2865 et
872 2797 1129 2864 reddentium.

66 2903 166 2972 Nemo
186 2923 322 2990 unquam
346 2905 534 2978 urceorum,
555 2922 685 2987 quorum
706 2903 757 2969 hic
779 2903 817 2968 de
829 2903 947 2970 Gratiis
968 2905 1130 2970 sententie

69 3012 269 3095 exponuntur,
303 3011 452 3076 beneficia
485 3010 709 3093 promerentis,
746 3008 935 3091 accipientia,
970 3008 1130 3075 reddentia

69 3114 172 3192 finxit3
193 3115 453 3200 beneficorum
463 3114 519 3179 illa
528 3116 734 3198 generasunt,
747 3133 875 3199 quorum
891 3115 943 3179 alii
954 3130 1131 3199 promeren-

68 3222 124 3300 tur,
158 3222 213 3286 alii
235 3220 384 3286 beneficia
404 3220 550 3294 reddunt,
582 3220 635 3284 alii
662 3219 755 3286 simul
778 3222 810 3284 et
831 3221 987 3303 accipiunt
1008 3221 1041 3284 cl
1061 3219 1131 3285 red·

69 3324 152 3394 lunt.
200 3327 294 3391 Paulo
325 3327 397 3409 post
428 3325 463 3412 (ᾗ
496 3324 529 3408 5)
565 3326 699 3408 proxime
729 3324 770 3391 ad
803 3323 912 3390 Narar.
948 3329 979 3390 et
1013 3327 1130 3391 ceteros

2 3447 4 3471 ⁵
70 3434 211 3497 meliores
236 3431 432 3496 scribendum
459 3433 521 3495 est:
564 3429 610 3491 In
641 3451 679 3493 eo
707 3430 829 3513 (choro,
863 3451 919 3513 pro
951 3430 1049 3507 idco)
1073 3434 1131 3497 est

69 3534 198 3621 aliqua
229 3541 364 3602 tamen
400 3535 561 3601 maioris
595 3537 732 3613 (sororis,
775 3536 903 3617 Gratia)
936 3519 1128 3619 dignatio,

1 3648 3 3663 ’
70 3642 168 3708 sicut
189 3643 502 3725 promerentium.
547 3641 690 3708 Voltus
712 3641 831 3706 hilari
856 3643 962 3716 sunt,
994 3641 1130 3725 quales

69 3749 194 3814 solent
231 3767 332 3822 ease,
372 3748 434 3831 qui
466 3748 563 3813 dant
596 3746 654 3812 vel
697 3746 895 3830 accipiunt
928 3747 1130 3812 beneficia

72 3853 139 3929 (Hic
175 3853 300 3918 domum
333 3854 512 3937 explicatur,
548 3870 602 3918 cur
634 3851 770 3917 ridentes
803 3851 919 3918 Gratiae
951 3851 1129 3936 fingantur.)

71 3957 210 4027 musmo
244 3960 342 4043 capite
371 3959 437 4040 (10)
464 3956 659 4024 scribendum
688 3959 750 4025 est:
776 3975 844 4023 neu
877 3956 963 4022 illis
995 3956 1131 4022 fraudi

72 4068 140 4139 est,
163 4065 195 4132 si
218 4064 331 4128 aliud
351 4065 490 4148 (nomen)
512 4065 551 4129 in
574 4082 728 4130 censum
751 4061 987 4128 detulerunt.

166 4171 233 4237 Ibd.
258 4170 306 4246 10,
337 4171 375 4237 5:
418 4170 625 4256 Tanquam,
656 4170 686 4234 si
721 4169 827 4234 lilios
861 4167 979 4234 alicui
1007 4166 1130 4232 resti·

75 4272 336 4360 tuerepotero
357 4295 496 4362 magno
520 4275 712 4359 periculo·
730 4273 922 4339 liberatos
945 4272 1028 4337 sinc
1050 4271 1130 4337 ullo

77 4395 164 4460 meo,
185 4400 255 4447 nou
276 4381 476 4448 dubitabo.
520 4381 556 4446 ln
578 4381 627 4449 hia
648 4379 733 4446 nulla
755 4380 803 4444 est
824 4378 1008 4463 significatio
1031 4377 1131 4444 homi·

80 4483 119 4549 nis
149 4487 295 4553 beneficio
326 4487 446 4572 indigni
481 4488 513 4553 et
545 4486 659 4572 ingrati
680 4485 791 4563 futuri,
811 4502 896 4561 -nec,
929 4502 983 4549 cur
1015 4483 1153 4578 Seneca,
