2656 5056
269 274 331 337 542
627 273 847 343 uinunucep
857 273 905 329 VI.

229 472 400 539 Gronovius
421 475 505 538 recto
525 475 558 537 et
586 472 718 556 simplici
749 471 859 537 iudicio
888 472 1133 551 correxerintb,
1167 478 1199 540 et
1222 474 1280 539 alibi

227 579 349 664 magnis
385 597 421 644 ac
442 579 615 645 temerariis
649 579 856 645 moliminibus
884 578 1010 652 tenum,
1046 598 1116 663 quae
1149 581 1195 646 illi
1214 580 1279 645 leoli

228 690 260 751 et
281 688 365 752 recta
387 686 505 751 ratione
528 684 779 768 expediverint²l

328 793 364 857 ln
396 791 560 858 annalium
593 792 671 858 libro
702 791 803 874 primo
830 789 905 853 nihil
926 789 993 864 est,
1026 793 1109 874 quod
1131 793 1278 877 proferam,
1308 815 1309 819 ¹

228 898 356 982 propria
379 898 609 965 emendationis.
653 895 763 980 ltaque
783 895 927 979 incipiam
948 896 989 961 ab
1308 912 1309 975 j

327 1006 394 1069 Lib.
432 1003 463 1068 ΙΙ
495 1022 520 1069 c.
555 1002 586 1080 8,
618 1003 671 1068 ubi
702 1005 733 1067 in
761 1001 876 1079 codice,
908 1020 967 1085 quo
1004 1021 1066 1067 uuo
1094 1005 1220 1081 utimur,
1247 1005 1280 1068 ila

229 1111 389 1177 scribitur:
435 1108 585 1175 Classis
623 1109 780 1173 Amisiae
820 1107 983 1183 relicta,
1025 1109 1126 1175 laero
1172 1129 1308 1184 amne,

227 1219 479 1299 erratumque
499 1217 536 1281 in
568 1234 624 1293 eo,
653 1214 757 1298 quod
794 1233 865 1279 non
897 1213 1084 1279 subvexit
1116 1219 1279 1299 transpo

227 1323 312 1387 suit
350 1326 443 1400 (recte
475 1323 656 1388 recentiores
688 1322 794 1386 subv.
825 1323 891 1385 ant
926 1323 1097 1404 transp.)
1124 1322 1278 1386 militen
1309 1328 1310 1331 ’

227 1429 388 1494 dextras
411 1429 447 1493 in
470 1431 597 1494 terras
618 1429 772 1493 iturum.
827 1426 932 1511 Neque
954 1427 1027 1491 ferri
1049 1427 1210 1493 Amisia
1230 1446 1279 1491 re·

188 1522 191 1530 ’
226 1534 325 1599 lictu
346 1537 448 1618 potest
469 1537 501 1600 et
522 1534 668 1600 violenter
690 1532 809 1598 tollitur
831 1533 991 1598 Amisiae.
1036 1534 1188 1600 Retracta
1208 1552 1278 1609 voce,

228 1660 295 1724 quae
318 1644 441 1723 propter
472 1641 511 1706 re
544 1658 673 1724 sequeus
699 1639 819 1714 excidit
851 1639 1045 1704 scribendum
1070 1646 1137 1706 est:
1183 1642 1278 1706 Clas·

228 1749 283 1814 sis
305 1746 464 1812 Amisiae
500 1768 565 1810 ore
586 1746 748 1824 relicta,
786 1746 879 1811 laevo
901 1764 1020 1823 amne,
1041 1747 1083 1811 ad
1106 1749 1277 1813 sententian

228 1852 398 1935 aptissime.
453 1853 623 1937 Dupliciter
656 1858 789 1918 erratum
824 1854 881 1932 est,
913 1851 991 1934 quod
1026 1852 1277 1919 Germanicnsin

227 2080 422 2091 ——-—..-—

255 2229 277 2294 ¹)
296 2230 456 2287 Huiusmodi
475 2214 529 2293 eet,
559 2235 589 2286 ut
607 2232 724 2302 singulis
751 2247 782 2285 ex
805 2231 943 2285 annalium
965 2232 995 2285 et
1019 2230 1202 2293 historiarum,
1212 2231 1278 2286 libris

297 2323 424 2393 exemplis
443 2328 471 2378 et
488 2325 666 2395 apertissimis
688 2324 820 2395 defungar
845 2327 918 2389 (ntor
940 2323 1011 2377 eninr
1029 2325 1190 2380 nominibus
1208 2324 1278 2380 trm·
1325 2345 1326 2349 ¹

178 2424 181 2430 '
297 2416 389 2483 ciclis),
417 2419 553 2472 retentum
582 2418 610 2472 in
635 2433 697 2473 nnn.
720 2417 794 2478 xlv.
819 2419 867 2474 15:
894 2432 970 2486 pars
999 2417 1145 2485 ingenio
1170 2433 1278 2487 proca·
1327 2448 1328 2453 κ

226 2514 230 2521 '
295 2525 364 2575 ces,
392 2510 456 2564 alii
484 2511 518 2564 in
546 2527 605 2581 spe
630 2512 810 2581 potentin,
838 2526 897 2566 cum
915 2510 970 2564 ism
988 2509 1130 2565 uolumine
1148 2510 1278 2573 monuerit

295 2604 444 2659 certissimo
471 2620 521 2658 usu
556 2603 725 2659 scribendum
757 2619 813 2659 esse
843 2610 876 2658 lu
911 2623 993 2671 spem
1028 2604 1193 2672 potentiue
1223 2600 1278 2670 (rid.

295 2713 383 2766 opusc.
402 2695 476 2752 acad
495 2697 508 2750 1
527 2713 552 2768 p.
573 2700 624 2754 168
642 2701 670 2751 et
688 2700 747 2759 169.
766 2696 813 2751 ubi
830 2697 916 2768 ipsius
934 2695 1020 2751 Taciti
1039 2695 1068 2749 in
1087 2696 1140 2751 beo
1156 2697 1214 2767 ipsa
1230 2694 1277 2766 spei
1327 2736 1328 2741 κ

297 2806 359 2845 voce
378 2790 432 2843 tria
449 2789 569 2860 exempla
598 2791 676 2860 posui
703 2790 855 2860 similiaque
873 2790 960 2845 mulla
978 2791 1154 2858 comparari),
1181 2788 1275 2844 tnmin

294 2883 357 2937 bist.
377 2882 429 2948 Ill,
447 2884 493 2938 41:
523 2881 611 2952 apud
643 2882 761 2939 avidos
789 2882 1016 2953 periculorum
1047 2885 1082 2937 et
1109 2881 1275 2955 dedecoris

294 2992 435 3031 securos
462 2975 495 3030 de
526 2975 659 3031 militibus
687 2977 813 3048 pudorem
844 2980 871 3031 et
899 2975 975 3030 ducis
1002 2978 1180 3031 reverentiam
1207 2972 1274 3029 facile
1327 2994 1328 2998 ¹

293 3070 413 3124 exuturis
439 3085 487 3124 nec
506 3070 648 3140 quicquum
666 3069 700 3124 ad
718 3068 811 3124 ducem
830 3067 1024 3123 defendendum
1041 3070 1156 3135 unsaris,
1186 3080 1273 3138 qnosn

293 3163 385 3218 Tacito
415 3163 552 3231 pavido·
588 3162 819 3232 periculorum
862 3162 1010 3232 appellatos
1044 3162 1128 3216 fnisse
1166 3162 1271 3217 numu

292 3256 371 3321 vidit,
393 3261 424 3311 nt
443 3255 675 3311 offensionum
694 3255 837 3325 pavidus
855 3256 956 3310 dicitnr
973 3270 1034 3310 nnn.
1054 3254 1101 3321 Ν,
1120 3259 1163 3320 38,
1181 3248 1269 3309 nandi

292 3348 356 3404 bist.
375 3349 407 3415 V,
426 3351 469 3405 14.

250 3452 272 3520 ¹)
292 3453 421 3525 Exemplo
439 3454 478 3508 sit
497 3452 714 3509 incredibilis-et
731 3452 904 3523 transpositio
916 3454 952 3531 et
969 3453 1085 3513 mutatio
1103 3456 1132 3508 et
1150 3447 1265 3511 enarretil

291 3546 449 3617 Nipperdeii
467 3547 555 3602 annal.
573 3547 645 3613 XIV,
678 3549 702 3612 7,
730 3546 777 3615 ubi
795 3549 865 3602 recte
884 3545 1010 3601 Halmius
1027 3547 1151 3602 Pichenre
1168 3543 1262 3600 amioum

291 3642 397 3696 secutus
416 3644 464 3707 est,
484 3641 560 3711 sequi
578 3641 660 3695 etiam
674 3639 829 3695 Oberlinnm
848 3638 963 3694 debebat
981 3655 1035 3695 una
1053 3640 1147 3697 littera
1163 3635 1262 3693 demet·

290 3733 464 3789 scribentem:
496 3735 663 3789 incertum
690 3749 729 3788 au
753 3737 785 3788 et
803 3737 881 3789 ante
898 3749 1035 3805 gnaros2
1059 3734 1131 3804 quod
1149 3722 1260 3787 saurentii

289 3832 318 3882 et
335 3832 457 3897 apertum
477 3826 616 3897 particula
635 3829 668 3880 et
687 3827 815 3882 indicium
833 3828 960 3897 postulat
993 3827 1096 3882 Ritteri
1115 3827 1173 3897 (qui
1190 3827 1259 3878 tamen

288 3920 317 3973 iu
336 3919 462 3976 hocloco
489 3921 612 3976 veritatis
631 3937 709 3977 seusu
728 3924 817 3976 motus
843 3937 884 3976 an
904 3923 939 3975 et
956 3922 1038 3976 ante
1056 3937 1120 3975 non
1139 3919 1263 3990 ignoro·

289 4014 393 4081 posuit)
421 4017 450 4068 et
471 4015 538 4070 alias
565 4015 720 4071 temerarias
750 4014 914 4069 coniecturas
941 4018 969 4069 et
993 4014 1150 4070 lacunarum
1176 4013 1264 4078 fingon·
1326 4031 1327 4034 ¹

289 4105 381 4160 darum
399 4105 536 4163 licentiam
554 4109 660 4164 omitto.
