2626 5070
922 542 932 577 i

350 711 380 765 1..
400 711 491 766 Senes.
511 712 544 765 sd
564 712 697 767 Marciam
961 712 1021 775 347

101 910 163 976 lbd.
188 911 218 985 5,
241 911 276 972 4:
310 909 493 974 Ultimum
526 909 633 975 illem
656 910 797 975 faciem
829 930 952 976 rerum
976 933 1065 996 pre·

19 1014 237 1080 misinlitem
253 1015 517 1098 quasiperum
536 1017 620 1098 ipse
644 1020 785 1097 per‘se
807 1016 966 1082 horrido
989 1021 1063 1092 sit,

19 1121 535 1204 quicquidpotes,eongeris.
580 1120 629 1185 Sic
667 1125 713 1198 A,
752 1121 959 1205 significetur,
992 1143 1062 1201 non,

19 1225 85 1302 qood
112 1227 229 1291 editur:
265 1227 302 1289 io
339 1224 462 1300 illem,
500 1227 628 1308 quasi,
661 1225 733 1291 sed:
757 1225 841 1301 itti,
878 1239 1060 1313 tanquam

19 1331 50 1388 st
69 1352 187 1414 perum
218 1334 278 1396 cet.
334 1329 385 1399 Sic
407 1333 545 1396 enimet
571 1331 692 1396 Seneca
714 1331 859 1396 dativum
877 1334 1062 1415 congerendi

19 1437 94 1503 verbo
112 1438 253 1521 adiungit
273 1436 413 1501 adHelv.
429 1437 477 1512 ll,
500 1438 530 1509 4,
552 1436 590 1500 de
610 1437 698 1501 clem.
723 1435 749 1512 1,
775 1438 823 1512 14,
846 1438 875 1513 2,
901 1439 939 1503 de
963 1440 1062 1504 benef.

19 1532 74 1615 VH,
94 1541 140 1615 31,
162 1543 183 1603 4
204 1544 237 1606 et
259 1542 423 1607 Suetonius
446 1541 517 1606 Ner.
543 1542 590 1606 19.
635 1541 675 1605 st
701 1542 764 1606 illi
785 1547 965 1626 tauquam
989 1549 1060 1622 (om.

19 1643 56 1717 si)
72 1649 99 1710 et
117 1653 236 1713 veteres
258 1647 375 1730 aliquot
396 1647 542 1713 editiones
565 1646 679 1712 habeut
702 1650 734 1712 et
754 1667 772 1712 a
796 1648 944 1714 (tresovio
971 1650 1062 1713 resti-

19 1748 101 1816 tunm
122 1755 286 1818 tenuerunt
306 1755 439 1819 editores
461 1756 532 1818 oute
556 1753 740 1817 Fickertum.
753 1754 776 1831 ¹)

101 1859 147 1943 De
167 1859 304 1925 tollendo
328 1879 353 1925 c.
376 1861 406 1938 9,
429 1861 447 1922 5
470 1858 605 1922 multis
627 1856 689 1921 diri
713 1859 770 1923 vol.
794 1860 813 1922 l„
831 1880 860 1942 p.
882 1858 934 1926 48.
973 1859 1062 1938 Quod

19 1955 111 2027 itidem
143 1963 414 2030 commendaturus
448 1956 550 2028 erum:
594 1982 751 2028 versum
786 1965 960 2048 dignum,
996 1968 1062 2049 qui

19 2079 76 2132 non
103 2089 118 2133 e
146 2070 301 2153 pulpito
331 2072 474 2147 exiret,
506 2070 636 2147 totidem
663 2069 777 2134 litteris
809 2071 933 2154 scripsit
954 2073 1061 2154 Haup-

19 2170 124 2251 tired]
144 2195 172 2258 p.
195 2176 240 2253 5).
295 2177 413 2250 Restat
435 2177 479 2250 ut,
504 2176 648 2257 quoniam
668 2194 721 2256 pro
745 2195 791 2247 eo,
815 2178 894 2259 quod
917 2180 943 2242 A
965 2179 1065 2252 tebet

19 2281 203 2359 (precedente
226 2289 248 2356 t)
270 2284 397 2346 terror
422 2281 585 2363 decipit,
624 2281 816 2346 scribendum
850 2302 917 2348 esse
952 2304 1064 2349 error

20 2379 144 2488 decipit
172 2387 342 2471 superiores
365 2388 497 2453 editores
519 2387 592 2450 ante
617 2386 699 2452 Fiok.
723 2394 753 2452 et
786 2389 838 2453 Η,
852 2407 956 2454 omnes
978 2394 1062 2455 recte

19 2484 142 2558 Pinciano
163 2492 366 2566 erediderunt,
389 2494 539 2558 addemus
554 2493 748 2574 perticulam,
770 2514 860 2578 quarn
878 2496 931 2560 ille
950 2496 1063 2560 adden·

20 2591 76 2660 dnm
93 2617 156 2663 esse
179 2617 241 2663 uon
262 2600 413 2665 attendit:
458 2600 573 2663 Error
602 2599 748 2682 decipit
769 2601 832 2665 hic
857 2612 888 2662 et
909 2602 1059 2665 effemi-

22 2704 85 2777 net,
105 2704 188 2768 dum
212 2705 304 2782 cet.²)

26 2861 101 2878 xxj

41 2944 55 3009 ¹)
73 2953 150 3008 Paulo
178 2956 243 3008 cute
270 2952 452 3032 rerpcendum,
484 2954 553 3023 quod
584 2954 700 3010 editores
727 2941 744 3011 ι’
775 2955 889 3011 Curione
920 2960 1062 3011 tenuerent

75 3050 132 3100 suto
160 3046 330 3100 distortum:
368 3061 429 3099 uon
463 3047 640 3102 convertis
669 3055 727 3118 (pro
755 3048 984 3109 convertisti)
1013 3051 1061 3113 te,

73 3140 131 3207 qnid
150 3155 221 3193 nuuc
249 3138 306 3192 fleri
326 3137 430 3198 debeat,
450 3137 550 3192 Seneca
567 3137 641 3195 dicit.
686 3140 782 3209 Cepite
809 3144 826 3195 6
850 3144 915 3193 extr.
935 3156 1060 3194 revocen-

73 3233 132 3288 dum
145 3250 177 3288 ex
194 3232 376 3301 superioribus
396 3230 561 3286 editionibus
579 3233 709 3287 clavum
727 3237 786 3302 (pro
803 3238 929 3296 nerem)
949 3237 1061 3288 teuen-

72 3330 134 3380 tem
153 3326 211 3390 tcsr.
232 3325 334 3392 chpt.
354 3322 383 3376 11
400 3339 424 3391 p.
446 3326 480 3389 7).
518 3323 582 3393 Cep.
602 3327 626 3390 t,
645 3327 662 3380 2
680 3325 818 3379 Fickertus
831 3328 901 3378 recte
920 3325 1062 3394 scripserat

71 3434 138 3475 cum
160 3461 166 3472 .
185 3461 192 3472 .
213 3457 220 3472 .
239 3417 420 3472 redieruut
442 3415 507 3472 trid.
526 3416 560 3471 ed
579 3421 672 3486 quest.
692 3421 748 3472 net.
776 3418 823 3493 IV,
850 3422 874 3482 2,
894 3420 953 3483 22),
989 3420 1060 3473 Heu·

68 3512 136 3566 sium
164 3512 227 3581 quie
257 3526 311 3564 non
347 3510 459 3563 miretur
494 3525 629 3565 revocasse
673 3509 858 3569 redierint,
896 3508 1059 3579 precedente

68 3605 214 3671 presertim
235 3619 307 3656 cum
328 3644 333 3656 .
358 3616 368 3655 .“
385 3642 390 3654 .
410 3605 620 3656 consectatio
639 3607 735 3669 sunt,
763 3606 890 3673 sequente
908 3620 978 3658 cum
1000 3646 1006 3658 .
1027 3645 1060 3659 ..

68 3694 442 3751 circumfremuerunt‘?
488 3677 526 3748 De
552 3712 573 3748 c.
592 3698 618 3757 8,
645 3695 763 3750 erudiit
788 3695 822 3749 od
848 3712 939 3750 verum
966 3698 1062 3762 (nunc

67 3793 102 3842 te
118 3790 191 3859 ipsu
205 3786 374 3852 custodis)
385 3785 500 3841 Hessius
513 3803 574 3841 suu.
594 3790 655 3842 erit.
671 3806 696 3858 p.
716 3792 733 3844 6
749 3793 778 3842 et
796 3789 823 3843 in
843 3788 918 3858 pret.
936 3788 989 3843 rol.
1008 3789 1060 3843 111.

65 3878 164 3934 Paucis
198 3879 288 3935 verbis
318 3883 381 3935 ente
408 3879 529 3935 Muretus
557 3884 586 3935 et
612 3882 693 3936 ceteri
719 3884 782 3935 ecte
808 3882 962 3936 Fickertum
991 3885 1061 3935 recte

68 3972 126 4037 (cfr.
145 3973 246 4044 Haupt.
263 3973 291 4027 11
311 3989 336 4042 p.
357 3975 415 4038 ltu:
432 3974 547 4042 quetis
565 3973 673 4028 initio
691 3972 772 4028 ruit.
811 3975 846 4041 (Δ
866 3973 959 4027 hebet:
979 3990 1060 4042 que·

69 4060 116 4117 lis
133 4067 165 4119 in
182 4066 248 4120 illo
267 4065 350 4129 ruit,
370 4063 443 4118 rior.
458 4069 487 4117 et
507 4064 551 4118 Hs.
570 4065 687 4134 qualis
705 4068 737 4121 iu
757 4067 821 4120 illa
840 4065 881 4124 fd.

19 4140 36 4200 )
69 4151 164 4210 Eodem
183 4158 271 4227 sepite
289 4159 306 4211 2
325 4156 501 4211 revocoudum
529 4157 742 4228 esuperioribus
769 4158 934 4213 editionibus
953 4158 1061 4212 multo

74 4251 151 4300 ante
167 4250 305 4318 provisa
322 4251 357 4318 (Δ
375 4249 588 4318 perculsstet
605 4255 621 4305 4
641 4251 719 4320 quis
739 4267 885 4319 uuquam
904 4253 1060 4305 nostrum

81 4336 309 4407 (provestruru).
356 4343 395 4396 De
413 4343 547 4396 communi
567 4341 677 4397 hnmani
704 4343 809 4411 generis
836 4361 923 4399 errore
947 4348 975 4398 et
994 4344 1061 4397 vitio

83 4423 172 4487 Senem
187 4434 314 4505 loquitur,
333 4435 403 4489 nihil
423 4435 450 4488 in
471 4435 578 4489 feminis
597 4437 760 4492 sutMsrciae
780 4438 936 4507 propinquis
954 4439 1061 4507 proprie

88 4523 247 4585 reprehendit.
