2580 5054
408 697 549 767 Euripidis
567 697 627 753 Ion.
972 700 1010 761 17

22 891 79 955 lum
103 910 224 975 quoquo
244 894 391 959 feminum
413 894 520 960 eodem
541 914 602 979 quc
617 896 702 961 louis
721 898 853 962 matrem
874 916 963 963 usum
985 915 1053 964 esse
1076 927 1078 933 s

22 997 162 1063 limitato
183 1000 240 1064 lilii
270 999 442 1069 amittendi.
497 1002 565 1067 Hoc
597 1002 702 1067 audito
736 1002 790 1068 Ion
822 1003 860 1067 ad
895 993 1053 1086 quaerendi

22 1103 121 1168 idium
146 1108 177 1168 et
195 1125 280 1188 spem
298 1106 426 1191 erigitur
441 1126 626 1191 versumque
639 1107 836 1192 proloquitur
849 1107 881 1174 in
897 1109 1052 1175 codicibus

22 1211 215 1293 iscriptum:
317 1211 320 1222 “
854 1294 856 1297 ¹

83 1319 156 1398 σίςς
180 1317 281 1385 εἷπον
303 1322 378 1402 ἔμοι
403 1316 527 1407 §cicilie
557 1322 595 1399 (Ρ
604 1344 613 1398 ;
635 1320 676 1386 (λε
705 1320 806 1389 εἶπον
835 1323 869 1388 εἴ
890 1347 952 1407 μοι
975 1321 1054 1399 ξαλ-

22 1419 88 1513 βῃ)
111 1424 290 1512 χαίροιμεν
311 1422 364 1494 ἄν,
608 1512 610 1516 Ι

83 1531 215 1598 Versum
248 1532 390 1609 fractum,
423 1532 454 1596 in
488 1550 548 1614 quo
580 1531 709 1599 offendit
744 1534 837 1600 etiem
875 1533 1052 1617 imperativi

22 1656 81 1702 ma
103 1636 211 1712 ελιιον,
235 1638 322 1704 cuins
344 1637 461 1721 primns
483 1638 591 1703 auctor
605 1637 775 1705 Menander
798 1640 920 1718 citetur,
944 1658 1051 1705 recen·

22 1744 98 1808 isimi
121 1743 257 1810 editores
280 1746 485 1810 coniecturam
509 1743 629 1809 Yxemii
657 1745 756 1811 secuti
777 1746 823 1812 sic
844 1746 1051 1828 scripserunt:

82 1867 153 1944 είςς
178 1871 208 1934 εἰ
230 1861 341 1935 πόνου
362 1893 422 1954 μοι
446 1863 621 1952 ξυλλάβοι,
643 1868 821 1956 χαίροιμεν
842 1865 894 1935 ἅν.

22 1997 41 2061 i
66 2002 100 2063 ut
121 1997 183 2062 ana
205 1998 357 2075 ornicum,
381 2004 412 2064 c
434 1980 559 2087 ivisses
582 1999 826 2082 improbabiliter
842 1999 873 2063 in
890 1989 1051 2082 ευιιεμοι

22 2104 129 2176 ututur,
153 2122 208 2169 uec
231 2103 427 2188 intelligitur,
450 2106 711 2188 quemadmodum
732 2106 789 2171 Ion
805 2106 913 2172 stetim
929 2106 1051 2171 feminae

22 2210 68 2274 ins
89 2210 203 2294 ignotae
225 2212 370 2276 auxilium
394 2230 515 2294 sperare
540 2213 649 2295 possit
704 2212 745 2278 lii
767 2212 805 2275 ad
836 2211 969 2297 vestigio
999 2231 1051 2278 co·

22 2335 84 2382 iuni
119 2315 216 2381 inulto
248 2317 373 2399 propius
406 2318 589 2384 accedemus
619 2323 652 2385 et
678 2320 839 2385 rectiorem
862 2318 1051 2384 sententium

22 2421 161 2502 idemus,
182 2422 209 2486 si
232 2424 277 2489 sic
298 2422 524 2505 scripserimus:

80 2529 152 2609 τίς,·
175 2521 257 2596 εἶπ’
279 2530 354 2614 ἐμοί
377 2526 524 2613 ξύλλαβε
544 2556 594 2607 τε,
617 2531 684 2596 ccl
707 2530 885 2618 χαίροιμεν
906 2525 959 2596 σ’ίν.

37 2635 152 2700 creusa
184 2636 315 2701 alterum
347 2634 432 2701 illam
468 2634 614 2702 feminam
647 2636 828 2703 indicaverit
859 2638 892 2713 et
926 2655 1050 2718 operum

22 2761 77 2825 ιο]
89 2742 295 2824 spoponderit,
319 2744 390 2807 voto
413 2761 446 2807 se
467 2743 639 2823 potiturum
663 2742 719 2807 Ion
741 2743 854 2825 sperat.

108 2882 190 2946 ,3i4
213 2901 297 2967 sqq.:

79 2991 129 3062 εἰς
149 2985 215 3075 γάρ
237 2991 402 3055 εοσοὺιον
420 2982 579 3071 α’μαθίας
601 2990 769 3072 ἔλθοιμεν
791 2983 846 3060 ἄν,

79 3102 110 3161 εί
132 3091 213 3169 τούς
235 3095 345 3170 risorio
366 3092 512 3169 ἄκοντας
535 3089 774 3180 ἐκπονήσομεν

81 3196 221 3287 φροίζειν
243 3199 269 3268 οἳ
288 3197 338 3288 μή
362 3207 525 3270 θέλουσιν
548 3227 576 3268 ιι.
598 3228 627 3268 ε.
652 3205 679 3270 λ.

22 3307 68 3372 liil
101 3309 193 3376 habet
225 3311 256 3375 in
290 3309 510 3394 superioribus,
539 3329 599 3393 quo
626 3308 785 3385 referatur,
809 3307 976 3374 ιοσοῠεον
998 3312 1048 3385 (eo

22 3421 106 3498 nue);
137 3419 191 3481 eut
220 3418 325 3498 apertu
347 3421 378 3481 et
406 3416 523 3483 directa
545 3434 676 3482 suminio
696 3415 839 3482 stultitiae
862 3412 1047 3498 significatio

22 3520 148 3603 luiiitur
169 3526 275 3605 (quani
301 3522 478 3589 Badhemus
506 3524 681 3588 coniectura
707 3540 832 3604 prorsus
860 3538 880 3584 ε
907 3519 1048 3604 vestigiis

22 3627 122 3693 licum
155 3628 318 3721 recedente
355 3629 475 3695 efficere
505 3634 633 3695 conatus
666 3630 726 3711 est)
760 3630 814 3692 cut
845 3626 1048 3712 interrogatio

22 3751 61 3796 ini
87 3733 278 3818 significens3
302 3755 339 3801 ec
361 3736 561 3820 interrogatio
583 3734 694 3799 leniter
716 3733 792 3799 satis
814 3731 963 3798 efficitur:

79 3843 128 3914 εἰς
149 3836 214 3927 γοίρ
237 3836 370 3910 πόσον
391 3834 501 3909 τοῦτ’
523 3833 683 3928 σ’μαθίασ
705 3842 873 3926 ἔλθοιμεν
895 3835 951 3914 ἄν,

78 3972 106 4011 ει
130 3975 190 4027 -;

22 4055 202 4137 ieriogutivo
238 4054 410 4137 pronomini
445 4053 626 4139 adiungitur
663 4053 953 4118 demonstrativum·
972 4052 1046 4119 noto

22 4179 51 4223 1:
76 4162 192 4243 quantu
213 4161 279 4226 haec
302 4165 383 4227 esset
407 4161 541 4226 stultitia
562 4162 626 4224 -i
659 4160 745 4244 Synt.
769 4159 866 4225 Graec.
889 4160 909 4240 ἓ
934 4157 996 4221 100
1017 4159 1047 4224 li.

127 4301 204 4364 554:

77 4408 147 4475 Isi.
187 4399 282 4473 τοῦτ’
316 4400 414 4475 ἐκεῖν’
447 4399 491 4473 ἵν’
523 4398 727 4504 ἐσπάρημεν.
763 4403 837 4479 ΞΟ.
871 4398 1048 4493 ὅπότμος

697 4513 847 4598 ἐξηῦρεν,
870 4518 999 4581 τέκνον.

834 4636 852 4687 2
