2580 5054
492 662 700 717 Demosthenes.
1047 660 1087 723 37

64 861 192 926 buntur:
238 862 291 926 καὶ
337 862 507 934 Φίλιππος
548 854 609 947 οὐχ
649 855 788 947 ὑπεῖχεν
832 854 1017 927 ὑπακούων
1059 872 1131 930 τοῖς
1205 903 1209 919 .

62 967 297 1052 προδιδοῦσιν,
347 961 420 1034 οὐδ’
458 968 546 1055 εἶχεν
588 964 607 1033 ὅ
649 994 681 1033 τι
726 969 863 1053 πρῶτον
911 962 1010 1055 λάβη,
1031 965 1130 1032 meni·

60 1074 142 1140 festo
185 1075 216 1139 in
257 1068 396 1162 ὑπεῖχεν
429 1075 554 1149 meudo;
594 1075 675 1157 quod
708 1075 802 1140 ceteri
846 1074 964 1140 codices
1002 1073 1128 1145 hubent,

60 1174 174 1249 οὐκέτ’
196 1181 294 1268 εἶχεν,
325 1182 481 1266 redarguit
508 1187 538 1246 et
559 1180 755 1262 participium
779 1175 964 1247 rirroruou'uu
995 1182 1027 1245 et
1049 1178 1130 1261 quod

58 1288 205 1371 sequitur
240 1290 271 1352 in
314 1288 409 1354 altero
449 1289 587 1352 membro
622 1289 705 1353 recte
730 1289 889 1373 scriptum,
925 1279 997 1354 οὐδ’
1033 1286 1130 1374 εἶχεν.

58 1395 267 1461 Scribeudum
288 1395 425 1461 videtur:
460 1395 514 1459 rori
544 1395 715 1468 Φίλιππος
742 1389 803 1462 oric
832 1390 1009 1480 ἐπήρκει
1039 1389 1131 1461 riscu-
1195 1415 1198 1427 '

58 1497 174 1568 κσύων
196 1515 267 1572 τοῖς
298 1502 537 1586 προδιδοῦσινς
570 1521 630 1567 οοο
664 1501 836 1569 sufficiebat
869 1503 1065 1570 offerentibus
1099 1520 1131 1566 se

57 1609 269 1693 proditoribus
291 1608 483 1690 recipiendis.

164 1765 232 1842 XX,
270 1766 330 1829 34:
382 1766 415 1830 τί
448 1757 511 1832 οὖν
544 1768 675 1841 οἴεσθε,
712 1758 737 1830 ὦ
772 1763 893 1852 ἄνδρες
927 1762 1127 1851 Ἀθηναῖοι,

55 1875 186 1940 τοῦτον
208 1868 269 1936 τόν
291 1873 448 1939 τοιοῦτον
470 1873 547 1957 περὶ
562 1866 654 1957 ὑμᾶς
667 1882 909 1961 γεγενημένον,
926 1870 985 1941 edo
1001 1868 1131 1958 α’κοέση

57 1978 159 2066 νόμῳ
182 1976 246 2064 τήν
269 1971 423 2046 α’τέλειαν
451 1973 542 2065 ὑμᾶς
573 1974 814 2069 α’φηρημένους
841 1976 948 2048 αυίὁν
971 1984 1025 2048 καὶ
1047 1980 1131 2066 μηδ’

56 2084 105 2155 ιῖν
149 2084 320 2173 μεταδόξῃ
353 2092 435 2153 ποτέ
469 2089 730 2172 ψηφισαμένους
762 2094 883 2165 ἐξεῖναι
915 2089 1056 2169 δουναις
1099 2089 1131 2156 Si

56 2195 258 2279 participium
299 2202 558 2280 ψηφισαμένους
591 2215 659 2261 cum
694 2201 814 2271 ἐξεῖναι
850 2196 970 2263 δοῦναι
1005 2198 1131 2263 coniun-

60 2306 198 2387 geretur,
231 2302 401 2367 neoeseerio
434 2322 568 2384 presens
600 2305 764 2386 poneretur
798 2307 928 2386 tempus,
965 2306 997 2369 et
1029 2307 1131 2370 tamen

56 2410 163 2474 totum
185 2407 365 2485 abundaret,
381 2409 441 2473 nisi
456 2410 640 2475 scriberetur
653 2415 1006 2495 μεταψηφιζομέιους.
1050 2410 1131 2476 Sori-

57 2515 213 2582 bendum:
256 2506 339 2599 μηδ
375 2508 419 2579 οἷν
453 2509 624 2602 μετοδόξη
668 2521 751 2582 ποτέ
793 2523 1130 2604 ψηφισαμένοις,

58 2628 185 2697 ἐξεῖναι
208 2620 336 2698 δοῦναι,
365 2640 402 2685 ue
424 2622 451 2687 si
474 2622 590 2688 decreti
612 2624 736 2706 quidem
759 2642 812 2689 vos
833 2624 1020 2706 penituerit.

163 2813 252 2893 XXI,
275 2817 331 2877 41:
365 2810 389 2881 δ
411 2808 441 2882 δ’
461 2811 507 2881 ἄν
533 2823 567 2880 έιι
595 2816 725 2881 πολλοῦ
749 2819 893 2901 συνεχῶς
923 2818 978 2882 ἐπὶ
1002 2810 1133 2892 πολλαὶς

61 2915 195 3006 ήμέρας
227 2919 321 3006 παροέ
355 2917 437 2995 σούς
469 2918 597 3004 νόμους
629 2919 790 3008 προὶετων
822 2948 873 2997 τις
903 2926 1067 3009 φωρᾶσαι,
1089 2918 1132 2991 ori

56 3022 173 3112 μόνον
195 3024 308 3112 δήπου
335 3031 398 3096 τοῦ
423 3026 474 3115 μή
503 3023 578 3112 μετ’
600 3023 705 3117 ὀργῆς
730 3025 860 3116 α’πέχει,
883 3024 968 3097 dire
994 3034 1047 3099 καὶ
1068 3036 1131 3119 ’βε-

57 3138 302 3222 βουλευμένως
333 3131 352 3204 ὁ
388 3138 543 3210 τοιοῦτος
565 3131 713 3223 ὑβρίζων
753 3141 845 3205 ἐστὶν
875 3134 941 3224 ήδη
974 3133 1130 3225 φανερός.

58 3243 259 3326 Quemquam
281 3243 319 3308 de
342 3243 493 3328 particula
513 3238 563 3328 μή
586 3246 618 3309 in
640 3245 746 3312 Graeco
768 3264 907 3312 sermone
929 3246 1009 3328 apud
1029 3245 1132 3311 infini-

57 3349 162 3414 tivum
195 3351 234 3415 ad
266 3354 403 3415 nostrum
436 3369 561 3417 sensum
593 3352 764 3417 abundanti
801 3350 967 3436 diligenter
1002 3351 1130 3435 quaesiri
1238 3359 1241 3363 ’

58 3455 250 3540 esposuique
279 3457 309 3521 iu
343 3456 449 3522 libello
482 3457 600 3541 syntaxi
633 3476 709 3524 meae
745 3457 859 3524 Graecae
881 3458 1027 3524 adiuncto
1049 3456 1131 3542 (Be-

55 3560 250 3646 merkuopen
284 3563 359 3629 tiber
394 3564 493 3647 eiuipc
528 3562 649 3630 Ριιιιοέο
686 3566 740 3630 δον
772 3565 983 3649 priecbr'scben
1027 3564 1130 3631 Wori-

55 3668 284 3751 fripuapsiebre
294 3688 323 3752 p.
339 3670 377 3731 47
390 3678 481 3752 equi,
493 3673 596 3736 tamen
609 3690 668 3736 non
681 3672 781 3750 video,
799 3672 951 3754 quomodo
960 3672 1021 3738 dici
1035 3672 1133 3756 possit

57 3768 178 3861 α’πέχει
201 3777 262 3842 τοῦ
283 3772 334 3861 μή
356 3770 433 3861 μετ’
466 3769 579 3862 σ’ργής,
613 3798 682 3844 cum
716 3778 775 3844 hoc
808 3778 1019 3862 intelligetur:
1056 3777 1131 3857 „ab-

59 3884 112 3946 est
132 3881 171 3946 ab
194 3900 238 3956 eo,
262 3884 297 3948 ut
322 3883 418 3949 iratus
441 3883 534 3949 saciat
555 3881 678 3950 fiatre“.
722 3884 820 3950 Valde
843 3902 956 3957 vereor,
978 3901 1016 3948 ne
1032 3882 1130 3964 scrip·

55 3993 131 4052 tum
154 3989 246 4054 fuerit
267 4008 285 4054 a
305 3989 529 4059 Demosthene:
562 3984 604 4058 ου’
632 3984 744 4076 μόνον
774 3985 886 4075 δήπου
914 3984 961 4057 cri
983 3984 1034 4075 μή
1055 3982 1132 4075 μετ’

61 4090 168 4182 ὀργῆς
198 4088 324 4182 α’πέχει,
355 4097 466 4162 rariore
496 4097 550 4161 illo
579 4117 638 4164 usn
662 4098 747 4165 verbi
768 4092 915 4185 σ’πέχειι,
939 4116 998 4182 quo
1020 4095 1132 4163 dicitur

62 4203 103 4268 de
125 4203 173 4282 iis,
197 4222 265 4286 quae
286 4204 348 4269 iem
371 4203 577 4288 acceperimus
599 4205 830 4289 teneamusque,
851 4207 888 4269 nt
911 4206 985 4288 οπο,
998 4203 1041 4270 sit
1061 4223 1133 4271 sen·

60 4311 178 4388 tentia:
206 4330 264 4375 non
294 4309 394 4376 solum
422 4312 603 4393 impressam
632 4311 727 4377 habet
748 4312 780 4376 et
801 4311 939 4377 continet
961 4312 1065 4377 notam
1087 4311 1132 4377 rei

61 4435 124 4482 non
147 4415 194 4481 ira
215 4417 314 4499 saotae,
336 4418 395 4484 hoc
417 4418 474 4497 est
496 4435 555 4482 nou
579 4418 677 4483 solum
700 4422 784 4484 carot
806 4417 1003 4485 excusatione
1018 4417 1063 4484 rei
1078 4436 1132 4500 per
