2678 5016
455 645 716 721 paenitentem.
753 618 764 646 ⁴
866 634 887 668 ⁴*
983 738 990 748 ,
1023 664 1082 728 137
1111 682 1113 684 ’

13 921 15 933 .
157 865 225 931 lbd
253 861 313 926 102
335 882 402 948 sqq.
425 861 477 945 (de
505 862 625 929 Venere
651 821 810 928 interdirm
843 837 957 931 sae‘vam
980 854 1162 971 natumdff

63 973 90 1037 et
109 970 242 1055 speeiem
264 972 434 1049 ermentei:

559 1075 760 1159 nequeenim
784 1075 867 1141 alma
889 1075 987 1141 videri

139 1185 203 1248 iam
225 1186 292 1249 tum
314 1199 359 1259 ea,
383 1199 454 1244 eum
474 1178 533 1244 reti
557 1180 672 1245 crinem
690 1177 885 1247 subnectitur
906 1202 1010 1263 aureo,

0 1332 2 1356 .
140 1289 275 1354 sidereae
296 1286 409 1352 diffusa
430 1285 530 1361 sinum
553 1285 661 1350 eadem
685 1286 778 1351 effera
799 1286 959 1381 eibingene

139 1396 172 1458 et
192 1392 324 1458 maculis
344 1391 476 1458 suffecta
495 1410 590 1475 genna
612 1392 779 1474 pinumque
802 1395 961 1459 sonantem

3 1495 4 1500 ’
139 1498 312 1582 uirginibus
338 1496 455 1582 Stygiis
477 1497 656 1582 nigramque
677 1496 838 1564 simillima
858 1499 986 1582 pallam.

155 1604 274 1686 Ineptae
296 1602 453 1686 particulae
474 1604 538 1664 iam
560 1612 634 1682 tum,
667 1605 815 1686 aequente
846 1604 1019 1686 praeeertim
1043 1626 1121 1679 aee»,

59 1712 91 1777 ut
124 1709 301 1776 necessario
336 1706 404 1773 hen
440 1708 592 1774 effitiatur
634 1703 787 1775 sententie
833 1709 905 1785 (uini
944 1709 1025 1794 qued
1059 1711 1124 1773 ιἀηι

59 1816 216 1892 abundat),
238 1815 393 1881 Venerem
414 1833 473 1905 nen
496 1815 565 1880 tum
587 1813 702 1879 almam
725 1813 839 1888 videri,
862 1834 932 1880 eum
954 1832 1044 1880 auree
1065 1815 1125 1880 rati

4 1964 8 1969 -
60 1924 173 1988 crinem
222 1921 405 1996 subnectam
440 1939 537 2004 neque
580 1920 629 1986 hie
670 1921 827 2004 particulis
869 1922 952 1986 reete
986 1920 1125 1987 redditur

61 2029 171 2092 eadm
238 2025 308 2092 Une
353 2024 460 2091 littera
507 2026 540 2091 in
586 2025 778 2091 simillimam
820 2027 941 2092 mutata
983 2028 1127 2094 nascetur

60 2152 182 2198 aarum:

561 2237 763 2321 nequeenim
787 2238 871 2303 alma
894 2236 990 2303 videri

181 2351 299 2405 merem
321 2361 368 2422 ea,
389 2363 460 2410 cum
481 2343 540 2408 reti
561 2343 675 2408 crinem
696 2342 887 2409 subneetitur
908 2362 1011 2422 aureo,

180 2448 315 2514 sidereos
328 2436 449 2514 'diffusa
469 2448 703 2550 einusaeadem
724 2448 817 2514 effera
838 2451 870 2514 et
890 2449 998 2533 ingene
1020 2449 1080 2514 eet.

64 2558 98 2621 ut
115 2553 273 2620 audiatur:
296 2554 401 2617 eadee
419 2555 518 2617 eadm
537 2554 669 2636 (etiam).

161 2694 229 2761 lbd
252 2693 314 2757 200
335 2713 418 2779 sqq:
873 2783 877 2788 .

161 2800 237 2865 Inde
260 2819 371 2866 novam
393 2798 521 2885 pavidae
543 2817 647 2864 ueeem
668 2798 834 2864 furibunda
854 2818 908 2882 per
928 2817 1019 2865 aurae

162 2906 370 2990 congeminat,
392 2925 453 2991 qua
475 2905 594 2989 primus
615 2904 715 2971 Athea
739 2907 771 2970 et
792 2907 905 2990 pentae
927 2908 959 2970 et
978 2905 1088 2988 ingene

160 3012 282 3078 Thmea
300 3011 391 3095 palus
411 3012 585 3096 pariterque
606 3011 681 3078 toris
702 3010 857 3077 exhorruit
877 3010 977 3076 emnia

161 3121 273 3196 mater,
295 3117 354 3183 eet.
384 3188 386 3191 ,

158 3257 269 3341 Neque
296 3257 415 3321 reeca
446 3276 501 3340 pre
522 3257 674 3325 adieetivo
697 3255 860 3335 (Thracia)
885 3256 1019 3339 pesitum
1041 3256 1124 3322 eradi

66 3367 173 3446 petent,
195 3365 385 3448 repugnante
413 3363 454 3442 (ei
481 3362 549 3446 quie
577 3362 714 3429 Gellium
736 3361 854 3438 obiicit)
876 3362 1125 3429 constantissima
1169 3439 1174 3446 ,

64 3473 219 3550 puetarum
251 3470 434 3536 Latinorum
471 3468 702 3546 consuetudine,
737 3486 835 3552 neque
862 3467 957 3552 padue
993 3466 1126 3543 linearia

65 3575 119 3642 uno
149 3575 243 3641 mede
273 3574 356 3651 terri,
390 3574 535 3659 queniam
562 3576 711 3640 montana
741 3592 777 3639 ea
803 3573 888 3659 regio
921 3575 952 3638 et
974 3574 1021 3639 eet
1054 3576 1127 3639 eta
1261 3588 1263 3591 ’

64 3683 156 3764 poam
179 3700 306 3765 semper
326 3680 520 3758 describitur,
542 3698 640 3763 neque
667 3679 794 3764 (duplici
822 3679 988 3762 adieetivo)
1020 3679 1128 3763 inpene

68 3785 198 3852 diruere
220 3786 328 3872 palea.
386 3785 502 3851 Contra
536 3804 606 3851 aum
627 3787 711 3852 Atho
742 3789 773 3850 et
801 3786 895 3869 pente
928 3782 1126 3868 coniungitur

64 3891 163 3977 mpura
204 3891 335 3957 iterra.
389 3891 451 3958 Sed
477 3910 575 3976 neque
603 3892 643 3957 ad
669 3892 776 3957 Athen
808 3909 905 3974 neque
936 3891 978 3970 ad
998 3890 1125 3974 pentum

10 4071 11 4074 Ἴ
65 4001 110 4062 eut
130 3997 300 4065 Thraciam
322 4000 430 4080 aptum
451 4000 580 4064 verbum
603 3997 756 4063 eedormit
787 3998 925 4082 proxime
956 4015 1025 4062 aum
1051 3996 1125 4060 tore

67 4104 236 4169 nudatum.
288 4103 380 4168 Latet
411 4103 495 4169 aliud
519 4105 645 4172 verbum
679 4106 737 4171 eub
757 4105 811 4171 illo
830 4103 922 4189 paler
944 4121 1000 4168 nee
1021 4100 1124 4188 aptius

67 4210 175 4293 reperio
197 4228 291 4293 quam
314 4207 386 4271 aedit
407 4211 618 4290 (cuncutitur).
660 4210 708 4277 Ne
729 4230 839 4294 parum
861 4209 986 4294 quidem
1007 4207 1124 4292 peritus

69 4313 216 4381 attendent
234 4315 308 4379 eadit
330 4317 474 4399 prasenti
494 4319 632 4402 tempere
663 4317 695 4383 et
727 4315 884 4381 extorruit
914 4317 946 4382 iu
974 4313 1123 4381 rumando
