2662 5062
201 338 205 345 .
251 296 314 362 418
598 291 661 349 nn.
678 291 835 363 annos
851 291 904 348 111.

164 553 169 561 .
210 498 390 580 meantis,
412 490 562 557 mendosa
591 507 659 555 esse
686 489 852 555 Pincianus
873 489 1043 566 inteflexi&
1076 495 1286 576 nequeenim

157 675 159 678 ,
210 602 271 669 alia
291 619 394 666 rernm
419 614 533 681 genera
563 614 631 661 esse
661 596 742 678 apud
765 596 936 679 imperitos,
965 596 1028 662 alia
1048 598 1134 680 apud
1157 600 1285 684 sapien·

209 712 258 775 tes
281 708 313 771 et
333 705 438 779 bonos,
468 702 523 768 sed
544 701 635 767 aliter
666 701 708 767 ab
734 702 872 786 ntxisqns
903 702 1063 777 testimari,
1084 723 1126 770 ne
1148 706 1285 788 quidde

210 814 280 880 aliis
300 810 386 876 vitiis
407 807 521 874 dinam.
556 808 665 890 ltaque
683 807 876 873 sonibendnm
888 801 1025 873 videtur}
1048 809 1101 875 Ea
1121 812 1283 877 scilieet

209 921 379 985 ratione:
429 911 502 991 Qui
521 912 579 990 (sio
600 912 707 991 Hans,
729 914 805 979 Nan.
827 915 925 997 quial
948 915 1123 1005 accipiet
1143 918 1190 983 ab
1211 919 1282 984 illo

210 1021 360 1106 aliquid
386 1039 427 1085 ex
453 1018 533 1095 his,
569 1035 649 1100 quae
677 1019 776 1101 apud
804 1020 1015 1103 imperitos
1043 1019 1100 1104 [in
1127 1023 1279 1108 pretio]

209 1130 307 1203 sant
330 1143 488 1210 quornm
509 1123 758 1208 malis(vnlgo:
781 1119 938 1209 qnorum
962 1125 995 1190 si
1019 1125 1148 1203 malis)
1169 1129 1280 1213 eopia

209 1236 283 1310 est,
314 1233 398 1313 ipse
428 1248 578 1315 quoqne
610 1231 648 1295 in
681 1231 803 1296 simili
835 1232 1007 1297 materia
1033 1238 1172 1315 fietne
1194 1251 1280 1299 esse

210 1337 381 1415 debebit,
417 1338 478 1402 oet
534 1337 577 1401 lit
601 1335 634 1400 si
660 1336 729 1403 tolli
756 1339 852 1404 volait
880 1338 975 1403 etiam
998 1337 1143 1404 Hansina
1189 1340 1279 1423 Apud

210 1444 310 1510 melos
341 1441 431 1523 onnia
460 1442 510 1507 est
542 1457 662 1516 eornm,
699 1459 767 1526 qnos
802 1444 951 1528 impetiti·
974 1445 1081 1527 magni
1113 1446 1277 1512 aeetimant

211 1548 403 1632 (Siestyeusz
445 1546 497 1613 lia
534 1546 688 1612 soilioet
715 1549 896 1627 natione,
930 1549 1034 1634 qnia,
1077 1551 1276 1632 quiaooi·

212 1656 295 1740 piet
314 1654 492 1734 ceteraque,
528 1652 564 1716 nt
586 1669 659 1735 ogo,
691 1672 794 1719 noea
825 1665 879 1737 pro
906 1655 978 1722 hao
999 1656 1141 1738 ponatur,
1170 1675 1307 1740 quam·¹

209 1778 301 1843 qnam
331 1760 399 1841 ipse
425 1757 586 1833 admonet,
618 1758 651 1823 id
677 1759 744 1824 flexi
770 1759 901 1824 loxtesee
933 1757 1042 1824 eodem
1069 1761 1162 1827 modo
1191 1779 1273 1845 poseo

211 1882 270 1948 qno
298 1865 329 1928 in
359 1863 566 1940 eiusmodi,
603 1863 730 1946 dequo
757 1864 819 1929 dixi
848 1862 887 1928 ad
914 1861 1142 1943 cio.fin.1v‚
1173 1867 1213 1929 14
1247 1885 1273 1949 p.

212 1969 295 2041 500.)
338 1970 483 2035 lixtremo
514 1969 616 2053 eapite
644 1969 692 2047 (5)
721 1987 840 2046 verum,
872 1969 952 2053 quod
973 1970 1035 2052 ipsi
1056 1970 1179 2036 oodioes
1201 1989 1272 2054 pra·

211 2077 303 2154 bant,
335 2074 520 2159 negligitur:
557 2093 627 2140 voa
660 2073 704 2140 ad
735 2075 903 2158 speeiem
938 2075 1022 2140 veri
1056 2077 1275 2159 componite
1306 2088 1307 2091 ’

211 2178 383 2250 animum
406 2180 459 2253 et,
498 2178 582 2244 dnm
612 2179 815 2247 honestum
845 2181 998 2246 discitis
1029 2179 1179 2258 (laam
1203 2181 1279 2246 Nan·

212 2287 370 2364 discite,
407 2277 501 2369 vulgo
523 2284 684 2365 dicitis),
712 2286 903 2372 quioquid
924 2288 1001 2364 est,
1037 2287 1078 2347 in
1100 2304 1171 2368 qno
1195 2284 1302 2364 (Nan-

210 2395 272 2460 est
293 2393 329 2458 id
351 2396 436 2476 qno)
459 2409 595 2457 nomen
616 2391 775 2458 honesti
796 2392 983 2469 iactatur,
1004 2391 1043 2457 id
1063 2390 1196 2457 nolite.

310 2497 378 2565 Ibd.
415 2496 471 2573 18,
510 2496 546 2561 1:
589 2496 632 2562 In
667 2496 868 2563 inlinitum
906 2498 1004 2573 eins,
1035 2497 1183 2580 inquit,
1225 2516 1257 2563 m
1308 2503 1328 2530 ‘⁴

211 2604 383 2688 obligas,
418 2619 499 2668 oum
523 2602 625 2667 diois
656 2604 716 2677 „et
744 2603 911 2669 nostrisu
935 2605 1054 2686 (gratos
1086 2619 1142 2667 nos
1169 2602 1278 2670 deber

213 2729 282 2777 esse
304 2709 397 2774 etiem
422 2707 569 2776 adversus
592 2726 658 2782 eos,
694 2708 746 2791 qui
777 2710 891 2775 nostris
912 2708 1029 2792 aliquid
1052 2709 1260 2790 praetiterint

210 2814 326 2880 Omnes
354 2796 572 2881 intellexerint
597 2814 680 2880 eins
702 2817 877 2897 oorxuptnm
898 2833 977 2891 esse,
998 2814 1059 2880 nisi
1085 2813 1170 2897 qnod
1193 2815 1283 2883 liet

166 2946 170 2952 ·
212 2922 297 2986 ntns
338 2919 481 3000 imperite
523 2920 600 2986 item
641 2918 701 2985 diei
743 2921 926 3002 pronuntiat
946 2918 1112 3005 *quomodo
1156 2940 1256 3004 qnoa
1278 2923 1331 2970 θ

212 3027 306 3092 eins.
374 3007 563 3108 Corrigendi'
590 3027 718 3091 eonatixs
747 3043 808 3090 non
830 3026 910 3091 bene
930 3029 1156 3109 processerunt
1213 3027 1257 3094 U·
1274 3042 1309 3077 ’ί

211 3130 318 3197 littera
354 3127 494 3194 tollenda
529 3131 592 3195 est:
637 3126 681 3193 In
711 3129 916 3197 inlinitum
950 3135 1009 3194 ias
1043 3150 1099 3197 me
1131 3134 1321 3220 obliga?

113 3302 116 3309 ,
211 3236 268 3314 (ita
288 3239 323 3301 nt
343 3233 500 3300 inlinitum
523 3234 571 3299 ius
593 3234 625 3299 in
647 3252 697 3300 me
718 3235 884 3303 creditores
906 3238 1062 3316 nonant).
1118 3240 1305 3323 Sequitur:

212 3340 284 3421 Qui
305 3339 392 3405 lilio
413 3339 645 3406 beneficium
677 3340 759 3419 dat,
793 3345 836 3406 nt
856 3342 968 3417 diois,
998 3344 1036 3409 et
1062 3345 1170 3426 patri
1197 3347 1288 3413 eins

213 3447 287 3513 dat.
343 3445 510 3511 Primum
537 3445 582 3510 de
603 3445 704 3529 quod
726 3466 855 3531 qnnxo
875 3449 933 3527 (sio
954 3448 1032 3515 Nan.
1054 3451 1089 3514 et
1108 3449 1153 3528 R;
1186 3451 1286 3518 detexi

213 3552 295 3618 lere:
331 3551 375 3616 de
410 3568 480 3634 qno
517 3562 678 3635 quaro„
720 3552 857 3618 deinde
890 3553 991 3619 illud
1026 3557 1161 3638 ntique
1188 3559 1282 3624 mihi

205 3655 471 3723 determinari
499 3655 601 3732 volo,
625 3656 661 3722 si
695 3658 732 3723 et
764 3658 866 3741 patri
892 3658 1131 3726 beneficium
1158 3662 1282 3739 datur,

211 3760 392 3846 numquid
432 3763 470 3826 et
508 3765 669 3843 patruo,
711 3765 769 3829 oet.
825 3763 941 3848 Opinor
981 3767 1134 3849 seriptum
1169 3769 1282 3836 fuisse:

211 3868 381 3934 Primum
413 3867 457 3932 ds
500 3887 604 3951 oqao
637 3873 755 3953 (equo)
792 3889 917 3953 qnoexo
953 3871 1048 3953 (sitne
1080 3873 1140 3939 hoo
1179 3874 1284 3957 ipsum

211 3975 363 4057 aqnum);
397 3971 536 4038 deinde
570 3971 638 4048 (hoo
659 3973 881 4060 aliquantisper
908 3977 1053 4060 seposito)
1079 3977 1183 4045 illnd
1204 3981 1285 4047 nti-

212 4079 363 4160 qneoot
