2648 5084
239 292 301 354 εγ)
609 286 860 358 nemean

197 494 330 559 nendum
353 498 564 573 capessunt
588 488 785 570 sequentinm
805 488 909 552 tribus
932 492 1100 571 presentis
1122 490 1237 573 nupti
1292 487 1299 548 i

198 602 308 665 serbis.
352 600 417 678 [les
438 596 506 659 edd.
528 593 622 677 vett]
1294 617 1299 640 ν

299 707 365 769 lbd.
387 705 419 777 6,
443 706 477 767 l:
522 706 756 765 Artaxerxes
788 720 852 765 rer
876 698 1097 769 Persarum
1124 706 1244 789 legetur
1295 699 1300 760 1

198 817 237 878 in
259 815 444 879 Graeeinm
465 810 606 883 mittit,
639 827 706 890 per
727 827 821 890 qnos
845 808 963 873 iubet
986 829 1123 877 omnes
1144 814 1245 875 sbar-
1298 827 1300 866 ³

199 921 272 986 mis
299 918 519 989 diseedere;
556 915 620 997 qni
652 914 770 978 aliter
802 913 988 988 fecisset.
1030 938 1115 983 enm
1142 938 1177 983 se
1202 937 1247 1001 pro

198 1026 310 1091 hoste
330 1024 566 1094 habiturum
600 1020 835 1084 civitatibus
865 1021 1108 1090 libertatem
1131 1041 1249 1107 sueque
1300 1039 1301 1075 1

198 1133 325 1196 omniu
346 1129 545 1212 restituit:
584 1125 684 1209 quod
710 1145 779 1188 non
802 1126 958 1191 Graeciae
982 1130 1247 1196 laboribus

197 1236 406 1301 consulens
428 1235 539 1303 feeit,
574 1231 642 1296 sed
674 1239 732 1296 cet.
787 1232 896 1297 Fuisse
923 1239 1095 1298 restitui
1120 1243 1251 1303 etresd

200 1342 348 1406 orationis
377 1342 475 1405 forms
496 1342 621 1404 clamet

301 1449 367 1511 Lib.
390 1448 461 1521 vn,
493 1448 519 1510 1.
545 1448 601 1508 ll:
646 1446 765 1509 Pulso
786 1445 925 1510 deinde
949 1447 1060 1513 Mida
1167 1449 1252 1512 aliie

200 1575 268 1638 qne
290 1555 448 1637 regibus
480 1552 608 1634 pulsis
640 1553 678 1615 in
707 1553 831 1616 locum
862 1554 1034 1617 omnium
1059 1556 1171 1620 solus
1191 1573 1252 1618 suc·

199 1663 333 1724 cessit
398 1660 491 1722 Recte
528 1660 559 1721 in
594 1659 672 1723 DL
704 1659 856 1723 omittitur
887 1659 1034 1738 pulsis,
1082 1665 1201 1727 etiamsi
1229 1660 1252 1723 id

198 1768 373 1830 coniectura
389 1768 502 1829 fectum
515 1765 566 1828 sit.
584 1769 618 1827 nt
631 1766 698 1828 inL
720 1765 836 1828 fuctum
859 1769 914 1827 est.
955 1763 1022 1848 [na
1039 1768 1174 1853 Senon]
1196 1770 1253 1850 esp

198 1874 228 1946 ἱ),
265 1873 404 1936 loretio
427 1873 472 1935 sic
493 1872 710 1954 distinguendo
730 1875 792 1936 est:
825 1873 862 1934 et
888 1874 1031 1937 mortis
1056 1883 1253 1958 postrema,

198 1980 320 2044 veluti
345 1998 386 2042 er
408 1978 580 2051 oraculo,
603 1981 793 2060 precepto
814 1979 1090 2045 memorabilis
1113 1987 1222 2047 luere.

300 2085 381 2163 (Lib.
405 2085 473 2154 Vll,
497 2086 526 2164 6,
550 2084 920 2166 demendsrirol.1p.
944 2085 1012 2162 74.)

297 2193 364 2257 Lib.
388 2191 443 2261 IX,
475 2193 502 2265 l,
534 2193 569 2254 5:
613 2192 740 2275 Igitur
771 2190 976 2274 Philippus
1010 2193 1132 2277 longa
1167 2193 1255 2258 obsi·

196 2299 328 2363 dionis
350 2317 455 2363 mors
486 2297 695 2363 exhaustus
728 2298 897 2379 pecuniae
924 2301 1200 2365 commercium
1220 2300 1254 2362 de

197 2406 372 2488 piratica
395 2408 605 2468 mutuetur.
659 2403 880 2468 commercium
902 2404 1042 2485 pccuniae
1069 2407 1166 2489 (apud
1187 2407 1255 2471 enti·

195 2520 282 2594 qnos)
304 2511 380 2575 nibil
404 2517 461 2582 cst,
484 2513 584 2573 ortum
609 2509 671 2582 bic,
693 2512 728 2574 ut
749 2511 863 2593 opinor,
888 2529 905 2573 e
929 2513 1120 2577 mercium
1145 2516 1175 2579 in
1197 2533 1254 2596 pro·

195 2619 276 2683 ximo
302 2637 401 2681 versu.
445 2615 543 2680 Credo
570 2617 718 2696 scriptum
751 2617 860 2681 inisse:
895 2619 1070 2698 pecuniae
1095 2641 1254 2705 conspee-

196 2725 302 2787 dium
325 2723 458 2805 (facilem
482 2724 562 2785 viam
585 2727 617 2785 et
637 2727 808 2805 questum).

295 2831 362 2895 Lib.
386 2829 442 2901 XI,
465 2829 494 2901 9,
519 2828 575 2892 10:
619 2830 669 2893 Ex
691 2830 965 2895 Macedonibus
990 2831 1176 2898 cecidere
1196 2852 1252 2916 pe·

194 2937 494 3013 destresGXXX‚
516 2935 735 3020 equitesCL.
759 2937 855 3000 Scrib.
878 2936 1042 3019 pedites.
1066 2938 1121 3004 Sic
1143 2956 1252 3023 semper

197 3043 332 3109 lustinus
355 3043 425 3117 (boc
447 3045 546 3125 capite
569 3044 587 3126 ς
611 3044 638 3115 1,
660 3042 716 3107 boc
736 3041 813 3107 libro
834 3059 859 3106 c
883 3042 913 3116 6,
938 3042 957 3103 2
979 3048 1010 3108 et
1035 3045 1086 3119 12,
1109 3065 1136 3111 c.
1163 3048 1208 3117 12,
1227 3048 1251 3118 b,

194 3158 277 3229 ccc),
300 3170 456 3233 nunquam
491 3150 589 3215 altero
615 3149 713 3214 modo.
772 3148 834 3214 Sed
854 3150 912 3214 hoc
932 3169 1053 3233 quoque
1076 3154 1169 3220 rideo
1194 3171 1250 3218 esso
1302 3164 1303 3221 i

192 3259 224 3322 in
248 3257 337 3334 „edd
361 3257 573 3341 quibusdum
617 3255 678 3322 Gir.
701 3256 742 3320 nd
763 3257 834 3320 Tuo.
856 3255 938 3320 fliete
961 3257 1002 3333 ΙΙ,
1028 3259 1066 3320 11
1092 3279 1124 3341 p.
1147 3261 1214 3324 561.

292 3361 361 3428 lbd.
397 3363 447 3439 10,
486 3362 540 3426 13:
591 3365 773 3447 Angebat
807 3364 906 3427 enirn
944 3363 1075 3447 Tyriis
1110 3369 1250 3432 animos

193 3471 358 3535 Didonis
381 3470 610 3552 exemplum,
639 3490 717 3553 qnae
739 3470 977 3553 Cartbagine
999 3474 1164 3540 condite
1182 3478 1250 3538 ter·

191 3579 285 3643 tiam
308 3581 458 3660 partem
493 3577 597 3641 orbis
618 3579 838 3660 quaesisset,
870 3582 982 3660 turpe
1004 3578 1205 3657 ducentes,
1223 3579 1250 3644 si

191 3684 352 3749 feminis
374 3685 455 3748 suis
477 3684 562 3765 plns
587 3684 704 3749 enimi
736 3673 880 3750 fuisset
910 3684 948 3748 in
970 3684 1139 3768 imperio
1162 3706 1250 3772 qun

190 3789 306 3854 rendo
340 3807 448 3873 quem
480 3790 556 3853 sibi
589 3789 625 3854 in
648 3791 794 3855 tuende
815 3790 1011 3856 libertate.
1068 3791 1249 3877 Scripseram

188 3902 305 3979 turpe
327 3896 558 3958 ducentibus
579 3897 715 3982 (Tyriis),
751 3896 806 3962 sed
828 3898 918 3982 longe
939 3903 1023 3974 ente,
1045 3903 1083 3964 ut
1104 3921 1162 3984 pnr
1183 3906 1251 3978 ereb

189 4002 372 4068 Gronovius.
418 4003 530 4068 Contra
550 4003 650 4078 XXX,
672 4003 702 4077 3,
721 4003 740 4064 2
762 4003 969 4079 scribendum,
992 4006 1089 4071 eiiam
1113 4008 1253 4091 Siesbyeo

189 4094 346 4174 monente:
392 4109 471 4174 Huc
492 4111 724 4186 secedebat,
755 4108 869 4194 quod,
894 4111 1022 4176 Poenis
1045 4116 1087 4177 eb
1107 4114 1252 4179 Hunni·
