2580 5054
216 290 255 352 u
591 285 821 354 mima

175 484 276 560 index,
299 503 367 567 quae
388 483 457 566 ipsa
477 483 665 564 comparatio
687 482 922 565 perversissima
947 487 1014 560 est3
1052 501 1147 566 nequa
1164 480 1224 547 euiu

178 595 211 657 et
230 591 329 656 virtus
352 593 384 657 et
399 589 571 654 inimicitiae
586 589 723 662 vincunt
739 587 794 652 sed
809 586 864 652 illa
883 590 994 666 vincit,
1012 590 1060 655 hae
1075 590 1226 660 ducentae
1285 603 1286 634 ³

175 699 280 780 itaque
303 697 398 762 etiam
420 698 526 761 πλέον
553 713 609 776 pro
640 689 732 761 πολύ
759 694 969 760 substitutum
992 714 1121 777 pravam
1141 693 1226 759 affidat
1285 745 1286 750 ,

178 804 374 869 sententiam.
419 800 551 867 Videtur
573 801 743 884 Sophocles
765 800 946 883 scripsisse:

276 908 351 992 νικᾴ
373 901 438 995 yoip
461 901 564 992 α’ριαή
587 934 632 992 με
655 909 717 994 τῆς
739 915 864 995 ἔχθρας
887 909 1033 986 πέλας,

178 1014 294 1093 „vincit
316 1032 365 1079 me
387 1015 485 1080 virtus
506 1015 682 1080 inimicitiis
704 1008 864 1099 a'regione
886 1013 1042 1081 adiuncta
1065 1018 1099 1080 et
1118 1017 1148 1080 iu
1166 1030 1226 1077 corr·

177 1121 334 1205 paratione
355 1119 486 1201 posit-2⁶⁴.

571 1303 733 1391 Euripidis
756 1303 850 1387 louis,

177 1452 270 1515 quam
307 1430 490 1517 tragediam
513 1452 542 1498 a.
568 1432 648 1496 1879
679 1432 853 1516 philologia
882 1433 1036 1501 studiosis
1058 1433 1234 1501 tractandas

178 1539 330 1623 proposui.
355 1544 421 1604 tum
443 1538 591 1604 ultimum
613 1540 792 1623 professoris
822 1559 949 1605 munere
980 1540 1127 1626 fungens,
1148 1542 1229 1624 ipsuu

178 1645 300 1710 initium
325 1645 416 1727 (quod
440 1646 471 1710 iu
494 1646 652 1712 codicibus
675 1646 850 1712 huiusmodi
872 1647 936 1711 est:

272 1748 387 1825 Ἀιλας
410 1749 429 1818 ὁ
451 1753 617 1839 χαλκέοισι
640 1749 759 1827 νώτοις
782 1745 944 1837 ον’ρανόν,

279 1860 372 1925 θεῶν
393 1856 673 1937 octateuchus,
695 1861 871 1946 ἐκτρίβων,
894 1859 992 1926 θεῶν

277 1967 362 2050 μιᾶς
384 1973 485 2052 ἔφυσε
510 1971 630 2033 Μαῖαν
651 1993 680 2033 κ.
702 1995 732 2034 τ.
755 1969 797 2036 λ.)

177 2073 283 2137 nostra
316 2073 407 2138 atate
441 2074 613 2159 philologos
645 2079 677 2140 et
710 2075 831 2140 vexavit
860 2073 1060 2139 vehementer
1091 2075 1126 2138 et
1150 2075 1187 2138 ab
1206 2070 1239 2134 iis

177 2178 274 2243 etiam
295 2178 513 2246 inclementius
536 2187 676 2246 vexatum
701 2184 758 2252 est.
788 2198 856 2245 meo
886 2180 1011 2262 quidem
1044 2181 1159 2246 iudicio
1180 2197 1238 2244 oum

179 2287 340 2368 opprobrio
378 2287 510 2369 quodam
547 2287 623 2353 artis
660 2289 780 2353 critice.
839 2287 916 2351 Cum
964 2287 1048 2351 euim
1094 2287 1238 2353 Persouus

178 2394 309 2474 primum
334 2393 492 2477 tragoedia
515 2412 636 2458 uersum
659 2394 722 2478 legi
746 2397 782 2467 ei,
805 2413 898 2476 quam
922 2393 960 2458 de
982 2412 1080 2476 pausa
1106 2411 1237 2460 versuum

178 2499 366 2564 senariorum
390 2520 409 2563 a
429 2498 553 2581 tragicis
575 2503 727 2566 servatam
744 2501 897 2576 credebat,
914 2500 1071 2565 adversari
1089 2501 1137 2566 ita
1150 2502 1238 2566 auim-
1283 2503 1285 2591 t

178 2607 372 2679 advertisset,
405 2608 441 2669 ut
473 2609 575 2669 tamen
609 2624 627 2671 a
659 2608 838 2692 corrigendo
863 2605 1051 2684 ‘abstineret
1084 2610 1240 2673 coutentes

176 2730 345 2795 perpaucos
368 2731 473 2777 versus
496 2731 514 2775 a
533 2714 658 2797 tragicis
674 2713 732 2779 hac
747 2715 843 2778 forma
859 2712 988 2793 scriptos
1007 2713 1122 2786 dicere,
1139 2710 1238 2777 deiude

175 2822 279 2884 autem
303 2819 335 2882 iu
357 2818 456 2882 altero
478 2837 568 2884 uersu
588 2819 784 2885 manifestum
801 2825 957 2885 teneretur
972 2816 1086 2883 vitium
1103 2818 1243 2884 orationis

176 2927 208 2991 et
229 2923 391 2991 sententiae
414 2926 444 2988 in
468 2926 616 2990 vocabulo
639 2927 735 2992 θεῶν
763 2926 793 2990 in
823 2926 890 3009 ipso
918 2924 1008 2988 initio
1038 2927 1070 2988 et
1099 2925 1239 2988 anostra

175 3033 239 3097 ulla
260 3030 383 3097 artificii
405 3030 537 3096 alicuius
560 3032 755 3097 excusatione
785 3030 829 3096 sio
858 3029 967 3113 posito,
996 3035 1032 3095 ut
1060 3032 1158 3096 etiam
1179 3049 1240 3114 per·

175 3157 261 3202 verse
295 3141 393 3220 priore
428 3138 493 3203 ioco
523 3137 692 3204 masculino
722 3156 833 3221 genere
856 3135 1056 3218 acciperetur,
1078 3139 1244 3222 posteriora

176 3243 321 3310 feminino
343 3245 454 3322 (θεῶν
485 3245 592 3331 μιᾶς),
626 3243 829 3310 recentissimi
862 3243 995 3308 editores
1031 3245 1167 3329 utraque
1198 3261 1240 3308 re·

175 3347 375 3434 prehensiorre
405 3352 435 3416 iu
466 3369 557 3416 unam
589 3350 720 3416 conflata
741 3350 781 3415 cd
803 3368 870 3415 eam
893 3349 1101 3416 mouendam
1126 3367 1245 3435 prorsus

175 3457 346 3523 temerariis
370 3458 402 3522 et
421 3458 572 3539 peruersis
594 3457 738 3523 remediis
761 3456 807 3521 usi
830 3457 949 3529 sunt.*›

225 3665 250 3734 *t
270 3665 430 3722 Diudorfius
449 3667 572 3737 scripsit:

385 3757 499 3827 Ἀτλας,
520 3757 535 3818 ὃ
558 3761 732 3832 χαλκόνωτος
751 3758 873 3829 οὐρανὸν
891 3761 968 3814 θεῶν

391 3850 464 3924 dxciv
483 3855 603 3912 παλαιὸν
622 3852 699 3913 οἷκον
721 3854 751 3910 ἐκ
768 3857 853 3924 τριῶν
870 3856 936 3923 μιᾶς

389 3949 466 4003 θεῶν
484 3946 569 4017 ἔφυσε
588 3952 686 4004 Μαῖαν
705 3970 728 4003 κ.
746 3968 770 4003 τ.
791 3953 814 4003 t.

273 4038 340 4093 satis
367 4039 482 4096 licenter
509 4042 599 4097 verbis
627 4043 804 4112 transpositis
832 4047 859 4097 et
886 4040 1014 4109 mutatis3
1043 4040 1131 4112 longe
1161 4048 1245 4098 meu

272 4129 403 4188 audacius
423 4134 637 4191 Heruerdenus:
