2678 5016
476 582 589 637 Statius
626 583 717 639 Silius.
1030 589 1087 653 161

59 797 195 861 apooeee
231 778 327 859 (nam
363 777 558 840 νανίεείπιωη
599 798 667 862 pru·
686 779 912 844 &marimum
951 786 1014 853 iam
1051 789 1130 857 Bar.

60 882 162 959 Ilicem
198 884 235 946 in
274 882 380 964 quarti
417 883 535 947 media:
572 893 659 946 tuum
700 884 822 968 quidem
854 886 944 950 etium
981 893 1129 957 condisci-

60 987 169 1070 pulum,
211 988 268 1049 aed
300 984 380 1047 milri
412 988 511 1048 eitra
545 995 611 1071 (pro
634 992 751 1067 conta)
774 988 829 1053 Icoc
850 995 1037 1076 quaequetunc
1058 1019 1128 1062 arc·

65 1092 167 1155 tbcime
203 1115 326 1170 canum,
358 1091 392 1156 id
421 1093 490 1169 ot,
522 1093 588 1157 siue
621 1094 677 1158 boc
698 1094 764 1159 iure
785 1095 1060 1178 condiscipulatus3
1095 1104 1127 1168 iu

67 1197 165 1262 Mem
199 1200 354 1262 extrema:
401 1196 495 1259 Hunc
526 1207 625 1260 tumen
652 1197 764 1260 librum
795 1209 836 1275 tu,
873 1199 1030 1279 Μονσείλε,
1066 1206 1128 1269 de.

67 1301 187 1381 fende,
211 1304 296 1379 sed,
318 1303 347 1364 ei
366 1303 493 1375 abror,
510 1299 662 1375 hacteuus,
683 1304 717 1379 si
739 1304 853 1366 nimia
878 1304 1128 1388 reprehendimur

70 1407 188 1481 (editurz
212 1407 365 1492 defersdcs.
410 1405 463 1481 Et,
486 1406 527 1469 si.
541 1453 548 1469 .
562 1404 727 1480 ‚baeterrae
748 1408 796 1468 siu
817 1410 927 1485 mincis,
948 1411 1127 1493 repercutere-

71 1510 197 1590 dcmur).
248 1512 363 1577 Contra
395 1513 522 1577 nimiam
550 1513 672 1576 tantum
705 1512 974 1592 reprehensionem
1005 1514 1127 1582 defendi
1140 1503 1150 1593 ¹,

71 1633 97 1679 se
116 1618 213 1700 cupit,
236 1619 337 1683 leuem
361 1619 394 1682 et
415 1616 602 1682 mediocrem
624 1634 710 1698 aequo
732 1616 835 1681 animo
858 1617 1022 1684 subiturus.

161 1826 233 1894 Silii
266 1826 373 1894 Italici
409 1825 591 1889 Punicorum
622 1826 743 1888 tantum
780 1826 884 1908 partes
922 1824 985 1908 legi
1013 1844 1124 1910 easque
1171 1867 1175 1871 ,

72 1931 238 2004 celerrime,
274 1930 388 2013 partim
420 1928 638 2012 cognoscenda
657 1929 798 1994 universe
830 1929 935 1994 forma
971 1933 1124 2013 poematIs

70 2053 166 2108 causa,
200 2034 313 2117 partim
350 2033 555 2097 narrationem
587 2052 690 2098 rerum
712 2053 781 2098 eum
816 2033 902 2098 Livio
920 2052 1124 2118 comparans.

69 2139 99 2203 ln
120 2159 180 2224 qua
203 2139 326 2223 legendi
348 2136 506 2203 celeritate
529 2139 556 2202 si
577 2157 637 2221 qua
661 2142 777 2216 umen,
810 2157 881 2203 cum
903 2158 963 2204 uno
985 2143 1123 2225 exemplu

68 2243 229 2328 Bipoutiuo
260 2247 372 2317 uterer,
406 2245 602 2308 occurrerunt
635 2243 740 2308 mendi
762 2244 936 2319 manifesta,
959 2247 1123 2312 emendatu

67 2349 175 2426 buida
200 2369 306 2415 eorum
341 2350 547 2436 correctiones
572 2348 635 2412 lere
661 2347 771 2430 ubique
809 2348 847 2412 ab
869 2349 937 2415 aliis
961 2353 1123 2434 occupatas

66 2458 177 2538 postea,
212 2453 380 2520 maioribus
417 2454 603 2518 editionibus
639 2451 800 2534 inspectis,
820 2493 822 2497 .
844 2454 922 2530 uidi,
964 2455 1122 2540 neglectus

65 2562 165 2625 tamen
198 2560 387 2643 plerumque
406 2560 499 2625 etiam
533 2548 719 2641 allupertio
753 2558 850 2634 (uelut
876 2559 1011 2625 omnium
1033 2578 1123 2642 aper·

64 2665 215 2729 flammam
249 2666 282 2729 et
304 2663 484 2728 facillimam
519 2664 605 2736 VIII,
641 2663 702 2726 318
734 2663 854 2725 indeuia
885 2664 961 2726 recti
988 2673 1122 2747 pectora,

64 2771 113 2836 ubi
134 2772 258 2836 tantum
280 2770 390 2835 littera
423 2787 515 2851 prave
536 2754 755 2844 dividuntur).‘
790 2769 898 2851 ltaque
919 2772 1052 2846 tautum,
1083 2787 1123 2833 ue

64 2878 150 2958 plane
176 2876 250 2954 ‚siue
277 2874 417 2958 symbola
438 2873 531 2938 Silius
552 2875 795 2947 transmittatur,
832 2873 906 2938 duos
935 2872 1005 2937 libri
1028 2872 1120 2955 primi

65 2982 142 3047 locos
165 2981 327 3064 attingam.
375 2977 455 3044 Nam
478 2999 506 3043 v.
531 2978 581 3056 36,
603 2978 655 3043 ubi
680 2978 723 3043 sic
744 2977 905 3043 edebatur:

519 3083 733 3167 Dux'agmiua
755 3082 872 3148 sufficit
893 3099 972 3147 unua

194 3190 332 3256 turbanti
354 3192 453 3256 terras
475 3192 661 3273 pontumque
684 3206 806 3252 movere
828 3187 949 3269 paranti

63 3297 210 3377 (lunoni),
232 3298 314 3362 recte
335 3294 530 3360 intellectum
551 3298 607 3367 eat,
642 3313 701 3383 uou
732 3294 782 3377 agi
814 3294 852 3357 de
874 3291 1046 3357 Hannibale
1068 3311 1123 3377 ag-

60 3403 142 3468 mina
163 3402 274 3467 quuui
295 3391 476 3473 sufficiente,
499 3398 557 3464 hoc
580 3402 628 3464 est
656 3397 871 3480 suppeditante
901 3398 1001 3480 (quasi
1023 3397 1124 3479 agmi-

60 3508 147 3573 uibus
172 3505 252 3572 luno
275 3505 403 3589 eguerit,
440 3522 507 3587 qnae
529 3505 596 3585 ipsa
617 3504 751 3579 duceret,
786 3520 822 3566 ac
843 3521 901 3566 uon
924 3502 1007 3583 pacis
1028 3502 1123 3565 loede·

60 3611 378 3697 communicatore),
410 3607 466 3672 sed
499 3609 537 3674 de
559 3608 733 3674 Hannibale
757 3625 826 3671 wurro
860 3607 919 3672 toti
941 3607 984 3670 rei
1008 3606 1123 3671 suffici·

61 3721 138 3785 ente.
193 3718 302 3800 Itaque
333 3733 414 3779 nuuc
435 3712 551 3788 editur,
574 3713 688 3780 codicis
710 3713 805 3778 etium
838 3711 964 3794 perboni
989 3710 1122 3776 auctori·

59 3826 131 3898 tate,
154 3833 247 3899 cerro,
268 3822 305 3885 ut
325 3819 434 3884 luuoni
458 3818 585 3902 syrtica
606 3820 741 3881 turbanti
764 3817 904 3882 sufficere
926 3816 1055 3889 dicatur,
1083 3835 1122 3881 ne

60 3928 90 3992 id
125 3927 252 4012 quidem
284 3927 368 3990 recte
400 3926 454 3988 aut
489 3924 701 3989 tolerabiliter.
755 3921 862 4004 Neque
885 3922 966 3985 euim
989 3921 1122 4003 agmina,

62 4053 125 4117 qua
147 4034 311 4098 etiamtum
333 4029 419 4093 uuila
439 4031 538 4104 eruut,
570 4033 622 4094 aut
654 4030 755 4113 potius
785 4028 934 4091 exercitus
957 4027 1033 4090 luno
1056 4031 1122 4090 tur·

61 4139 153 4220 bavit,
191 4137 269 4220 quod
304 4134 435 4218 intelligi
468 4135 560 4199 debet
591 4134 628 4198 de
666 4132 855 4198 concitandis
889 4130 1118 4211 monendisque,

63 4245 114 4309 sed
158 4262 216 4308 usu
256 4239 403 4324 loquendi
446 4235 529 4303 aliud
574 4238 738 4323 siguificat.
803 4234 1006 4300 Scribendum
1050 4235 1118 4299 sine

65 4348 151 4411 dubio
172 4349 232 4412 est:

110 4451 215 4486 neowan
227 4455 307 4487 smn.
319 4451 370 4485 em.
393 4448 414 4483 ll.
891 4453 919 4497 n
