2662 5046
450 673 585 733 eramen
603 673 753 730 cauom
1035 673 1096 738 sne
1185 650 1189 658 ’

8 941 12 953 ἢ
70 872 205 956 publiea
224 877 295 939 ant
323 872 484 938 omnino
506 889 578 936 nen
606 871 785 937 luissent
842 864 1063 959 Deindess'qnod
1084 894 1139 942 se·

70 979 176 1060 quitur:
203 980 278 1045 Sed
299 977 505 1063 publicam
522 994 677 1042 causam
699 979 832 1042 centra
852 978 927 1044 vim
948 983 1133 1049 armatam

68 1084 143 1150 sins
171 1087 306 1169 pepuli
333 1081 525 1169 praesidie
547 1083 744 1166 suscipere
774 1084 893 1162 nolui,
925 1086 1134 1169 apertissimis

67 1190 162 1256 verbis
179 1191 289 1258 (licere
304 1209 369 1256 nen
387 1188 535 1274 populum
550 1188 611 1253 sibi
627 1188 681 1254 sed
698 1189 840 1255 consules
853 1189 986 1258 defuisse
996 1192 1083 1268 dixit,
1102 1195 1140 1260 st

66 1296 153 1374 iniis,
173 1312 244 1380 quae
259 1294 397 1376 subiicit,
418 1295 453 1362 P.
466 1293 612 1360 Nasicam
629 1295 693 1360 aP.
704 1295 807 1360 llneic
823 1296 949 1363 consuls
971 1297 1132 1364 defensum

65 1403 261 1475 stornatum
284 1402 517 1467 commemorat
561 1401 668 1484 ltaque
690 1400 742 1465 hic
763 1401 940 1485 scripserat:
960 1402 1044 1469 sine
1058 1425 1134 1487 pu·

65 1506 161 1570 tliec
182 1507 366 1590 prasidio
388 1507 581 1586 (consulum).
623 1506 928 1591 [steenstraten]
962 1508 1056 1584 Tum,
1079 1509 1132 1591 qni

63 1616 251 1677 armatam
273 1613 348 1678 vim
369 1613 613 1678 adversariorum
636 1612 810 1696 pellendam
831 1613 928 1679 fnisse
950 1612 1041 1692 dicit,
1077 1632 1132 1678 ne·

63 1737 121 1802 qus
146 1721 178 1784 in
201 1738 236 1785 se
265 1737 362 1802 neque
383 1718 415 1783 in
436 1735 489 1795 ec,
521 1734 659 1800 quocum]
677 1735 711 1783 ss
740 1719 917 1802 comparat,
946 1719 982 1784 P.
1004 1717 1130 1799 Nasica,

63 1826 135 1890 vim
155 1824 317 1908 appellare
348 1824 459 1906 potuit.
514 1821 671 1905 Scriptum
697 1823 793 1891 fritrss
824 1824 960 1909 suspicer
991 1823 1033 1888 ad
1052 1823 1139 1890 tanc·

61 1931 211 1997 termam:
259 1948 331 1994 nen
367 1947 438 2011 quc
474 1929 566 1994 mihi
602 1929 636 1994 P.
669 1928 878 2013 Scipionis,
923 1930 1136 1996 fortissimi

61 2037 151 2113 viri,
188 2039 313 2097 virtue
346 2035 384 2099 in
419 2035 471 2101 ui.
511 2031 731 2120 [Grccetm]
768 2035 912 2119 privati
949 2034 1136 2114 heminis,¹

60 2140 302 2224 displiceret.
351 2140 428 2206 Post
448 2141 522 2207 uiri
544 2140 750 2217 exercituin,
772 2142 922 2207 remansit
943 2143 1005 2207 tus
1026 2143 1136 2208 trans-·

59 2247 156 2329 litque
176 2246 211 2310 in
233 2248 308 2321 uis;
329 2264 404 2311 nam
426 2246 491 2311 haec
510 2246 561 2311 vix
582 2245 797 2313 discernmtur
820 2247 872 2326 (tn
894 2248 926 2313 et
946 2248 1007 2326 ni).

160 2351 229 2418 lbd.
251 2350 307 2416 93:
340 2351 407 2417 sed
429 2351 460 2417 si
481 2352 576 2417 mihi
601 2401 610 2418 .
632 2401 641 2418 .
664 2400 673 2419 .
700 2352 800 2418 nihil
832 2372 993 2437 unquam
1020 2353 1134 2419 aliud

58 2458 259 2523 abiectum
292 2460 351 2523 est
382 2456 459 2523 nisi
490 2458 703 2525 crudelitas
730 2478 773 2525 ea
794 2460 905 2525 unius
927 2459 1132 2540 temporie,

58 2583 188 2630 cuma
220 2564 350 2648 patria
372 2564 582 2646 perniciem
619 2565 758 2650 depuli.
813 2565 859 2630 Ex
894 2564 952 2629 hac
983 2562 1134 2629 codicum,

56 2671 210 2754 sciptura
231 2688 329 2752 nuper
353 2670 471 2736 laetum
494 2671 544 2736 est
564 2669 778 2736 crudelitas
800 2689 880 2737 mea
901 2666 1012 2737 nnius
1034 2673 1132 2735 tem-1

55 2778 174 2860 poris,
210 2775 390 2860 pronomine
417 2775 607 2853 abnndante;
640 2777 755 2844 rectius
776 2776 898 2844 ridetur
930 2794 1015 2842 essse
1050 2774 1134 2840 nisi

56 2880 273 2946 crudelitas
294 2891 326 2943 et
348 2894 391 2944 ea
413 2881 524 2949 unius
547 2882 743 2964 temporis.

158 2985 229 3051 lbd.
258 2985 314 3052 98:
348 2979 433 3053 haec‘
458 2989 583 3054 emnia
613 2986 743 3054 subire
779 2986 1123 3054 conservandorum
1241 2971 1244 2978 ’

56 3093 196 3158 civium
220 3111 335 3159 causa
355 3095 471 3178 atque
492 3094 563 3173 ita,
588 3112 674 3160 cum·
691 3092 865 3185 dolenter
885 3092 986 3157 ieras
1008 3092 1046 3158 et
1071 3091 1124 3157 sis

58 3198 116 3273 (sic
137 3198 256 3280 optime
277 3198 422 3266 Baiterus
445 3219 499 3283 pre
532 3200 707 3265 dolenter
726 3216 766 3264 es
789 3202 827 3264 et
846 3197 918 3281 sis)
945 3215 1017 3262 non
1043 3196 1127 3263 tam*v

57 3304 210 3386 sapiens
233 3305 408 3386 premii,
432 3308 496 3390 qui
521 3352 530 3371 .
553 3352 562 3371 .
584 3352 614 3380 .,
638 3323 680 3370 ea
700 3304 987 3389 lans‘praeclare
1008 3305 1121 3386 etque

59 3405 187 3473 divina
208 3408 277 3475 est.
328 3409 389 3475 Vix
409 3411 474 3477 lere
494 3414 608 3495 atque
634 3410 704 3493 ita,
737 3428 893 3495 cumpro
917 3427 952 3474 ec
973 3410 1119 3492 pesitum,

59 3513 135 3592 quod
176 3515 227 3579 est
266 3513 381 3597 idque
423 3537 519 3592 enm,
559 3534 731 3599 vereorque,
764 3532 804 3581 ne
840 3515 955 3582 subsit:
991 3513 1122 3580 subire

61 3618 403 3686 conservandorum
460 3623 601 3690 civium
653 3639 767 3688 cansa
813 3641 929 3706 aequa
982 3619 1124 3696 attare,

60 3737 133 3787 cnm
164 3725 224 3789 cet.

152 3829 221 3894 lbd.
244 3829 303 3895 99:
344 3829 467 3910 Quare
499 3866 543 3880 -
570 3832 809 3915 dirumpatur
832 3831 926 3896 licet
951 3831 1033 3897 ista·
1059 3832 1121 3897 lu-

64 3931 113 3997 ris
138 3937 253 4019 atque
275 3935 410 4001 audiat
430 3938 507 4004 hnc
530 3956 571 4002 ex
592 3954 666 4015 me,
697 3937 872 4022 quoniam
903 3937 1120 4017 lacessivit,

65 4070 100 4084 -
129 4040 186 4107 bis
223 4043 378 4108 servavi
404 4061 517 4125 remp.
566 4044 692 4128 Optime
724 4042 849 4109 dicitur:
882 4042 1122 4127 dirumpatur

66 4139 151 4210 licet
171 4147 242 4224 (hoc
264 4148 330 4213 est:
363 4147 476 4227 dicam,
498 4148 622 4215 etiamsi
645 4148 858 4230 dirumpatur),
886 4147 1115 4232 perversissime

1 4327 2 4339 ἵ
68 4242 149 4314 lieet
181 4253 312 4319 audiat
350 4254 419 4332 (hcc
440 4255 502 4321 est:
533 4255 646 4333 dicam,
667 4253 789 4320 etiamsi
810 4254 940 4334 audiat),
978 4254 1121 4338 queniam

1 4346 3 4422 ἰ
70 4345 126 4415 hac
151 4359 302 4444 sentemia
330 4361 389 4435 eet,
411 4357 535 4426 etiamsi
560 4361 753 4443 dirumpatur
779 4359 1117 4439 clementinorum

1 4426 3 4540 Ῐ
73 4448 206 4527 dicturum
237 4464 388 4548 illumque
421 4465 525 4532 audire
556 4469 744 4534 coacturum.
787 4466 961 4550 Scripserat
996 4465 1117 4532 Cicero:

1 4716 3 4774 l

1 4778 3 4896 l
