<?xml version="1.0" encoding="UTF-8"?>
<!DOCTYPE html PUBLIC "-//W3C//DTD XHTML 1.0 Transitional//EN"
    "http://www.w3.org/TR/xhtml1/DTD/xhtml1-transitional.dtd">
<html xmlns="http://www.w3.org/1999/xhtml" xml:lang="en" lang="en">
 <head>
  <title>
</title>
<meta http-equiv="Content-Type" content="text/html;charset=utf-8" />
  <meta name='ocr-system' content='tesseract 3.04.00' />
  <meta name='ocr-capabilities' content='ocr_page ocr_carea ocr_par ocr_line ocrx_word'/>
</head>
<body>
  <div class='ocr_page' id='page_1' title='image "./ioniemadvigiiad00madvgoog_0933.png"; bbox 0 0 2654 5010; ppageno 0'>
   <div class='ocr_carea' id='block_1_1' title="bbox 516 610 1069 673">
    <p class='ocr_par' dir='ltr' id='par_1_1' title="bbox 516 610 1069 673">
     <span class='ocr_line' id='line_1_1' title="bbox 516 610 1069 673; baseline -0.002 -8"><span class='ocrx_word' id='word_1_1' title='bbox 516 610 638 667; x_wconf 76' lang='lat' dir='ltr'><strong>Tacitus.</strong></span> <span class='ocrx_word' id='word_1_2' title='bbox 1009 610 1069 673; x_wconf 75' lang='grc'><strong>237</strong></span> 
     </span>
    </p>
   </div>
   <div class='ocr_carea' id='block_1_2' title="bbox 32 803 1115 2586">
    <p class='ocr_par' dir='ltr' id='par_1_2' title="bbox 32 803 1115 2586">
     <span class='ocr_line' id='line_1_2' title="bbox 144 803 1111 887; baseline 0.004 -17"><span class='ocrx_word' id='word_1_3' title='bbox 144 803 221 870; x_wconf 91' lang='lat' dir='ltr'><strong>lhid.</strong></span> <span class='ocrx_word' id='word_1_4' title='bbox 244 806 301 868; x_wconf 75' lang='lat'><strong>54:</strong></span> <span class='ocrx_word' id='word_1_5' title='bbox 325 805 534 873; x_wconf 89' lang='lat' dir='ltr'><strong>Postremo</strong></span> <span class='ocrx_word' id='word_1_6' title='bbox 555 807 728 886; x_wconf 77' lang='lat' dir='ltr'><strong>(Sceninus</strong></span> <span class='ocrx_word' id='word_1_7' title='bbox 750 827 767 873; x_wconf 88' lang='lat' dir='ltr'><strong>e</strong></span> <span class='ocrx_word' id='word_1_8' title='bbox 789 806 912 873; x_wconf 87' lang='lat' dir='ltr'><strong>Pisonis</strong></span> <span class='ocrx_word' id='word_1_9' title='bbox 930 807 1111 887; x_wconf 87' lang='lat' dir='ltr'><strong>esniurstis)</strong></span> 
     </span>
     <span class='ocr_line' id='line_1_3' title="bbox 34 909 1113 999; baseline 0.006 -25"><span class='ocrx_word' id='word_1_10' title='bbox 34 909 286 976; x_wconf 71' lang='lat' dir='ltr'><strong>uulneribus</strong></span> <span class='ocrx_word' id='word_1_11' title='bbox 307 911 549 997; x_wconf 75' lang='lat' dir='ltr'><strong>ligamenta,</strong></span> <span class='ocrx_word' id='word_1_12' title='bbox 573 913 798 999; x_wconf 74' lang='lat' dir='ltr'><strong>quibusque</strong></span> <span class='ocrx_word' id='word_1_13' title='bbox 828 912 997 979; x_wconf 90' lang='lat' dir='ltr'><strong>sistitur</strong></span> <span class='ocrx_word' id='word_1_14' title='bbox 1018 934 1113 980; x_wconf 86' lang='lat' dir='ltr'><strong>san·</strong></span> 
     </span>
     <span class='ocr_line' id='line_1_4' title="bbox 38 1015 1111 1102; baseline 0.002 -22"><span class='ocrx_word' id='word_1_15' title='bbox 38 1015 151 1100; x_wconf 75' lang='lat' dir='ltr'><strong>guis,</strong></span> <span class='ocrx_word' id='word_1_16' title='bbox 174 1017 465 1102; x_wconf 88' lang='lat' dir='ltr'><strong>partiebstque</strong></span> <span class='ocrx_word' id='word_1_17' title='bbox 488 1018 654 1085; x_wconf 89' lang='lat' dir='ltr'><strong>eundem</strong></span> <span class='ocrx_word' id='word_1_18' title='bbox 672 1018 884 1085; x_wconf 73' lang='lat' dir='ltr'><strong>Milichum</strong></span> <span class='ocrx_word' id='word_1_19' title='bbox 905 1022 1111 1085; x_wconf 85' lang='lat' dir='ltr'><strong>mouetcst.</strong></span> 
     </span>
     <span class='ocr_line' id='line_1_5' title="bbox 41 1121 1112 1209; baseline 0.002 -22"><span class='ocrx_word' id='word_1_20' title='bbox 41 1121 219 1188; x_wconf 77' lang='lat' dir='ltr'><strong>Desiderari</strong></span> <span class='ocrx_word' id='word_1_21' title='bbox 244 1124 320 1202; x_wconf 76' lang='lat' dir='ltr'><strong>eius,</strong></span> <span class='ocrx_word' id='word_1_22' title='bbox 343 1124 424 1207; x_wconf 87' lang='lat' dir='ltr'><strong>qued</strong></span> <span class='ocrx_word' id='word_1_23' title='bbox 448 1123 606 1190; x_wconf 82' lang='lat' dir='ltr'><strong>Scaevinus</strong></span> <span class='ocrx_word' id='word_1_24' title='bbox 628 1123 792 1191; x_wconf 81' lang='lat' dir='ltr'><strong>Milichum</strong></span> <span class='ocrx_word' id='word_1_25' title='bbox 818 1125 982 1202; x_wconf 86' lang='lat' dir='ltr'><strong>monuerit,</strong></span> <span class='ocrx_word' id='word_1_26' title='bbox 1012 1124 1112 1209; x_wconf 79' lang='lat' dir='ltr'><strong>signi·</strong></span> 
     </span>
     <span class='ocr_line' id='line_1_6' title="bbox 36 1227 1109 1314; baseline 0.003 -21"><span class='ocrx_word' id='word_1_27' title='bbox 36 1227 221 1293; x_wconf 84' lang='lat' dir='ltr'><strong>ficationem</strong></span> <span class='ocrx_word' id='word_1_28' title='bbox 242 1231 385 1312; x_wconf 83' lang='lat' dir='ltr'><strong>apparet3</strong></span> <span class='ocrx_word' id='word_1_29' title='bbox 409 1228 514 1314; x_wconf 85' lang='lat' dir='ltr'><strong>itaque</strong></span> <span class='ocrx_word' id='word_1_30' title='bbox 536 1230 711 1297; x_wconf 87' lang='lat' dir='ltr'><strong>coniectura</strong></span> <span class='ocrx_word' id='word_1_31' title='bbox 732 1229 877 1297; x_wconf 73' lang='lat' dir='ltr'><strong>scribitur</strong></span> <span class='ocrx_word' id='word_1_32' title='bbox 899 1250 918 1296; x_wconf 89' lang='lat' dir='ltr'><strong>a</strong></span> <span class='ocrx_word' id='word_1_33' title='bbox 939 1231 1109 1297; x_wconf 82' lang='lat' dir='ltr'><strong>nonnullis:</strong></span> 
     </span>
     <span class='ocr_line' id='line_1_7' title="bbox 39 1334 1112 1420; baseline 0.001 -20"><span class='ocrx_word' id='word_1_34' title='bbox 39 1335 253 1418; x_wconf 83' lang='lat' dir='ltr'><strong>partiehat</strong></span> <span class='ocrx_word' id='word_1_35' title='bbox 274 1334 411 1419; x_wconf 83' lang='lat' dir='ltr'><strong>idque,</strong></span> <span class='ocrx_word' id='word_1_36' title='bbox 433 1354 509 1420; x_wconf 87' lang='lat' dir='ltr'><strong>quos</strong></span> <span class='ocrx_word' id='word_1_37' title='bbox 530 1337 685 1403; x_wconf 81' lang='lat' dir='ltr'><strong>offendere</strong></span> <span class='ocrx_word' id='word_1_38' title='bbox 706 1337 769 1402; x_wconf 88' lang='lat' dir='ltr'><strong>iam</strong></span> <span class='ocrx_word' id='word_1_39' title='bbox 791 1336 924 1403; x_wconf 88' lang='lat' dir='ltr'><strong>debebst</strong></span> <span class='ocrx_word' id='word_1_40' title='bbox 944 1336 1010 1404; x_wconf 81' lang='lat' dir='ltr'><strong>baec</strong></span> <span class='ocrx_word' id='word_1_41' title='bbox 1030 1337 1112 1402; x_wconf 88' lang='lat' dir='ltr'><strong>tem·</strong></span> 
     </span>
     <span class='ocr_line' id='line_1_8' title="bbox 35 1441 1112 1527; baseline 0.001 -21"><span class='ocrx_word' id='word_1_42' title='bbox 35 1460 152 1524; x_wconf 88' lang='lat' dir='ltr'><strong>perum</strong></span> <span class='ocrx_word' id='word_1_43' title='bbox 176 1442 384 1523; x_wconf 85' lang='lat' dir='ltr'><strong>inaequalitas:</strong></span> <span class='ocrx_word' id='word_1_44' title='bbox 418 1443 627 1524; x_wconf 90' lang='lat' dir='ltr'><strong>partiebat</strong></span> <span class='ocrx_word' id='word_1_45' title='bbox 660 1442 780 1527; x_wconf 85' lang='lat' dir='ltr'><strong>idque</strong></span> <span class='ocrx_word' id='word_1_46' title='bbox 809 1489 848 1506; x_wconf 88' lang='lat'><strong>..</strong></span> <span class='ocrx_word' id='word_1_47' title='bbox 876 1444 1023 1520; x_wconf 82' lang='lat' dir='ltr'><strong>menet,</strong></span> <span class='ocrx_word' id='word_1_48' title='bbox 1056 1441 1112 1508; x_wconf 92' lang='lat' dir='ltr'><strong>sed</strong></span> 
     </span>
     <span class='ocr_line' id='line_1_9' title="bbox 41 1546 1112 1633; baseline 0.001 -21"><span class='ocrx_word' id='word_1_49' title='bbox 41 1546 145 1612; x_wconf 88' lang='lat' dir='ltr'><strong>multo</strong></span> <span class='ocrx_word' id='word_1_50' title='bbox 166 1549 267 1632; x_wconf 76' lang='lat' dir='ltr'><strong>magis</strong></span> <span class='ocrx_word' id='word_1_51' title='bbox 288 1547 334 1612; x_wconf 89' lang='lat' dir='ltr'><strong>rei</strong></span> <span class='ocrx_word' id='word_1_52' title='bbox 356 1565 487 1613; x_wconf 79' lang='lat' dir='ltr'><strong>narrasse</strong></span> <span class='ocrx_word' id='word_1_53' title='bbox 508 1551 659 1632; x_wconf 80' lang='lat' dir='ltr'><strong>pravitas3</strong></span> <span class='ocrx_word' id='word_1_54' title='bbox 689 1550 759 1633; x_wconf 84' lang='lat' dir='ltr'><strong>quis</strong></span> <span class='ocrx_word' id='word_1_55' title='bbox 780 1550 862 1615; x_wconf 86' lang='lat' dir='ltr'><strong>enim</strong></span> <span class='ocrx_word' id='word_1_56' title='bbox 885 1548 999 1629; x_wconf 78' lang='lat' dir='ltr'><strong>credat,</strong></span> <span class='ocrx_word' id='word_1_57' title='bbox 1023 1567 1112 1616; x_wconf 86' lang='lat' dir='ltr'><strong>sens·</strong></span> 
     </span>
     <span class='ocr_line' id='line_1_10' title="bbox 34 1653 1113 1739; baseline -0.001 -19"><span class='ocrx_word' id='word_1_58' title='bbox 34 1655 141 1720; x_wconf 83' lang='lat' dir='ltr'><strong>terem</strong></span> <span class='ocrx_word' id='word_1_59' title='bbox 177 1653 346 1719; x_wconf 83' lang='lat' dir='ltr'><strong>Romanum</strong></span> <span class='ocrx_word' id='word_1_60' title='bbox 392 1654 476 1735; x_wconf 91' lang='lat' dir='ltr'><strong>prius</strong></span> <span class='ocrx_word' id='word_1_61' title='bbox 501 1655 602 1738; x_wconf 89' lang='lat' dir='ltr'><strong>ipsum</strong></span> <span class='ocrx_word' id='word_1_62' title='bbox 629 1654 800 1739; x_wconf 78' lang='lat' dir='ltr'><strong>ligamenta</strong></span> <span class='ocrx_word' id='word_1_63' title='bbox 826 1655 986 1720; x_wconf 87' lang='lat' dir='ltr'><strong>vulnerum</strong></span> <span class='ocrx_word' id='word_1_64' title='bbox 1011 1658 1043 1720; x_wconf 89' lang='lat' dir='ltr'><strong>et</strong></span> <span class='ocrx_word' id='word_1_65' title='bbox 1068 1655 1113 1721; x_wconf 90' lang='lat' dir='ltr'><strong>si·</strong></span> 
     </span>
     <span class='ocr_line' id='line_1_11' title="bbox 38 1758 1112 1843; baseline 0.001 -19"><span class='ocrx_word' id='word_1_66' title='bbox 38 1759 148 1825; x_wconf 87' lang='lat' dir='ltr'><strong>stendi</strong></span> <span class='ocrx_word' id='word_1_67' title='bbox 170 1759 329 1843; x_wconf 83' lang='lat' dir='ltr'><strong>sanguinis</strong></span> <span class='ocrx_word' id='word_1_68' title='bbox 352 1759 489 1826; x_wconf 88' lang='lat' dir='ltr'><strong>subsidia</strong></span> <span class='ocrx_word' id='word_1_69' title='bbox 510 1779 569 1826; x_wconf 87' lang='lat' dir='ltr'><strong>nen</strong></span> <span class='ocrx_word' id='word_1_70' title='bbox 593 1760 692 1826; x_wconf 87' lang='lat' dir='ltr'><strong>selum</strong></span> <span class='ocrx_word' id='word_1_71' title='bbox 713 1777 910 1842; x_wconf 77' lang='lat' dir='ltr'><strong>preparasse.</strong></span> <span class='ocrx_word' id='word_1_72' title='bbox 940 1758 994 1824; x_wconf 88' lang='lat' dir='ltr'><strong>ssd</strong></span> <span class='ocrx_word' id='word_1_73' title='bbox 1016 1759 1112 1825; x_wconf 86' lang='lat' dir='ltr'><strong>etiam</strong></span> 
     </span>
     <span class='ocr_line' id='line_1_12' title="bbox 35 1864 1112 1950; baseline -0.003 -18"><span class='ocrx_word' id='word_1_74' title='bbox 35 1867 126 1932; x_wconf 89' lang='lat' dir='ltr'><strong>inter</strong></span> <span class='ocrx_word' id='word_1_75' title='bbox 147 1867 325 1932; x_wconf 80' lang='lat' dir='ltr'><strong>coniuratos</strong></span> <span class='ocrx_word' id='word_1_76' title='bbox 346 1870 464 1933; x_wconf 88' lang='lat' dir='ltr'><strong>ceteros</strong></span> <span class='ocrx_word' id='word_1_77' title='bbox 487 1864 678 1950; x_wconf 82' lang='lat' dir='ltr'><strong>dispertisse,</strong></span> <span class='ocrx_word' id='word_1_78' title='bbox 701 1869 790 1949; x_wconf 86' lang='lat' dir='ltr'><strong>quasi</strong></span> <span class='ocrx_word' id='word_1_79' title='bbox 813 1864 928 1948; x_wconf 81' lang='lat' dir='ltr'><strong>singuli</strong></span> <span class='ocrx_word' id='word_1_80' title='bbox 950 1884 987 1930; x_wconf 88' lang='lat' dir='ltr'><strong>ea</strong></span> <span class='ocrx_word' id='word_1_81' title='bbox 1006 1884 1112 1932; x_wconf 91' lang='lat' dir='ltr'><strong>secum</strong></span> 
     </span>
     <span class='ocr_line' id='line_1_13' title="bbox 37 1972 1111 2056; baseline -0.004 -17"><span class='ocrx_word' id='word_1_82' title='bbox 37 1974 165 2056; x_wconf 86' lang='lat' dir='ltr'><strong>portare</strong></span> <span class='ocrx_word' id='word_1_83' title='bbox 188 1972 335 2036; x_wconf 87' lang='lat' dir='ltr'><strong>deberent</strong></span> <span class='ocrx_word' id='word_1_84' title='bbox 356 1990 457 2055; x_wconf 87' lang='lat' dir='ltr'><strong>usque</strong></span> <span class='ocrx_word' id='word_1_85' title='bbox 478 1973 536 2055; x_wconf 90' lang='lat' dir='ltr'><strong>ipsi</strong></span> <span class='ocrx_word' id='word_1_86' title='bbox 559 1991 676 2054; x_wconf 78' lang='lat' dir='ltr'><strong>putare,</strong></span> <span class='ocrx_word' id='word_1_87' title='bbox 706 1972 733 2037; x_wconf 90' lang='lat' dir='ltr'><strong>si</strong></span> <span class='ocrx_word' id='word_1_88' title='bbox 755 1990 831 2054; x_wconf 86' lang='lat' dir='ltr'><strong>epm</strong></span> <span class='ocrx_word' id='word_1_89' title='bbox 854 1976 945 2049; x_wconf 81' lang='lat' dir='ltr'><strong>esset,</strong></span> <span class='ocrx_word' id='word_1_90' title='bbox 979 1972 1111 2054; x_wconf 77' lang='lat' dir='ltr'><strong>possent</strong></span> 
     </span>
     <span class='ocr_line' id='line_1_14' title="bbox 33 2077 1112 2159; baseline -0.003 -15"><span class='ocrx_word' id='word_1_91' title='bbox 33 2078 154 2145; x_wconf 86' lang='lat' dir='ltr'><strong>deinde</strong></span> <span class='ocrx_word' id='word_1_92' title='bbox 178 2078 330 2143; x_wconf 89' lang='lat' dir='ltr'><strong>medicum</strong></span> <span class='ocrx_word' id='word_1_93' title='bbox 352 2097 453 2157; x_wconf 85' lang='lat' dir='ltr'><strong>suum,</strong></span> <span class='ocrx_word' id='word_1_94' title='bbox 475 2081 511 2143; x_wconf 92' lang='lat' dir='ltr'><strong>ut</strong></span> <span class='ocrx_word' id='word_1_95' title='bbox 531 2077 616 2143; x_wconf 91' lang='lat' dir='ltr'><strong>idem</strong></span> <span class='ocrx_word' id='word_1_96' title='bbox 630 2078 755 2154; x_wconf 83' lang='lat' dir='ltr'><strong>faceret,</strong></span> <span class='ocrx_word' id='word_1_97' title='bbox 773 2079 950 2143; x_wconf 79' lang='lat' dir='ltr'><strong>monuisse?</strong></span> <span class='ocrx_word' id='word_1_98' title='bbox 974 2077 1112 2159; x_wconf 77' lang='lat' dir='ltr'><strong>Apparet</strong></span> 
     </span>
     <span class='ocr_line' id='line_1_15' title="bbox 38 2181 1113 2251; baseline -0.003 0"><span class='ocrx_word' id='word_1_99' title='bbox 38 2185 123 2251; x_wconf 85' lang='lat' dir='ltr'><strong>hanc</strong></span> <span class='ocrx_word' id='word_1_100' title='bbox 143 2203 267 2250; x_wconf 87' lang='lat' dir='ltr'><strong>omnem</strong></span> <span class='ocrx_word' id='word_1_101' title='bbox 289 2181 404 2249; x_wconf 88' lang='lat' dir='ltr'><strong>medici</strong></span> <span class='ocrx_word' id='word_1_102' title='bbox 426 2202 529 2249; x_wconf 89' lang='lat' dir='ltr'><strong>curam</strong></span> <span class='ocrx_word' id='word_1_103' title='bbox 553 2183 658 2250; x_wconf 83' lang='lat' dir='ltr'><strong>inisse.</strong></span> <span class='ocrx_word' id='word_1_104' title='bbox 699 2184 766 2250; x_wconf 90' lang='lat' dir='ltr'><strong>Hoc</strong></span> <span class='ocrx_word' id='word_1_105' title='bbox 786 2183 948 2250; x_wconf 85' lang='lat' dir='ltr'><strong>intellecto</strong></span> <span class='ocrx_word' id='word_1_106' title='bbox 963 2183 1113 2249; x_wconf 78' lang='lat' dir='ltr'><strong>facillime</strong></span> 
     </span>
     <span class='ocr_line' id='line_1_16' title="bbox 32 2288 1111 2374; baseline -0.002 -19"><span class='ocrx_word' id='word_1_107' title='bbox 32 2289 82 2355; x_wconf 80' lang='lat' dir='ltr'><strong>ad</strong></span> <span class='ocrx_word' id='word_1_108' title='bbox 115 2307 221 2354; x_wconf 83' lang='lat' dir='ltr'><strong>verum</strong></span> <span class='ocrx_word' id='word_1_109' title='bbox 252 2288 482 2355; x_wconf 86' lang='lat' dir='ltr'><strong>inveniendum</strong></span> <span class='ocrx_word' id='word_1_110' title='bbox 505 2288 695 2367; x_wconf 76' lang='lat' dir='ltr'><strong>deducimur,</strong></span> <span class='ocrx_word' id='word_1_111' title='bbox 725 2288 985 2374; x_wconf 83' lang='lat' dir='ltr'><strong>manifestumque</strong></span> <span class='ocrx_word' id='word_1_112' title='bbox 1014 2290 1052 2357; x_wconf 91' lang='lat' dir='ltr'><strong>fit</strong></span> <span class='ocrx_word' id='word_1_113' title='bbox 1081 2291 1111 2354; x_wconf 91' lang='lat' dir='ltr'><strong>in</strong></span> 
     </span>
     <span class='ocr_line' id='line_1_17' title="bbox 39 2395 1112 2480; baseline -0.001 -19"><span class='ocrx_word' id='word_1_114' title='bbox 39 2397 98 2462; x_wconf 90' lang='lat' dir='ltr'><strong>illc</strong></span> <span class='ocrx_word' id='word_1_115' title='bbox 128 2396 416 2479; x_wconf 86' lang='lat' dir='ltr'><strong>partisbstque</strong></span> <span class='ocrx_word' id='word_1_116' title='bbox 445 2395 505 2462; x_wconf 88' lang='lat' dir='ltr'><strong>duo</strong></span> <span class='ocrx_word' id='word_1_117' title='bbox 536 2397 632 2461; x_wconf 83' lang='lat' dir='ltr'><strong>latere</strong></span> <span class='ocrx_word' id='word_1_118' title='bbox 655 2398 748 2463; x_wconf 86' lang='lat' dir='ltr'><strong>verba</strong></span> <span class='ocrx_word' id='word_1_119' title='bbox 769 2396 922 2479; x_wconf 88' lang='lat' dir='ltr'><strong>particula</strong></span> <span class='ocrx_word' id='word_1_120' title='bbox 942 2415 1016 2480; x_wconf 91' lang='lat' dir='ltr'><strong>qus</strong></span> <span class='ocrx_word' id='word_1_121' title='bbox 1038 2415 1112 2462; x_wconf 86' lang='lat' dir='ltr'><strong>cen·</strong></span> 
     </span>
     <span class='ocr_line' id='line_1_18' title="bbox 41 2501 1115 2586; baseline 0 -20"><span class='ocrx_word' id='word_1_122' title='bbox 41 2502 160 2579; x_wconf 83' lang='lat' dir='ltr'><strong>innsta‚</strong></span> <span class='ocrx_word' id='word_1_123' title='bbox 183 2502 344 2583; x_wconf 87' lang='lat' dir='ltr'><strong>praesentis</strong></span> <span class='ocrx_word' id='word_1_124' title='bbox 367 2503 516 2586; x_wconf 87' lang='lat' dir='ltr'><strong>temperis</strong></span> <span class='ocrx_word' id='word_1_125' title='bbox 539 2511 571 2568; x_wconf 89' lang='lat' dir='ltr'><strong>et</strong></span> <span class='ocrx_word' id='word_1_126' title='bbox 600 2501 787 2568; x_wconf 85' lang='lat' dir='ltr'><strong>coniunctiri</strong></span> <span class='ocrx_word' id='word_1_127' title='bbox 817 2501 911 2581; x_wconf 82' lang='lat' dir='ltr'><strong>modi,</strong></span> <span class='ocrx_word' id='word_1_128' title='bbox 940 2506 1115 2568; x_wconf 87' lang='lat' dir='ltr'><strong>smsnet</strong></span> 
     </span>
    </p>
   </div>
   <div class='ocr_carea' id='block_1_3' title="bbox 36 2606 1115 3116">
    <p class='ocr_par' dir='ltr' id='par_1_3' title="bbox 36 2606 1115 3116">
     <span class='ocr_line' id='line_1_19' title="bbox 36 2606 1115 2693; baseline 0.002 -22"><span class='ocrx_word' id='word_1_129' title='bbox 36 2607 220 2690; x_wconf 75' lang='lat' dir='ltr'><strong>pendentia.</strong></span> <span class='ocrx_word' id='word_1_130' title='bbox 263 2608 417 2693; x_wconf 83' lang='lat' dir='ltr'><strong>Scriptum</strong></span> <span class='ocrx_word' id='word_1_131' title='bbox 441 2608 537 2692; x_wconf 80' lang='lat' dir='ltr'><strong>igilur</strong></span> <span class='ocrx_word' id='word_1_132' title='bbox 560 2609 675 2674; x_wconf 81' lang='lat' dir='ltr'><strong>fuerat:</strong></span> <span class='ocrx_word' id='word_1_133' title='bbox 698 2606 907 2673; x_wconf 86' lang='lat' dir='ltr'><strong>Postremo</strong></span> <span class='ocrx_word' id='word_1_134' title='bbox 929 2607 1115 2673; x_wconf 85' lang='lat' dir='ltr'><strong>vulneri·</strong></span> 
     </span>
     <span class='ocr_line' id='line_1_20' title="bbox 39 2713 1115 2798; baseline 0.002 -21"><span class='ocrx_word' id='word_1_135' title='bbox 39 2713 1115 2798; x_wconf 79' lang='lat' dir='ltr'><strong>busligsmenta,quibusquesistitursanguis‚paret</strong></span> 
     </span>
     <span class='ocr_line' id='line_1_21' title="bbox 38 2817 1114 2904; baseline -0.002 -19"><span class='ocrx_word' id='word_1_136' title='bbox 38 2822 224 2904; x_wconf 80' lang='lat' dir='ltr'><strong>ematque,</strong></span> <span class='ocrx_word' id='word_1_137' title='bbox 258 2820 422 2886; x_wconf 88' lang='lat' dir='ltr'><strong>eundem</strong></span> <span class='ocrx_word' id='word_1_138' title='bbox 454 2819 666 2884; x_wconf 88' lang='lat' dir='ltr'><strong>Milichum</strong></span> <span class='ocrx_word' id='word_1_139' title='bbox 697 2819 838 2882; x_wconf 92' lang='lat' dir='ltr'><strong>monet.</strong></span> <span class='ocrx_word' id='word_1_140' title='bbox 885 2817 956 2882; x_wconf 85' lang='lat' dir='ltr'><strong>Alia</strong></span> <span class='ocrx_word' id='word_1_141' title='bbox 976 2820 1114 2899; x_wconf 81' lang='lat' dir='ltr'><strong>paranda</strong></span> 
     </span>
     <span class='ocr_line' id='line_1_22' title="bbox 41 2923 1114 3010; baseline -0.001 -20"><span class='ocrx_word' id='word_1_142' title='bbox 41 2927 137 2990; x_wconf 85' lang='lat' dir='ltr'><strong>erant</strong></span> <span class='ocrx_word' id='word_1_143' title='bbox 159 2927 217 3008; x_wconf 92' lang='lat' dir='ltr'><strong>ipsi</strong></span> <span class='ocrx_word' id='word_1_144' title='bbox 239 2925 369 3003; x_wconf 81' lang='lat' dir='ltr'><strong>medico,</strong></span> <span class='ocrx_word' id='word_1_145' title='bbox 393 2926 455 2990; x_wconf 88' lang='lat' dir='ltr'><strong>slis</strong></span> <span class='ocrx_word' id='word_1_146' title='bbox 478 2924 560 3010; x_wconf 85' lang='lat' dir='ltr'><strong>apud</strong></span> <span class='ocrx_word' id='word_1_147' title='bbox 583 2923 837 3007; x_wconf 83' lang='lat' dir='ltr'><strong>pharmacopolae</strong></span> <span class='ocrx_word' id='word_1_148' title='bbox 859 2923 998 2988; x_wconf 89' lang='lat' dir='ltr'><strong>emenda.</strong></span> <span class='ocrx_word' id='word_1_149' title='bbox 1032 2924 1114 3004; x_wconf 91' lang='lat' dir='ltr'><strong>[lam</strong></span> 
     </span>
     <span class='ocr_line' id='line_1_23' title="bbox 41 3030 695 3116; baseline -0.002 -19"><span class='ocrx_word' id='word_1_150' title='bbox 41 3031 194 3098; x_wconf 82' lang='lat' dir='ltr'><strong>Heinsius</strong></span> <span class='ocrx_word' id='word_1_151' title='bbox 216 3035 337 3116; x_wconf 88' lang='lat' dir='ltr'><strong>paret</strong></span> <span class='ocrx_word' id='word_1_152' title='bbox 360 3030 695 3114; x_wconf 77' lang='lat' dir='ltr'><strong>exhibeatque.]*)</strong></span> 
     </span>
    </p>
   </div>
   <div class='ocr_carea' id='block_1_4' title="bbox 40 3156 1127 3352">
    <p class='ocr_par' dir='ltr' id='par_1_4' title="bbox 40 3156 1127 3352">
     <span class='ocr_line' id='line_1_24' title="bbox 146 3156 1127 3231; baseline -0.003 -5"><span class='ocrx_word' id='word_1_153' title='bbox 146 3160 227 3226; x_wconf 90' lang='lat' dir='ltr'><strong>Ibid.</strong></span> <span class='ocrx_word' id='word_1_154' title='bbox 250 3163 307 3226; x_wconf 78' lang='lat'><strong>71:</strong></span> <span class='ocrx_word' id='word_1_155' title='bbox 343 3161 462 3228; x_wconf 83' lang='lat' dir='ltr'><strong>Mruti</strong></span> <span class='ocrx_word' id='word_1_156' title='bbox 492 3159 638 3226; x_wconf 87' lang='lat' dir='ltr'><strong>dehinc</strong></span> <span class='ocrx_word' id='word_1_157' title='bbox 659 3159 876 3225; x_wconf 82' lang='lat' dir='ltr'><strong>tribunatu</strong></span> <span class='ocrx_word' id='word_1_158' title='bbox 898 3203 905 3219; x_wconf 91' lang='lat'><strong>.</strong></span> <span class='ocrx_word' id='word_1_159' title='bbox 927 3204 933 3219; x_wconf 92' lang='lat'>.</span> <span class='ocrx_word' id='word_1_160' title='bbox 958 3204 965 3219; x_wconf 93' lang='lat'><strong>.</strong></span> <span class='ocrx_word' id='word_1_161' title='bbox 989 3203 997 3220; x_wconf 91' lang='lat'><strong>.</strong></span> <span class='ocrx_word' id='word_1_162' title='bbox 1020 3156 1127 3231; x_wconf 46' lang='lat' dir='ltr'><strong>Flex</strong></span> 
     </span>
     <span class='ocr_line' id='line_1_25' title="bbox 40 3262 1111 3352; baseline -0.006 -19"><span class='ocrx_word' id='word_1_163' title='bbox 40 3267 135 3334; x_wconf 83' lang='lat' dir='ltr'><strong>vius</strong></span> <span class='ocrx_word' id='word_1_164' title='bbox 157 3266 302 3352; x_wconf 75' lang='lat' dir='ltr'><strong>Nepos,</strong></span> <span class='ocrx_word' id='word_1_165' title='bbox 326 3268 486 3334; x_wconf 78' lang='lat' dir='ltr'><strong>Statius</strong></span> <span class='ocrx_word' id='word_1_166' title='bbox 509 3266 728 3345; x_wconf 74' lang='lat' dir='ltr'><strong>Domitius,</strong></span> <span class='ocrx_word' id='word_1_167' title='bbox 748 3263 865 3350; x_wconf 87' lang='lat' dir='ltr'><strong>qnasi</strong></span> <span class='ocrx_word' id='word_1_168' title='bbox 887 3262 1111 3347; x_wconf 85' lang='lat' dir='ltr'><strong>principem</strong></span> 
     </span>
    </p>
   </div>
   <div class='ocr_carea' id='block_1_5' title="bbox 88 3519 1116 4511">
    <p class='ocr_par' dir='ltr' id='par_1_5' title="bbox 99 3519 1116 3870">
     <span class='ocr_line' id='line_1_26' title="bbox 99 3519 1113 3590; baseline -0.005 -12"><span class='ocrx_word' id='word_1_169' title='bbox 99 3523 125 3589; x_wconf 84' lang='lat'><strong>*)</strong></span> <span class='ocrx_word' id='word_1_170' title='bbox 144 3523 230 3579; x_wconf 90' lang='lat' dir='ltr'><strong>Paulo</strong></span> <span class='ocrx_word' id='word_1_171' title='bbox 250 3530 315 3579; x_wconf 84' lang='lat' dir='ltr'><strong>ante</strong></span> <span class='ocrx_word' id='word_1_172' title='bbox 333 3524 367 3589; x_wconf 90' lang='lat' dir='ltr'><strong>(c.</strong></span> <span class='ocrx_word' id='word_1_173' title='bbox 386 3524 431 3589; x_wconf 81' lang='lat'><strong>51)</strong></span> <span class='ocrx_word' id='word_1_174' title='bbox 450 3539 511 3578; x_wconf 87' lang='lat' dir='ltr'><strong>cum</strong></span> <span class='ocrx_word' id='word_1_175' title='bbox 530 3522 700 3577; x_wconf 86' lang='lat' dir='ltr'><strong>suscitata</strong></span> <span class='ocrx_word' id='word_1_176' title='bbox 716 3536 767 3590; x_wconf 92' lang='lat' dir='ltr'><strong>pro</strong></span> <span class='ocrx_word' id='word_1_177' title='bbox 791 3520 972 3574; x_wconf 85' lang='lat' dir='ltr'><strong>sciscitata</strong></span> <span class='ocrx_word' id='word_1_178' title='bbox 995 3519 1113 3575; x_wconf 84' lang='lat' dir='ltr'><strong>scriben-</strong></span> 
     </span>
     <span class='ocr_line' id='line_1_27' title="bbox 148 3612 1115 3681; baseline -0.003 -11"><span class='ocrx_word' id='word_1_179' title='bbox 148 3616 212 3671; x_wconf 89' lang='lat' dir='ltr'><strong>dum</strong></span> <span class='ocrx_word' id='word_1_180' title='bbox 231 3633 291 3673; x_wconf 88' lang='lat' dir='ltr'><strong>esse</strong></span> <span class='ocrx_word' id='word_1_181' title='bbox 310 3623 484 3672; x_wconf 86' lang='lat' dir='ltr'><strong>annotassem</strong></span> <span class='ocrx_word' id='word_1_182' title='bbox 503 3619 545 3680; x_wconf 91' lang='grc'><strong>(-</strong></span> <span class='ocrx_word' id='word_1_183' title='bbox 566 3631 629 3670; x_wconf 89' lang='lat' dir='ltr'><strong>nam</strong></span> <span class='ocrx_word' id='word_1_184' title='bbox 650 3613 718 3669; x_wconf 91' lang='lat' dir='ltr'><strong>illud</strong></span> <span class='ocrx_word' id='word_1_185' title='bbox 743 3619 771 3668; x_wconf 88' lang='lat' dir='ltr'><strong>et</strong></span> <span class='ocrx_word' id='word_1_186' title='bbox 795 3628 837 3680; x_wconf 83' lang='lat' dir='ltr'><strong>ea,</strong></span> <span class='ocrx_word' id='word_1_187' title='bbox 865 3628 927 3681; x_wconf 90' lang='lat' dir='ltr'><strong>quse</strong></span> <span class='ocrx_word' id='word_1_188' title='bbox 952 3612 1115 3668; x_wconf 82' lang='lat' dir='ltr'><strong>adiiciuntur</strong></span> 
     </span>
     <span class='ocr_line' id='line_1_28' title="bbox 148 3706 1115 3782; baseline -0.004 -17"><span class='ocrx_word' id='word_1_189' title='bbox 148 3710 182 3765; x_wconf 90' lang='lat' dir='ltr'><strong>de</strong></span> <span class='ocrx_word' id='word_1_190' title='bbox 209 3711 360 3782; x_wconf 87' lang='lat' dir='ltr'><strong>superioris</strong></span> <span class='ocrx_word' id='word_1_191' title='bbox 387 3710 518 3778; x_wconf 85' lang='lat' dir='ltr'><strong>temporis</strong></span> <span class='ocrx_word' id='word_1_192' title='bbox 545 3708 652 3763; x_wconf 85' lang='lat' dir='ltr'><strong>incuria</strong></span> <span class='ocrx_word' id='word_1_193' title='bbox 678 3707 841 3774; x_wconf 83' lang='lat' dir='ltr'><strong>honestatis,</strong></span> <span class='ocrx_word' id='word_1_194' title='bbox 858 3706 1007 3777; x_wconf 86' lang='lat' dir='ltr'><strong>postulant,</strong></span> <span class='ocrx_word' id='word_1_195' title='bbox 1026 3722 1115 3774; x_wconf 89' lang='lat' dir='ltr'><strong>nsque</strong></span> 
     </span>
     <span class='ocr_line' id='line_1_29' title="bbox 148 3798 1116 3870; baseline -0.006 -13"><span class='ocrx_word' id='word_1_196' title='bbox 148 3804 337 3870; x_wconf 84' lang='lat' dir='ltr'><strong>sciscitata,</strong></span> <span class='ocrx_word' id='word_1_197' title='bbox 365 3801 439 3870; x_wconf 90' lang='lat' dir='ltr'><strong>quod</strong></span> <span class='ocrx_word' id='word_1_198' title='bbox 466 3800 628 3857; x_wconf 85' lang='lat' dir='ltr'><strong>vocabulum</strong></span> <span class='ocrx_word' id='word_1_199' title='bbox 652 3799 774 3855; x_wconf 89' lang='lat' dir='ltr'><strong>studium</strong></span> <span class='ocrx_word' id='word_1_200' title='bbox 792 3798 953 3868; x_wconf 77' lang='lat' dir='ltr'><strong>exquirendi</strong></span> <span class='ocrx_word' id='word_1_201' title='bbox 972 3798 1116 3867; x_wconf 82' lang='lat' dir='ltr'><strong>significat,</strong></span> 
     </span>
    </p>

    <p class='ocr_par' dir='ltr' id='par_1_6' title="bbox 88 3890 1116 4511">
     <span class='ocr_line' id='line_1_30' title="bbox 88 3890 1113 3961; baseline -0.005 -12"><span class='ocrx_word' id='word_1_202' title='bbox 88 3908 93 3918; x_wconf 87' lang='grc'>’</span> <span class='ocrx_word' id='word_1_203' title='bbox 146 3903 220 3951; x_wconf 87' lang='lat' dir='ltr'><strong>recte</strong></span> <span class='ocrx_word' id='word_1_204' title='bbox 239 3896 273 3951; x_wconf 92' lang='lat' dir='ltr'><strong>de</strong></span> <span class='ocrx_word' id='word_1_205' title='bbox 291 3895 390 3950; x_wconf 79' lang='lat' dir='ltr'><strong>notitia</strong></span> <span class='ocrx_word' id='word_1_206' title='bbox 408 3909 473 3949; x_wconf 88' lang='lat' dir='ltr'><strong>casu</strong></span> <span class='ocrx_word' id='word_1_207' title='bbox 492 3902 554 3949; x_wconf 85' lang='lat' dir='ltr'><strong>orta</strong></span> <span class='ocrx_word' id='word_1_208' title='bbox 571 3893 671 3948; x_wconf 89' lang='lat' dir='ltr'><strong>dicitur</strong></span> <span class='ocrx_word' id='word_1_209' title='bbox 700 3897 748 3961; x_wconf 87' lang='lat'><strong>—),</strong></span> <span class='ocrx_word' id='word_1_210' title='bbox 775 3893 830 3947; x_wconf 84' lang='lat' dir='ltr'><strong>vidi</strong></span> <span class='ocrx_word' id='word_1_211' title='bbox 858 3890 963 3961; x_wconf 88' lang='lat' dir='ltr'><strong>pridem</strong></span> <span class='ocrx_word' id='word_1_212' title='bbox 990 3890 1018 3944; x_wconf 92' lang='lat' dir='ltr'><strong>id</strong></span> <span class='ocrx_word' id='word_1_213' title='bbox 1046 3891 1113 3945; x_wconf 83' lang='lat' dir='ltr'><strong>Ver·</strong></span> 
     </span>
     <span class='ocr_line' id='line_1_31' title="bbox 148 3985 1116 4053; baseline -0.006 -11"><span class='ocrx_word' id='word_1_214' title='bbox 148 3989 266 4043; x_wconf 83' lang='lat' dir='ltr'><strong>tranium</strong></span> <span class='ocrx_word' id='word_1_215' title='bbox 283 3987 428 4043; x_wconf 83' lang='lat' dir='ltr'><strong>invenisse.</strong></span> <span class='ocrx_word' id='word_1_216' title='bbox 467 3986 495 4040; x_wconf 84' lang='lat' dir='ltr'><strong>C.</strong></span> <span class='ocrx_word' id='word_1_217' title='bbox 514 3988 550 4042; x_wconf 81' lang='lat'><strong>50</strong></span> <span class='ocrx_word' id='word_1_218' title='bbox 567 3987 643 4042; x_wconf 88' lang='lat' dir='ltr'><strong>nulls</strong></span> <span class='ocrx_word' id='word_1_219' title='bbox 662 3993 706 4041; x_wconf 90' lang='lat' dir='ltr'><strong>est</strong></span> <span class='ocrx_word' id='word_1_220' title='bbox 724 3985 858 4041; x_wconf 81' lang='lat' dir='ltr'><strong>dubitatis</strong></span> <span class='ocrx_word' id='word_1_221' title='bbox 882 3985 946 4053; x_wconf 90' lang='lat' dir='ltr'><strong>quin</strong></span> <span class='ocrx_word' id='word_1_222' title='bbox 959 3989 1116 4052; x_wconf 89' lang='lat' dir='ltr'><strong>corruptum</strong></span> 
     </span>
     <span class='ocr_line' id='line_1_32' title="bbox 150 4066 1114 4149; baseline -0.005 -15"><span class='ocrx_word' id='word_1_223' title='bbox 150 4081 187 4135; x_wconf 90' lang='lat' dir='ltr'><strong>sit</strong></span> <span class='ocrx_word' id='word_1_224' title='bbox 205 4081 345 4136; x_wconf 85' lang='lat' dir='ltr'><strong>ardente</strong></span> <span class='ocrx_word' id='word_1_225' title='bbox 364 4066 470 4149; x_wconf 90' lang='lat' dir='ltr'><strong>dom0;</strong></span> <span class='ocrx_word' id='word_1_226' title='bbox 490 4096 579 4149; x_wconf 89' lang='lat' dir='ltr'><strong>neque</strong></span> <span class='ocrx_word' id='word_1_227' title='bbox 598 4081 668 4134; x_wconf 89' lang='lat' dir='ltr'><strong>enim</strong></span> <span class='ocrx_word' id='word_1_228' title='bbox 687 4078 720 4134; x_wconf 91' lang='lat' dir='ltr'><strong>de</strong></span> <span class='ocrx_word' id='word_1_229' title='bbox 733 4094 788 4133; x_wconf 88' lang='lat' dir='ltr'><strong>une</strong></span> <span class='ocrx_word' id='word_1_230' title='bbox 800 4078 845 4133; x_wconf 91' lang='lat' dir='ltr'><strong>illo</strong></span> <span class='ocrx_word' id='word_1_231' title='bbox 857 4076 978 4133; x_wconf 89' lang='lat' dir='ltr'><strong>incendii</strong></span> <span class='ocrx_word' id='word_1_232' title='bbox 992 4083 1114 4146; x_wconf 89' lang='lat' dir='ltr'><strong>tempere</strong></span> 
     </span>
     <span class='ocr_line' id='line_1_33' title="bbox 149 4168 1116 4243; baseline -0.006 -14"><span class='ocrx_word' id='word_1_233' title='bbox 149 4175 248 4243; x_wconf 78' lang='lat' dir='ltr'><strong>egitur,</strong></span> <span class='ocrx_word' id='word_1_234' title='bbox 267 4175 315 4229; x_wconf 87' lang='lat' dir='ltr'><strong>sed</strong></span> <span class='ocrx_word' id='word_1_235' title='bbox 333 4174 367 4229; x_wconf 90' lang='lat' dir='ltr'><strong>de</strong></span> <span class='ocrx_word' id='word_1_236' title='bbox 385 4174 503 4228; x_wconf 87' lang='lat' dir='ltr'><strong>Neronis</strong></span> <span class='ocrx_word' id='word_1_237' title='bbox 528 4171 722 4226; x_wconf 85' lang='lat' dir='ltr'><strong>consuetudine</strong></span> <span class='ocrx_word' id='word_1_238' title='bbox 746 4187 819 4241; x_wconf 85' lang='lat' dir='ltr'><strong>saepe</strong></span> <span class='ocrx_word' id='word_1_239' title='bbox 844 4170 1013 4227; x_wconf 80' lang='lat' dir='ltr'><strong>occasionem</strong></span> <span class='ocrx_word' id='word_1_240' title='bbox 1033 4168 1116 4223; x_wconf 85' lang='lat' dir='ltr'><strong>caedis</strong></span> 
     </span>
     <span class='ocr_line' id='line_1_34' title="bbox 149 4264 1115 4339; baseline -0.004 -17"><span class='ocrx_word' id='word_1_241' title='bbox 149 4269 288 4323; x_wconf 71' lang='lat' dir='ltr'><strong>tentandae</strong></span> <span class='ocrx_word' id='word_1_242' title='bbox 306 4269 451 4339; x_wconf 77' lang='lat' dir='ltr'><strong>prebenti3</strong></span> <span class='ocrx_word' id='word_1_243' title='bbox 479 4265 528 4321; x_wconf 92' lang='lat' dir='ltr'><strong>sed</strong></span> <span class='ocrx_word' id='word_1_244' title='bbox 556 4264 621 4333; x_wconf 89' lang='lat' dir='ltr'><strong>quid</strong></span> <span class='ocrx_word' id='word_1_245' title='bbox 649 4264 785 4331; x_wconf 86' lang='lat' dir='ltr'><strong>subesset,</strong></span> <span class='ocrx_word' id='word_1_246' title='bbox 813 4280 901 4334; x_wconf 89' lang='lat' dir='ltr'><strong>neque</strong></span> <span class='ocrx_word' id='word_1_247' title='bbox 919 4264 1037 4318; x_wconf 82' lang='lat' dir='ltr'><strong>Hessius</strong></span> <span class='ocrx_word' id='word_1_248' title='bbox 1055 4279 1115 4332; x_wconf 88' lang='lat' dir='ltr'><strong>rep·</strong></span> 
     </span>
     <span class='ocr_line' id='line_1_35' title="bbox 148 4356 1115 4431; baseline -0.005 -16"><span class='ocrx_word' id='word_1_249' title='bbox 148 4362 329 4430; x_wconf 84' lang='lat' dir='ltr'><strong>peritusque</strong></span> <span class='ocrx_word' id='word_1_250' title='bbox 349 4378 399 4431; x_wconf 81' lang='lat' dir='ltr'><strong>ege</strong></span> <span class='ocrx_word' id='word_1_251' title='bbox 418 4377 468 4431; x_wconf 90' lang='lat' dir='ltr'><strong>pro</strong></span> <span class='ocrx_word' id='word_1_252' title='bbox 488 4365 563 4414; x_wconf 88' lang='lat' dir='ltr'><strong>certe</strong></span> <span class='ocrx_word' id='word_1_253' title='bbox 582 4359 701 4428; x_wconf 85' lang='lat' dir='ltr'><strong>reperi0;</strong></span> <span class='ocrx_word' id='word_1_254' title='bbox 719 4374 782 4412; x_wconf 87' lang='lat' dir='ltr'><strong>narn</strong></span> <span class='ocrx_word' id='word_1_255' title='bbox 796 4358 905 4426; x_wconf 78' lang='lat' dir='ltr'><strong>longius</strong></span> <span class='ocrx_word' id='word_1_256' title='bbox 918 4356 1115 4412; x_wconf 87' lang='lat' dir='ltr'><strong>disceditarte</strong></span> 
     </span>
     <span class='ocr_line' id='line_1_36' title="bbox 148 4448 463 4511; baseline 0.003 -3"><span class='ocrx_word' id='word_1_257' title='bbox 148 4454 333 4511; x_wconf 89' lang='lat' dir='ltr'><strong>dormiente</strong></span> <span class='ocrx_word' id='word_1_258' title='bbox 352 4448 463 4510; x_wconf 60' lang='lat' dir='ltr'><strong>domo(</strong></span> 
     </span>
    </p>
   </div>
   <div class='ocr_carea' id='block_1_6' title="bbox 0 0 1334 5010">
    <p class='ocr_par' dir='ltr' id='par_1_7' title="bbox 0 0 1334 5010">
     <span class='ocr_line' id='line_1_37' title="bbox 0 0 1334 5010; baseline 0 0"><span class='ocrx_word' id='word_1_259' title='bbox 0 0 1334 5010; x_wconf 95' lang='lat' dir='ltr'><strong> </strong></span> 
     </span>
    </p>
   </div>
  </div>
 </body>
</html>
