2656 5056
202 298 317 374 ‘ms
578 275 891 375 'mmmm

214 510 394 580 adverbium
421 502 577 585 separavit
600 503 640 567 ab
669 522 706 567 ea
732 501 897 578 sententia,
924 520 985 584 qua
1019 505 1194 571 continetur
1214 525 1270 571 oer-

213 619 281 681 tum
304 612 475 678 Stoicorum
497 602 666 683 decretum.
701 610 732 673 et
765 607 804 672 ad
838 625 906 671 eam
929 606 1078 685 adiunxit.
1115 629 1183 694 qnae
1210 632 1271 677 oon·

213 720 381 785 cessionem
406 716 553 782 continet.
585 716 646 794 -(ln
669 717 805 780 ernema
827 712 916 795 epist.
939 712 957 795 ᾗ
981 714 1022 775 13
1046 716 1271 783 Haasinsmiro

215 843 315 890 errore
337 823 508 888 orationem
523 820 799 903 rectam-eorrupit3
812 822 832 900 ξ
846 819 884 880 16
903 821 987 884 reste
1009 838 1059 903 ep
1081 823 1272 899 emendarit)

315 928 371 1011 Ep.
397 927 447 1000 68,
473 928 506 988 1:
540 926 617 991 Hoc
649 928 688 990 te
723 925 921 991 fauturum
950 923 1178 993 Stoicorum
1206 930 1272 993 eti·

212 1033 310 1099 amsi
327 1049 405 1097 'non
427 1035 633 1114 praeopto,
667 1033 706 1095 at
727 1031 920 1112 exemplo,
942 1030 1039 1095 lieet
1060 1034 1185 1107 soias;
1214 1031 1273 1099 sed

212 1158 254 1204 er
275 1140 470 1221 praecepto
498 1155 643 1219 quoque
675 1123 801 1201 faoies
830 1137 887 1211 (sio
909 1138 992 1200 reete
1013 1139 1190 1218 superiores
1212 1139 1272 1204 edd.

211 1263 267 1327 pro
289 1244 438 1320 lanias),
471 1245 509 1307 et
536 1242 615 1307 tibi
642 1245 680 1307 ot
701 1262 781 1308 oum
807 1243 916 1307 voles
938 1242 1186 1329 approbabis.
1229 1245 1273 1309 Sic

212 1348 332 1415 oodioes
365 1348 502 1430 plerique
523 1347 587 1423 (P);
621 1366 657 1429 p:
692 1350 731 1412 et
762 1347 835 1412 tibi
867 1364 934 1411 oon
966 1350 1007 1411 et
1040 1366 1124 1413 oum
1158 1351 1273 1426 voles.

211 1452 456 1536 approbabis.
509 1452 657 1516 Mendum
679 1453 876 1518 manifestum
898 1455 961 1529 est;
994 1453 1073 1518 nihil
1095 1455 1180 1519 enim
1202 1458 1272 1530 erat

211 1560 290 1644 qnod
323 1557 460 1626 Lnoilins
491 1558 550 1623 sibi
572 1558 827 1639 approbaretur,
861 1576 932 1622 oum
954 1557 1059 1635 venet,
1081 1563 1271 1643 approbaret

210 1665 319 1747 Itaque
354 1664 426 1730 inde
458 1684 477 1729 a
508 1663 629 1727 Murato
660 1663 808 1728 edebatur
829 1662 893 1728 lere
922 1664 1161 1746 approbabo,
1198 1667 1272 1751 qnod

211 1770 345 1835 debebat
365 1769 477 1836 saltem
511 1788 579 1834 esse
610 1769 792 1852 probabo.
837 1770 871 1833 ln
899 1769 1013 1834 litteris
1035 1771 1068 1834 in
1098 1791 1118 1853 p
1149 1774 1273 1838 servatis

212 1894 319 1940 rernm
341 1876 435 1940 latet:
459 1879 496 1940 et
520 1884 555 1936 te
576 1874 734 1947 Zenoni,
767 1892 848 1938 eum
870 1875 994 1949 voles,
1027 1864 1272 1958 approbabis.

210 1980 411 2056 (Addendnm
434 1981 490 2045 hoo
512 1980 571 2044 vol.
594 1980 609 2043 I
631 2001 660 2063 p.
687 1978 772 2059 147.)

310 2086 367 2170 llp.
390 2086 441 2161 69,
464 2085 482 2145 5
507 2085 568 2168 (3)·:
615 2085 685 2149 Vix
718 2084 826 2149 elfini
857 2087 940 2150 toto
972 2086 1104 2151 seoulo
1132 2092 1274 2170 potest,

303 2191 456 2275 nedum,
501 2191 533 2255 si
568 2195 646 2255 tarn
682 2190 797 2254 breve
833 2193 985 2272 tompus
1019 2190 1274 2259 intervallum

208 2295 443 2360 discidimus
466 2303 497 2378 lp
521 2297 569 2360 Ab
594 2294 852 2370 discedimus).
899 2295 1073 2379 Corrignnt,
1104 2300 1140 2363 ut
1161 2301 1275 2365 scriba-

208 2404 260 2466 tur
291 2402 498 2483 temporis,
535 2405 589 2466 ant
624 2405 779 2483 tempus
812 2400 881 2466 tolli
921 2401 1027 2466 uolunt
1061 2405 1109 2482 (ut
1142 2406 1275 2471 Haadus

207 2507 291 2590 praef.
314 2527 342 2590 p.
365 2506 449 2584 Vll).
495 2506 556 2571 Sed
579 2508 643 2571 rita
663 2507 859 2573 intervallum
880 2526 939 2572 non
961 2509 1018 2572 est
1077 2507 1274 2576 Praeteritnm

207 2612 293 2677 verbi
315 2616 438 2694 tempus
466 2630 594 2693 pravum
618 2615 674 2677 est.
719 2612 939 2677 Soribeudnm:
984 2614 1019 2678 si
1049 2615 1131 2678 tam
1159 2616 1274 2681 breve

206 2719 357 2799 tempus
384 2716 623 2779 ‘intervallis
656 2716 835 2779 eoe'ds’mas
867 2720 912 2794 (et
942 2717 988 2781 sio
1020 2719 1120 2783 multo
1153 2721 1273 2787 brevius

206 2823 361 2903 lauimus).
419 2821 466 2885 llx
483 2822 518 2886 is
542 2825 649 2888 natum
671 2823 748 2897 dis,
781 2824 848 2887 tum
870 2823 1126 2889 intervallum
1149 2827 1272 2892 laotnm.

208 2927 401 3009 Senteptiam
445 2945 549 2992 veram
586 2929 770 3011 sequebatur
805 2928 991 3012 interpolata
1026 2930 1199 2997 editionum
1234 2935 1272 2999 ab

205 3034 334 3100 Erasmo
377 3033 415 3096 ad
462 3034 668 3117 Ruhkopfium
722 3035 893 3117 seriptura:
945 3053 1011 3117 per
1053 3035 1272 3105 intervalla

206 3138 488 3215 discindimus3
534 3140 646 3205 oodiois
684 3139 811 3205 alieuius
842 3141 915 3206 Itali
948 3145 1101 3207 comestor
1125 3146 1220 3211 eiiam
1240 3147 1271 3211 in

205 3243 432 3309 intervallis
453 3244 612 3338 insiderat,
635 3246 688 3310 sed
710 3246 944 3312 discidimus
965 3248 1074 3312 tenuit

305 3349 363 3430 up.
393 3349 450 3427 70,
492 3351 603 3427 5(4):
648 3351 737 3417 Cum
775 3352 937 3434 primum
964 3352 1026 3417 illi
1057 3356 1180 3438 ooepit
1206 3377 1270 3423 su·

205 3457 360 3537 speeta'
382 3473 465 3521 esse
507 3456 683 3532 fortuna..
721 3457 934 3541 diligenter
961 3459 1270 3544 oiroumspioit,

204 3560 384 3643 numquid
406 3561 470 3625 illo
492 3561 747 3627 desinendum
770 3564 832 3628 sit.
877 3564 1007 3629 Addunt
1029 3564 1105 3640 die.
1164 3567 1269 3631 Potius

205 3656 419 3732 scribendum:
441 3668 624 3750 numquid
646 3666 753 3730 illido
774 3668 851 3735 des.
875 3690 900 3736 s.

303 3772 359 3853 Ep.
382 3771 431 3846 71,
465 3771 502 3834 8:
546 3772 644 3849 Quid
667 3777 782 3856 ergo?
824 3775 934 3841 Nihil
955 3779 1265 3845 interestinter

201 3880 415 3960 praeturam
438 3877 606 3943 Catonis
623 3880 668 3942 et
690 3881 907 3961 repulsam?
949 3883 1061 3948 Nihil
1083 3885 1274 3959 interest

202 3984 331 4046 utrum
358 3984 437 4048 ...l
479 3983 558 4047 Hoo
590 3985 675 4050 eius
699 3986 857 4063 bonum,
893 4007 965 4071 qno
991 3988 1116 4056 vietis
1139 3992 1274 4073 parti·

203 4086 274 4150 bus
306 4105 383 4151 non
416 4091 547 4169 potest
578 4091 697 4167 vinei,
735 4112 806 4175 par
838 4093 922 4157 erat
953 4094 1020 4159 illi
1053 4098 1175 4178 bono,
1198 4119 1274 4184 qno
