2662 5062
6 2928 13 3099 i

6 3137 13 3232 5
100 3107 272 3194 vicorum,
306 3135 376 3182 nou
404 3119 529 3182 metus
558 3117 695 3182 mortis
724 3135 808 3182 eam
837 3117 1034 3183 exarmata
1056 3113 1143 3180 navi

4 3217 12 3299 53
100 3220 326 3304 naufragium
375 3241 484 3288 snum
528 3221 1035 3305 spectantemde'terruit,
1082 3220 1142 3284 cet.

2 3302 8 3378 ἕ
101 3310 198 3391 Vitiosa
219 3328 357 3394 abundat
377 3346 457 3394 eam
479 3329 548 3411 post
569 3346 678 3410 quam
704 3330 736 3393 et
759 3328 909 3411 aequalem
931 3325 1143 3413 membrorum
1272 3350 1273 3353 ¹

6 3449 7 3453 ’
99 3415 206 3496 formam
226 3434 343 3499 turbat.
373 3433 602 3516 Scribendnmt'
621 3451 692 3497 uon
709 3452 754 3499 m.
772 3432 913 3498 mortis
935 3432 1011 3494 iem
1032 3450 1144 3506 enar·

101 3533 183 3599 nata
202 3541 287 3604 navi
310 3540 430 3605 nonin.
560 3559 562 3565 ’

421 110 453 166 L.
472 104 572 168 Seneca
589 110 622 168 cd
641 112 775 191 Helviam.
1036 112 1099 178 405

64 311 150 385 runt,
183 311 282 375 latere
314 308 437 375 uidetur
470 310 528 376 sub
554 309 676 388 levis;
709 309 769 376 fuit
802 310 949 380 romeos:
985 317 1139 381 naturae

63 433 149 481 snae
170 434 339 494 memor,
362 415 495 478 oneris
516 414 603 498 ipse
629 432 780 497 expers.

171 542 240 610 lbd.
265 544 320 620 12,
354 544 373 604 2
405 543 436 607 in
460 542 614 608 codicibus
637 545 667 608 A
689 543 715 607 B
737 543 896 611 scribitur:
923 532 1140 615 ¹Transea-

59 668 154 715 mus
191 667 263 731 ape
285 734 286 737 Ἴ
308 665 376 730 spe
412 667 487 713 non
519 649 784 715 obveniamus
817 652 863 717 ad
895 652 1139 737 locupletes.

60 753 239 845 Scripturas
282 749 359 818 verae
392 753 450 819 hoc
493 753 616 817 initium
653 755 685 818 et
726 753 793 820 hoec
825 756 1011 823 lineamenta
1051 760 1140 823 sunt:

59 860 346 926 Transeamus
399 879 499 942 opes,
547 861 759 925 ueniamus
808 860 855 927 cd
897 861 1139 945 locupletes.

60 965 161 1046 Quod
185 963 388 1041 desideratur,
411 964 593 1029 distractum
616 967 648 1030 et
668 964 801 1031 fructum
823 968 964 1050 superest
984 967 1016 1031 in
1040 965 1139 1032 literis

58 1070 265 1155 pcnonob.
322 1069 542 1154 Significantnr
564 1072 667 1134 autem
690 1090 762 1154 opes
784 1091 884 1156 puruae
908 1076 940 1138 et
961 1070 1141 1147 mediocres,

58 1178 183 1261 quibus
214 1175 337 1240 omissis
366 1175 473 1241 statim
507 1194 526 1240 a
560 1176 744 1263 pauperibus
774 1177 814 1242 ad
844 1178 927 1261 ipsos
956 1195 1027 1242 vere
1054 1176 1141 1241 locu-

56 1282 171 1365 pletes
205 1279 390 1345 veniendum
424 1282 480 1345 est.
524 1276 692 1365 Scriptum
711 1283 826 1349 iuerat:
870 1281 1141 1347 Transeamus

58 1407 164 1472 opes
196 1406 306 1469 poene
338 1385 485 1469 inopes.
538 1387 668 1452 Luditur
688 1388 721 1452 in
744 1405 836 1471 opum
858 1389 985 1470 inopum
1007 1370 1141 1451 nomine.

58 1492 217 1571 (Initium
239 1491 348 1574 cepitis
370 1492 415 1578 sic
436 1484 714 1576 interpungendum
737 1496 800 1559 est:
845 1492 901 1558 Ne
933 1511 991 1557 mc
1021 1495 1141 1575 putes
1175 1494 1182 1502 '

156 1598 219 1680 nti
248 1598 405 1661 tantum
436 1592 656 1680 pr'aeceptis
681 1583 938 1680 sapientum,
970 1597 1142 1680 primum

57 1703 242 1785 adspice
278 1704 335 1766 cet.
390 1701 472 1766 Nam
506 1721 551 1767 ne
586 1704 705 1786 puteo
733 1716 797 1786 'pro
826 1723 883 1775 „ne
928 1699 1142 1785 putaveris

59 1808 192 1873 Seneca
213 1826 274 1873 non
297 1808 394 1883 dixit.)

175 1935 242 2000 Ibd.
280 1934 333 2010 13,
368 1934 404 1999 i:
448 1934 488 2000 Si
531 1933 721 2000 ultimum
764 1934 868 2000 diem
911 1954 987 2001 non
1024 1933 1139 2017 quasi

62 2036 245 2122 prauam,
276 2040 344 2104 sed
372 2040 489 2124 quasi
521 2042 673 2119 naturae
694 2041 828 2124 legem
860 2038 1057 2121 adspicis,
1098 2056 1141 2105 ex

66 2165 149 2226 quo
171 2146 334 2229 pectora
358 2145 513 2209 metum·
538 2144 728 2222 eieceris‚
760 2146 800 2211 in
828 2144 869 2209 id
901 2143 1060 2209 nullius
1082 2142 1142 2207 rei

73 2250 198 2320 timor
221 2249 390 2315 audebit
405 2250 573 2332 intrare.
598 2236 746 2334 'Apparet
769 2268 828 2316 non
851 2251 969 2314 metum
993 2249 1143 2323 universe,

80 2353 135 2418 scd
166 2350 257 2442 certlae
292 2355 335 2419 rei
350 2357 488 2420 ,metum
514 2372 583 2418 cnm
616 2355 730 2435 nuliius
772 2357 818 2420 rei
849 2356 961 2421 timore
994 2353 1143 2436 componi.

83 2456 183 2542 Imque
205 2460 353 2527 hacteuus
376 2450 471 2537 reete,
510 2461 562 2543 qni
583 2461 614 2524 in
637 2460 701 2526 cod.
725 2459 878 2546 Guelferb.
902 2461 974 2526 ante
996 2460 1144 2546 metum

92 2562 197 2632 eddidit
219 2565 395 2653 ‘mortim
429 2573 514 2644 (nam
541 2565 621 2647 apud
650 2566 828 2632 Fickertum
861 2564 1045 2631 adiectionis
1069 2564 1144 2628 uoto

3 2768 4 2772 Ἰ
94 2659 149 2744 poni
169 2671 298 2750 debuit).
357 2668 418 2735 Sed
442 2670 603 2753 probabile
630 2674 697 2746 est,-
729 2672 877 2739 Senecam
899 2670 1075 2771 scripsisse:
1100 2688 1143 2734 ex

1 2801 9 2895 ss
97 2787 153 2850 iio
172 2780 339 2860 pectore
360 2797 441 2838 eum
464 2775 580 2858 (ultimi
603 2776 676 2854 diei)
699 2781 846 2843 metum
869 2776 1052 2853 sicceris.

176 2905 241 2971 lbd.
267 2906 315 2982 19,
341 2906 378 2970 7:
412 2906 456 2969 nt
483 2904 721 2989 intelligas,
754 2907 884 2989 magni
910 2899 1031 2971 animi
1058 2921 1143 2969 asse
1280 2976 1282 2979 .

98 2998 272 3101 irminam,
310 3025 528 3094 qnamnou
565 3010 742 3090 ambitio,
777 3029 851 3077 non
880 3009 1049 3077 avaritia
