2656 5056
244 281 303 345 138
611 275 672 331 hin.
693 274 730 330 lL
750 274 821 346 Cap.
841 276 883 330 11.

201 477 349 555 omnia,
371 459 454 560 qnae
477 472 812 556 concupiverunt
859 473 920 540 Sic
945 474 1093 541 codices.
1128 474 1261 555 Qninnps

203 586 293 652 aliter
325 582 520 668 interpuncta
551 578 690 644 oratione
723 579 796 645 ante
830 580 921 646 sibi
963 581 1210 665 interposuerunt
1231 580 1261 643 si.

204 711 263 759 non
284 692 387 758 minus
409 686 596 754 sententiam
627 703 722 768 prava
750 685 956 754 condicionis
989 689 1101 755 forma
1122 706 1203 771 qnam
1218 705 1261 749 on·

206 799 300 866 tionis
333 796 521 863 structuram
549 792 771 875 perverterunt.
828 792 1058 862 scribendum
1089 795 1169 862 erat:
1193 792 1262 859 llnr

206 906 310 971 riam
331 903 413 970 sibi
434 900 575 966 vident
598 897 897 980 expeditiorem
924 902 1040 978 cet*)

308 1104 384 1169 Post
410 1099 480 1167 red.
512 1098 555 1167 ad
584 1098 674 1175 (tuin.
705 1099 760 1163 10:
791 1099 845 1163 At
878 1100 930 1165 de
968 1121 1033 1168 me
1069 1105 1114 1169 nt
1145 1102 1263 1168 caleret

207 1208 503 1292 (rerumgestarum
524 1205 701 1284 memoria),
730 1222 888 1287 semper
919 1211 1106 1275 senatus
1129 1208 1264 1292 flagita·

207 1315 284 1391 vit;
306 1315 350 1379 ut
365 1312 586 1398 aliquando
601 1310 841 1394 proficeret,
857 1330 949 1377 cum
968 1311 1264 1403 primumlicnit.

209 1419 449 1503 frequentia¹
478 1418 600 1501 atque
636 1416 890 1483 auctoritate
930 1421 1135 1501 perfecit
1194 1419 1265 1485 inni

208 1525 328 1610 aliquid
350 1526 438 1592 lusus
459 1527 507 1590 est
528 1525 559 1589 in
581 1522 640 1589 hae
660 1523 888 1589 coniunctione:
915 1527 965 1590 ut
992 1573 1027 1590 ..
1053 1527 1265 1610 proliceret.

210 1670 251 1680 -
267 1633 460 1715 perrecin
480 1648 579 1714 neque
599 1632 675 1695 satis
692 1628 817 1717 allectus
834 1629 881 1694 rei
896 1630 1109 1715 significatur
1124 1628 1266 1717 proficiendi

209 1739 312 1804 serbo.
361 1737 396 1801 In
422 1738 445 1801 Ρ
467 1737 515 1802 est
535 1755 554 1801 a
574 1736 675 1818 prima
696 1754 786 1801 manu
808 1736 1016 1818 perficet’.
1054 1739 1265 1823 opinorlnnn:

209 1847 252 1910 nt
273 1841 495 1927 aliquando
515 1842 728 1930 pervinceret.
757 1840 853 1907 Paulo
870 1843 946 1924 post
963 1848 1054 1911 recte
1072 1843 1266 1911 Mommsenio

210 1949 290 2017 vidit
311 1949 530 2036 geminandum
554 1967 620 2014 esse
645 1948 826 2025 consule3
850 1947 907 2013 sed
930 1950 1144 2017 scribendum
1159 1947 1265 2016 eratin

211 2058 332 2124 ordine:
366 2056 530 2122 inimico
562 2055 693 2121 autern
718 2101 725 2116 .
748 2101 756 2116 .
780 2101 787 2116 .
811 2100 818 2115 .
841 2056 1129 2141 <consule>,
1161 2056 1266 2121 alters

210 2162 378 2230 consule
400 2163 613 2226 referente.

309 2292 388 2357 Ibid.
423 2291 479 2354 13:
519 2309 601 2356 cum
635 2288 766 2356 omnia
793 2308 875 2354 cum
911 2292 1111 2359 omnibus
1145 2291 1264 2358 sodon

210 2397 552 2466 reconciliatione
574 2397 796 2480 gratiarum
818 2397 1023 2480 sanguine
1047 2419 1135 2465 meo
1160 2395 1263 2464 sanci·

210 2508 361 2571 rentur.
404 2502 706 2570 Scribendumesse:
728 2521 811 2568 oum
833 2502 965 2567 omnia
989 2522 1081 2570 cum
1105 2502 1263 2570 omnibns

210 2611 359 2677 loedcra
382 2611 504 2692 <ac>
524 2607 804 2676 reconciliationes
829 2607 1062 2692 gratiarum
1091 2607 1264 2694 sanguine

210 2737 293 2783 meo
323 2716 601 2797 sancirentur,
628 2717 660 2781 et
688 2714 844 2780 sonantia
870 2714 1012 2780 ostendit
1033 2724 1093 2795 (—
1117 2735 1190 2782 nam
1214 2730 1263 2777 cun

209 2823 375 2889 federibus
420 2821 573 2888 coherent
610 2821 779 2906 gratiarum
815 2819 1087 2888 reconciliationes
1128 2822 1264 2888 hominm

210 2931 302 2995 antea
337 2927 586 2994 dissentientium
618 2929 657 2994 ad
687 2927 860 2994 communia
892 2927 1027 2993 consilia
1063 2924 1264 3013 persequenda.

208 3054 277 3102 curn
308 3029 458 3120 sang'uine
486 3034 637 3102 Ciceronis
668 3033 899 3117 perversissime
920 3033 1160 3119 coniunguntur
1178 3041 1227 3106 -1
1243 3031 1265 3093 el

209 3141 338 3223 pluralis
361 3140 481 3208 numeri
502 3140 663 3225 genetivus
685 3139 946 3226 (gratiarum).
970 3141 1125 3222 quoniam
1149 3137 1264 3222 alioquin

208 3246 554 3314 reconciliatione
575 3249 717 3332 gratiae
740 3244 936 3312 scribendum
964 3244 1038 3312 fuit.
1097 3247 1216 3313 Excidit
1232 3260 1264 3307 sc

206 3355 277 3436 post
306 3372 335 3419 a.
369 3343 489 3432 '(lnitio
525 3352 709 3439 paragraphi
744 3353 853 3437 opinor
885 3349 1072 3416 Ciceronem
1109 3351 1265 3434 scripsisse:

207 3459 282 3526 Hic
297 3462 452 3546 qnantum
470 3460 669 3526 interfuit
690 3459 800 3524 inter
820 3476 877 3523 me
893 3461 931 3521 et
946 3454 1149 3525 inimicos
1165 3454 1265 3523 meos!

207 3565 286 3632 Nam
309 3566 365 3631 illa
387 3567 484 3652 ligura
505 3566 662 3643 orationis,
694 3584 755 3649 qna
782 3563 931 3631 vocabulo
965 3567 1129 3632 tantum
1164 3584 1212 3650 pro
1235 3564 1266 3623 ul

260 3834 287 3901 *l
306 3833 392 3902 Quam
411 3835 508 3892 vellem
528 3835 649 3893 editores
673 3851 726 3890 uon
754 3834 942 3903 corrupissent
967 3833 983 3903 ἓ
1005 3835 1040 3891 12
1060 3835 1203 3891 Ciceronis
1219 3846 1266 3885 ora·
1315 3874 1316 3891 l

306 3927 407 3983 tionem
426 3929 649 3998 (existimatio
672 3935 786 3984 vestra
811 3926 971 3994 tenebrae,
997 3928 1128 3997 honest,
1154 3928 1267 3999 qnidroe
1315 3918 1316 3956 l

306 4018 339 4073 dc
357 4035 387 4074 se
406 4022 576 4090 existimetis,
595 4028 773 4077 contemnunt
794 4037 826 4076 uc
850 4037 900 4091 pro
927 4020 1016 4076 nihilo
1036 4023 1156 4092 ducunt)
1174 4029 1268 4090 recepte

306 4110 468 4181 Pantagathi
487 4115 655 4171 coniectura.
