2654 5010
238 299 300 361 m
605 290 861 361 mmmm

198 495 333 581 potuisse
355 491 499 558 Tacitum
520 487 625 554 subito
645 505 664 552 a
686 487 797 564 Gallia,
830 488 869 552 de
897 488 1022 571 quibus
1050 488 1126 554 solis
1147 489 1266 553 tadmor

198 601 320 678 dixerit,
343 599 382 664 ad
407 598 560 662 Romanus
584 595 629 660 sic
650 594 834 673 transsilire‚
864 598 905 660 ut
932 594 1058 660 deiude
1081 593 1268 660 eorundem

201 709 239 774 de
256 704 355 774 Gallis
377 703 553 779 subiiceret
577 719 684 785 neque,
705 700 733 765 si
757 703 794 766 de
820 701 980 767 Romanis
1003 701 1039 766 in
1064 701 1131 767 foro
1152 698 1269 765 autalibi

202 832 256 895 per
278 811 386 876 urbem
408 807 517 874 occisis
540 808 694 890 ageretur,
725 808 822 872 ullam
856 807 960 874 luisse
984 807 1140 891 Capitolii
1163 809 1193 871 et
1210 806 1269 870 arci

203 914 391 1001 appellandae
413 932 548 990 causam,
570 932 669 996 usque
691 932 800 979 munus
823 913 1009 992 Gallorum,
1039 912 1099 979 aed
1121 913 1231 997 gladios
1248 915 1272 975 el

203 1024 267 1089 tela
289 1021 514 1086 nominatorum
547 1019 691 1085 Tacitum
719 1021 844 1085 luisse(
880 1022 1002 1104 Itaque
1026 1020 1095 1085 ueri
1116 1017 1270 1083 inveniendi

204 1127 327 1193 initium
343 1126 489 1191 Heinsius
511 1125 601 1195 vidit.
623 1144 682 1190 nou
702 1127 752 1208 agi
768 1126 807 1191 do
821 1125 909 1191 cade
926 1126 1061 1209 aliquot
1076 1128 1272 1192 Romanorum.

205 1233 260 1299 sed
282 1233 320 1297 de
341 1230 486 1314 Capitolii
508 1231 649 1314 arcisque
670 1230 891 1313 redemptione,
916 1251 992 1315 quae
1024 1235 1114 1314 apud
1140 1234 1272 1297 Romnum

205 1355 327 1420 semper
348 1338 379 1402 iu
400 1338 546 1402 memoria
561 1337 748 1402 calamitatis
764 1335 895 1402 Gallicae
912 1338 1060 1418 primum
1078 1338 1181 1404 locum
1195 1339 1271 1406 leuel
1317 1383 1318 1387 =

156 1447 158 1452 ’
206 1444 415 1526 detractisque
437 1443 476 1508 ad
499 1461 607 1507 aarum
628 1442 851 1509 conficiendum
872 1442 1078 1524 templorum
1094 1443 1271 1510 ornamentis

207 1552 265 1616 boc
287 1552 345 1626 est,
369 1549 407 1613 de
431 1547 632 1613 manubiis
654 1548 831 1624 deorum,
853 1566 935 1631 quas
960 1549 1204 1632 hicappsllatas
1220 1566 1271 1612 erse

207 1657 275 1739 ipse
297 1657 404 1720 statim
428 1654 647 1720 intellexeram.
681 1654 801 1718 Deinde
823 1658 967 1737 apparet,
984 1656 1086 1720 verbo
1109 1659 1271 1721 oreretur

207 1764 236 1825 iu
260 1762 391 1827 relatiua
413 1759 567 1825 sententia
588 1761 756 1825 necessario
779 1760 967 1842 respondere
985 1761 1105 1826 debere
1122 1756 1267 1841 imperfecti

207 1870 261 1933 unt
283 1863 582 1950 plusquamperfecti
600 1866 748 1948 temporis
771 1866 908 1931 verbum.
955 1869 987 1932 A
1012 1866 1171 1933 sententia
1187 1862 1266 1930 Taciti

207 1990 267 2038 nou
282 1973 373 2057 louge
389 1973 589 2048 aberraverit,
604 1973 656 2057 qni
672 1972 844 2054 scripserit:
862 2009 899 2018 —
918 1990 1062 2038 eorum
1086 1975 1265 2040 oreretur.

210 2080 274 2163 qui
297 2079 421 2162 <dc>
442 2078 651 2162 Capitolio
679 2083 718 2144 et
750 2097 840 2144 arce
869 2078 1053 2143 Romana
1088 2079 1266 2144 manubiis
1315 2139 1317 2142 ,

209 2185 369 2251 deornm
391 2184 522 2271 depacti
543 2188 675 2252 maenti
719 2184 779 2250 Sed
802 2181 919 2250 residet
941 2185 1116 2266 scrupulus
1133 2188 1162 2249 in
1176 2183 1265 2249 litteris

209 2290 313 2356 satis
348 2292 438 2375 louge
472 2291 700 2357 discedentibus
733 2297 801 2367 (uec
832 2292 937 2355 umen
972 2291 1104 2373 lougius
1135 2309 1219 2375 quam
1241 2289 1263 2350 iu

209 2397 337 2462 aliorum
362 2396 544 2462 emendandi
568 2397 752 2474 conatibus).

310 2504 387 2569 lbid.
424 2502 494 2575 xn.
530 2505 564 2569 l:
601 2503 676 2569 Sed
715 2502 882 2569 maxime
915 2503 1207 2587 ambigebatur
1231 2500 1264 2572 (iu

211 2608 373 2694 deligenda
397 2608 519 2675 Claudii
543 2618 647 2687 uxore)
670 2610 776 2675 iuter
801 2607 976 2674 Lolliam
1001 2608 1215 2674 Paulinam
1234 2600 1264 2666 ll.

209 2716 338 2782 Lollii
371 2714 602 2782 consularis
634 2719 673 2782 et
705 2716 849 2781 lulium
878 2714 1157 2798 Agrippinam
1187 2713 1265 2777 Ger·
1314 2716 1315 2719 ’

211 2822 368 2888 manico
384 2840 429 2906 ge
439 2824 562 2888 uitam
579 2825 638 2889 cet.
671 2822 777 2905 Neque
792 2821 953 2886 familiaris
967 2821 1128 2886 sermonis
1142 2818 1264 2885 brevitas

210 2948 271 3016 qna
293 2927 459 2994 Caecilia
480 2927 640 2994 Metelli
662 2928 783 3004 dicitur.
812 2928 850 2992 ad
873 2927 952 2991 bauo
974 2927 1007 2990 in
1033 2926 1186 2991 narrando
1205 2917 1264 2988 carli

208 3034 343 3100 hominis
365 3034 487 3117 plenum
507 3032 950 3118 appellationem-(Paulina
971 3031 1019 3096 Μ.
1045 3032 1175 3097 Lollii
1196 3047 1264 3095 con·

208 3140 374 3217 sularis)
408 3141 563 3206 transferri
597 3141 660 3206 ulle
693 3140 783 3205 modo
816 3140 928 3221 potest,
962 3157 1066 3222 neque
1097 3136 1187 3202 facile
1214 3134 1265 3198 ber

209 3245 405 3330 inequalitas
421 3245 569 3310 orationis
586 3246 674 3311 ferri:
699 3244 866 3310 Paulina
883 3245 926 3308 bl.
945 3244 1078 3310 Lollii
1095 3251 1136 3310 et
1151 3242 1264 3326 Agrip

211 3351 304 3433 pina
326 3351 566 3416 Germanico
587 3350 735 3436 genita.
779 3350 828 3416 Ad
852 3351 916 3415 bac
943 3351 1051 3416 mendi
1075 3351 1266 3417 indiciarum

210 3455 344 3533 accedat,
368 3457 449 3539 quod
473 3457 612 3524 Paulina
640 3457 736 3537 patris
766 3456 941 3522 consulatus
972 3456 1095 3521 nullum
1119 3457 1265 3538 vestigium

209 3561 369 3644 reperitur,
393 3567 425 3627 ot
448 3563 529 3645 quod
543 3564 662 3630 Plinius
685 3583 808 3648 quoque
828 3563 866 3627 Η.
882 3562 922 3628 N.
938 3562 996 3641 IX,
1021 3564 1085 3627 118
1105 3563 1139 3628 in
1156 3561 1266 3627 Paulina

206 3669 256 3732 ari
279 3670 411 3746 tantum,
428 3689 488 3734 nou
504 3671 600 3752 patris
617 3671 811 3736 nobilitatem
828 3669 995 3754 siguificat,
1011 3669 1152 3735 dubitari
1167 3665 1266 3750 nequit

209 3775 281 3855 quin
303 3774 431 3841 Tacitus
453 3776 491 3840 ad
514 3776 593 3841 hanc
615 3778 744 3843 formum
768 3776 941 3859 scripserit:
973 3775 1151 3841 Lolliam
1182 3774 1266 3838 Pau·

208 3878 329 3945 linum
350 3879 432 3963 <ll-
464 3879 575 3966 Lollio,
604 3881 713 3968 illio>
734 3883 779 3948 M.
803 3881 930 3949 Lollii
961 3881 1210 3955 consularis.
1237 3876 1267 3940 et

201 3984 353 4053 lulium
387 3987 652 4072 Agrippinam
688 3989 927 4058 Germanico
959 3990 1161 4071 genitam,
1195 3987 1267 4068 pube
