2656 5056
435 694 466 749 L.
485 693 590 748 Senecae
609 693 745 762 Epistme.
1020 691 1081 756 509

54 897 145 960 citer.
202 892 359 973 Scriptum
392 892 472 954 erat:
522 889 717 972 Numquid
831 889 925 952 utta
959 891 1123 974 amplius

53 1018 165 1065 arma
198 997 422 1063 desiderat?
461 996 580 1060 Hausto
612 995 709 1061 altero
746 1017 765 1055 u
799 991 1054 1081 (ullamplins)
1088 1017 1124 1062 ex

53 1107 114 1170 ull
146 1105 264 1169 iactum
290 1104 356 1167 uti.
411 1101 560 1184 Sequitur
580 1099 642 1186 §9
672 1099 728 1177 (8),
762 1119 781 1164 u
829 1101 951 1184 quidem
984 1102 1017 1166 in
1041 1101 1069 1166 B
1092 1105 1125 1168 ot

55 1209 128 1275 aliis
149 1209 312 1274 scribitur:
356 1207 402 1271 Et
434 1207 497 1288 qui
527 1206 565 1269 in
589 1224 733 1271 summa
757 1208 882 1271 motus
913 1209 973 1272 est
995 1209 1125 1273 calore

55 1315 213 1380 adiecto
235 1318 276 1378 ut
297 1332 403 1378 suum
425 1301 565 1377 teneat}
609 1311 685 1374 Haec
705 1317 896 1393 opponuntur
918 1314 1123 1395 superioribus

55 1421 106 1485 his
130 1419 196 1497 (8):
240 1420 490 1484 Insummum
528 1416 716 1500 perducto
751 1417 914 1482 calorem
943 1419 1125 1483 calefieri

56 1544 339 1609 supervacuum
368 1527 438 1588 est.
493 1521 692 1604 Scribendum
724 1521 908 1605 igiturest:
963 1522 1027 1596 Ei,
1060 1524 1124 1606 qui

56 1633 97 1697 in
133 1649 277 1696 summo
300 1613 366 1713 [aar
400 1628 558 1712 calore}
592 1650 683 1711 opus
720 1629 784 1692 est
821 1629 949 1693 calore
971 1628 1124 1694 adiecto

56 1741 100 1802 nt
121 1759 306 1799 summum
328 1738 470 1800 teneat.
516 1734 655 1798 Proxime
678 1732 716 1797 ad
738 1751 842 1796 verum
857 1733 907 1810 (ed
930 1752 1032 1798 veram
1056 1753 1125 1799 sen-

58 1843 195 1907 tentiam
218 1848 356 1924 prorsus)
388 1843 567 1922 pervenerat
591 1837 884 1921 Schweigbaeuserus
915 1839 977 1914 (tlt
999 1840 1062 1921 qui
1085 1841 1124 1904 iu

56 1965 209 2012 summo
244 1949 303 2011 est
324 1947 469 2021 calore,
508 1944 577 2008 illi
599 1962 694 2026 opus
717 1963 742 2007 e.
766 1963 792 2007 c.
815 1961 852 2014 a,
876 1948 916 2008 ut
937 1962 1123 2009 summum

57 2054 220 2128 teneat).
277 2051 359 2115 lnfra
391 2050 408 2132 ξ
444 2050 492 2111 16
515 2051 583 2126 (14)
614 2050 750 2114 codicum
783 2048 847 2113 haec
877 2050 925 2113 est
959 2050 1123 2131 scriptura:

57 2159 187 2224 Aiunt
218 2156 396 2220 homines
430 2155 519 2237 ptus
562 2155 597 2218 in
631 2154 759 2219 alieno
793 2155 958 2237 negotio
992 2155 1125 2220 videre

59 2264 184 2328 initio
217 2261 285 2325 hoc
317 2261 400 2324 illis
434 2261 576 2330 evenit,
608 2279 704 2343 quos
727 2278 828 2324 amor
855 2260 912 2324 sui
942 2267 1124 2337 excaecat,

59 2373 121 2433 cet.
167 2366 263 2431 lnhis
279 2384 337 2430 non
356 2365 489 2441 subesse,
513 2364 593 2447 quod
615 2365 706 2447 vulgo
729 2366 843 2430 editur:
866 2366 994 2432 videre
1016 2385 1124 2449 quam

57 2474 94 2537 in
120 2490 205 2544 suc:
228 2471 418 2548 bacillis,
450 2473 593 2552 apparet:
628 2468 700 2552 quid
733 2470 844 2535 litterae
872 2471 985 2535 initio
1008 2473 1126 2555 signifi-

58 2581 186 2652 carent,
219 2575 361 2640 viderunt
381 2575 525 2641 librarius
560 2575 764 2639 recentissimi
786 2575 898 2641 codicis
921 2577 1062 2641 Vaticani
1095 2580 1126 2641 et

56 2683 223 2747 Erasmus:
246 2694 252 2706 ·
276 2680 377 2743 Vitio
399 2681 471 2746 hoc
492 2679 581 2744 illis
603 2680 749 2751 evenit,
774 2685 936 2763 quoscet.
967 2681 1126 2746 Facillime

57 2787 185 2853 auditur
207 2806 315 2871 quem
336 2787 374 2849 in
398 2805 474 2851 suo.
543 2786 703 2850 Postremo
732 2787 868 2851 extrema
890 2787 1020 2868 epistola
1043 2791 1062 2869 ᾖ
1087 2786 1125 2850 18

59 2892 130 2971 (16)
155 2911 235 2956 nunc
259 2891 374 2956 editur:
418 2891 517 2969 Quid
552 2910 610 2955 me
642 2891 768 2973 poscis
806 2892 844 2967 (B
878 2895 910 2955 et
940 2892 1003 2957 fere
1033 2894 1125 2957 ceteri

58 2999 217 3081 posces)
240 2997 446 3062 scientiam
468 2996 678 3061 inutilem?
732 2996 874 3081 Magna
895 2997 1124 3079 promisisti,

59 3102 209 3185 exigna
254 3102 375 3167 video.
434 3100 585 3180 Quoniam
628 3101 745 3165 nullum
784 3101 905 3166 omnino
949 3101 1065 3166 Seneca
1107 3120 1126 3166 a

59 3207 182 3272 Lnoilio
204 3207 363 3272 scientiam
386 3208 495 3290 poscit,
518 3206 571 3271 sed
584 3206 720 3270 Lucilius
742 3225 801 3271 non
825 3208 964 3288 praestari
979 3227 997 3272 a
1012 3208 1126 3271 Seneca

59 3314 216 3396 promisse
237 3313 383 3395 queritur,
407 3311 537 3375 editores
560 3314 631 3376 ente
655 3311 829 3376 Fickertum
857 3313 972 3377 doces
994 3312 1124 3394 scripse·

58 3421 146 3492 rant,
193 3416 325 3482 sortasse
360 3434 445 3490 vere:
483 3415 537 3481 sed
570 3419 680 3497 potest*
703 3417 795 3481 etiam
830 3417 977 3500 scriptum
1017 3417 1124 3480 luisse:
1237 3490 1238 3493 Ἴ

59 3522 164 3602 Quid
186 3541 242 3586 me
258 3523 391 3605 pascis
411 3525 572 3584 seleutia
595 3522 753 3583 inutili?
784 3521 837 3599 (lit
858 3522 902 3586 sic
923 3521 1011 3587 video
1034 3521 1126 3586 scribi

59 3628 197 3694 voluisse
219 3626 404 3704 Pontanum,
427 3627 511 3691 cuius
533 3630 621 3692 notas
643 3627 820 3709 paucissimi
843 3626 1005 3709 viderunt.)

161 3732 218 3814 Ep.
244 3731 313 3808 110,
344 3732 364 3794 5
386 3733 417 3796 in
440 3732 504 3798 his:
547 3731 661 3796 Nemo
687 3751 802 3807 ausus
825 3735 887 3796 est
908 3731 952 3795 ad
973 3730 1027 3804 id,
1052 3750 1123 3814 quo

58 3837 386 3923 perturbabatur,
418 3837 608 3902 accedere
646 3839 682 3901 et
712 3839 893 3901 naturam
922 3854 964 3900 ac
986 3836 1123 3900 bonum

57 3942 218 4008 timeris
252 3942 310 4005 eni
343 3960 469 4014 nosse,
508 3942 733 4007 satiscertnm
762 3945 809 4007 est
841 3942 1019 4006 mendosum
1057 3958 1125 4005 esse

57 4051 198 4113 bonnm
222 4052 307 4124 (nam
341 4064 440 4129 neque
462 4046 575 4112 bonum
597 4066 694 4131 neque
715 4047 832 4113 malum
855 4046 949 4111 habet
969 4045 1070 4120 timor,
1093 4047 1125 4110 et

59 4156 165 4239 agitur
186 4154 225 4217 de
244 4171 289 4228 ec,
311 4152 390 4235 quod
412 4153 598 4217 contrarium
621 4155 669 4218 est
689 4153 811 4217 incerte
834 4151 947 4234 speciei
972 4154 1003 4215 et
1025 4151 1124 4232 opini-

58 4261 137 4337 oni):
171 4276 229 4338 nec
251 4257 377 4338 dubium
400 4257 535 4334 videtur,
571 4257 641 4338 quin
671 4257 895 4322 restituendum
917 4255 960 4321 sit
980 4274 1022 4321 ac
1043 4277 1124 4318 mo·

56 4365 144 4427 dam
166 4368 282 4442 (veram
305 4362 505 4444 mensuram).
555 4361 674 4426 Deinde
700 4362 737 4422 14
760 4361 876 4426 editur:
907 4361 996 4425 hinc
1030 4379 1123 4442 pne·

55 4487 190 4535 rorum
235 4469 461 4550 perspicuos
506 4466 613 4531 cultu
650 4468 764 4549 atque
797 4467 923 4531 forma
967 4483 1123 4549 greges,
