2654 5010
346 623 406 678 Lib.
424 623 460 678 11.
480 623 546 693 Cap.
564 623 597 677 V.
623 623 743 678 Tacitus.
976 623 1037 686 223

47 839 116 885 rum
147 821 248 903 primo
280 821 394 888 aaeoulo
426 821 545 900 luisset,
577 819 794 905 cognoscenda
827 818 988 884 materiam
1022 821 1089 885 sub-

47 946 108 992 rum
129 928 367 1011 continuumque
389 931 586 1009 conspectum
615 924 781 992 adductam
810 944 879 992 cum
910 943 956 1003 ea,
986 942 1081 1006 quam

47 1051 77 1099 ee
99 1033 132 1098 in
154 1051 245 1116 opere
267 1035 305 1100 de
327 1033 458 1117 publicis
475 1033 681 1098 Romanorum
696 1032 847 1098 institutis
863 1031 1078 1110 delineassem,

47 1138 145 1224 lagine
167 1140 266 1206 denuo
286 1141 464 1206 conferrem.
514 1139 594 1206 Cum
622 1139 727 1224 igitur,
750 1138 831 1222 quod
853 1137 934 1205 oculi
955 1156 1080 1203 omnem

47 1246 134 1310 nnino
156 1245 281 1330 legendi
303 1264 426 1328 operam
456 1247 661 1331 denegabant,
691 1246 791 1313 Taciti
817 1244 915 1312 oratio
945 1242 1021 1308 mihi
1042 1262 1088 1309 er·

47 1351 127 1417 elmii
151 1354 290 1435 exemplo
311 1355 453 1438 quartum
477 1353 609 1435 repetito
630 1354 677 1418 ita
691 1352 882 1430 recitaretur,
898 1353 941 1430 ut,
958 1352 983 1416 ei
1003 1349 1079 1435 quid

47 1458 188 1524 enatent
225 1460 422 1543 animumque
464 1459 658 1526 dubitatione
702 1457 893 1542 pupugisset,
936 1457 1076 1524 codicum

47 1563 208 1646 ripturaea
236 1566 356 1630 Rittero
385 1568 542 1632 annotata
570 1568 816 1649 compararentur
845 1564 1078 1630 consideraren-

47 1689 132 1754 rque,
165 1672 247 1736 idern
281 1671 358 1737 mihi
386 1674 497 1751 evenit,
532 1672 612 1756 quod
645 1690 727 1754 saepe
759 1671 860 1750 antea,
882 1689 951 1735 cum
975 1669 1076 1736 Taciti

47 1776 123 1859 ripta
143 1780 317 1855 tractarem,
341 1782 494 1857 euenerat,
518 1784 552 1844 ut
579 1777 740 1861 permultis
770 1777 848 1842 locis
877 1795 929 1842 eas
959 1777 1077 1842 coniec-

47 1901 103 1960 rae,
126 1883 157 1948 in
182 1902 259 1967 quas
280 1885 345 1967 ipse
367 1889 422 1950 aut
443 1885 550 1950 statim
572 1888 627 1949 aut
648 1885 772 1966 sumpto
793 1881 952 1967 cogitandi
973 1881 1076 1964 spatio

47 1987 195 2066 cidissem,
218 2009 269 2056 eas
292 1991 413 2070 deinde,
429 1992 565 2072 iuspecto
582 1990 758 2056 Halmianre
773 1988 919 2055 editionis
934 1988 1074 2073 margine

48 2094 217 2178 bibitisque
240 2097 439 2163 Baikorianae
462 2095 609 2163 editionis
631 2095 755 2162 maioris
777 2095 882 2178 copiis,
904 2114 923 2161 a
942 2096 1076 2178 superio·

47 2221 76 2266 m
105 2200 218 2284 aliquo,
248 2204 406 2283 Rhodano,
436 2203 551 2286 Lipsio,
582 2202 906 2282 derelictionem,
935 2202 1086 2280 Heinsio„

46 2308 228 2387 einshemio,
250 2309 413 2389 Gronorio,
437 2311 580 2376 Ernestio
602 2309 710 2388 aliove,
726 2309 883 2375 interdum
908 2309 948 2374 ab
974 2309 1076 2392 aliquo

47 2432 122 2489 runt,
146 2415 199 2498 qui
221 2434 318 2498 nuper
347 2414 379 2480 in
408 2416 509 2484 Taciti
532 2416 654 2499 scriptis
676 2416 884 2494 elaborarunt,
907 2416 1085 2500 praeoeptas

47 2519 213 2603 alligarem
235 2541 376 2606 saneque
399 2522 525 2588 mirarer
542 2541 600 2588 non
617 2523 735 2608 pridem
749 2523 781 2587 iu
797 2524 942 2589 contextu
957 2523 1074 2606 positas

47 2646 75 2693 re
99 2627 188 2704 (adeo
210 2627 287 2693 mihi
309 2629 416 2694 multa
439 2649 545 2695 earum
566 2632 656 2695 certae
678 2629 884 2707 videbantur),
914 2628 1084 2694 nonnullas-

47 2752 104 2816 ,per
125 2734 203 2812 loco,
225 2753 318 2818 quem
339 2735 521 2813 tenuissent,
549 2734 663 2817 pulsas,
693 2735 772 2801 alias
801 2753 925 2816 prorsus
951 2733 1081 2799 silentio-

46 2839 185 2918 rissas.*)
228 2840 288 2906 Sed
318 2843 428 2925 prater
457 2859 509 2906 eas
538 2827 777 2918 emendationes,
807 2840 839 2906 in
869 2841 980 2922 quibus
1003 2859 1081 2904 con-

47 2986 242 2993 *ui-—

59 3064 86 3132 *l
105 3065 177 3133 Quid
206 3065 329 3131 sentiam,
358 3079 439 3133 quam
467 3063 602 3118 editorum
629 3064 791 3133 patientiam
820 3069 849 3118 et
876 3079 939 3131 quea
967 3062 1075 3119 tacendi

108 3157 208 3226 effugia
234 3173 290 3212 nou
317 3157 413 3225 ieram,
440 3157 556 3225 exempli
583 3171 668 3213 causa
693 3156 722 3209 in
749 3173 803 3211 uuo
831 3156 912 3224 primi
939 3157 1075 3212 annalium

106 3251 168 3304 libri
195 3251 257 3306 loco
284 3251 379 3320 paucis
408 3250 502 3305 verbis
530 3250 683 3305 declarabo.
728 3247 798 3304 Nam
818 3266 840 3304 c.
858 3249 902 3318 44,
929 3257 1074 3320 postquam

106 3343 217 3398 Tacitus
236 3344 372 3412 legionum
396 3343 558 3398 seditionem
582 3358 765 3412 compressam
786 3359 847 3398 esse
867 3351 895 3398 et
913 3343 1074 3414 supplicium
1144 3366 1145 3369 ¹
1215 3320 1217 3324 Ι

107 3436 141 3491 de
160 3436 303 3492 seditionis
322 3438 479 3492 auctoribus
499 3436 533 3490 ab
552 3436 620 3506 ipsis
638 3435 769 3490 militibus
792 3442 928 3506 sumptum
947 3439 1074 3504 narravit,

108 3531 148 3585 sic
172 3530 205 3585 de
228 3530 390 3585 Germanico
419 3529 560 3584 scribitur:
589 3528 865 3583 Centurionatum
893 3528 969 3585 inde
997 3531 1073 3598 egit.

105 3623 246 3678 Enarrant
275 3624 466 3680 Germanicum
500 3639 642 3678 censuram
673 3622 860 3676 centurionum
897 3631 925 3678 et
960 3640 1074 3679 examen

105 3717 254 3787 peregisse,
273 3718 320 3784 qui
338 3716 483 3784 retinendi,
503 3717 551 3784 qui
568 3717 629 3771 loco
650 3715 774 3770 morendi
789 3730 923 3785 poenaque
935 3716 1074 3771 afficiendi

107 3817 209 3865 essent.
255 3810 351 3880 Neque
379 3811 526 3878 dubitatur,
554 3811 619 3879 quin
647 3825 706 3865 eam
733 3824 790 3862 rem
818 3808 931 3862 Tacitus
958 3808 1073 3877 intelligi

106 3905 228 3959 voluerit.
267 3904 367 3958 Verum
386 3904 408 3958 si
421 3903 486 3973 quid
498 3905 567 3963 certi
579 3905 608 3958 in
623 3902 756 3957 sermonis
769 3917 821 3956 usu
833 3907 884 3969 est,
894 3902 1073 3957 certissimum

107 4005 158 4065 est,
177 3998 435 4053 centurionatus
462 3997 635 4065 vocabulum,
663 3995 758 4051 eadem
786 3997 893 4050 ratione
919 3994 1080 4061 formatum,

106 4108 162 4160 qua
189 4091 441 4158 decurionatus,
469 4091 666 4161 optionatus
694 4093 721 4142 et
749 4093 828 4142 extra
851 4103 908 4141 rem
927 4087 1072 4142 militarem

106 4184 318 4251 consulatus,
345 4183 552 4251 tribunatus,
575 4181 824 4237 decemviratus
847 4181 955 4249 aliaque
979 4179 1072 4249 appel-

105 4278 206 4346 lantur,
225 4277 292 4331 nihil
312 4275 385 4332 eliud
405 4275 558 4344 significare
578 4276 631 4331 nisi
648 4276 737 4331 locum
757 4281 785 4329 et
796 4289 894 4329 munus
908 4272 1073 4327 centurionis

105 4379 140 4439 et,
160 4371 182 4426 si
201 4370 366 4424 declinatum
390 4369 510 4422 nonnihil
533 4385 550 4423 a
573 4370 662 4439 prima
684 4368 879 4438 significatione
898 4365 1077 4431 concedatur,v

105 4470 196 4519 tamen
214 4462 289 4517 nullo
308 4462 388 4518 modo
407 4461 434 4515 in
453 4477 512 4516 eam
531 4469 636 4530 partem
660 4461 767 4516 deflecti
789 4462 919 4532 potuisse,
942 4460 970 4513 iu
991 4473 1073 4526 quam
