<?xml version="1.0" encoding="UTF-8"?>
<!DOCTYPE html PUBLIC "-//W3C//DTD XHTML 1.0 Transitional//EN"
    "http://www.w3.org/TR/xhtml1/DTD/xhtml1-transitional.dtd">
<html xmlns="http://www.w3.org/1999/xhtml" xml:lang="en" lang="en">
 <head>
  <title>
</title>
<meta http-equiv="Content-Type" content="text/html;charset=utf-8" />
  <meta name='ocr-system' content='tesseract 3.04.00' />
  <meta name='ocr-capabilities' content='ocr_page ocr_carea ocr_par ocr_line ocrx_word'/>
</head>
<body>
  <div class='ocr_page' id='page_1' title='image "./ioniemadvigiiad00madvgoog_0800.png"; bbox 0 0 2656 5056; ppageno 0'>
   <div class='ocr_carea' id='block_1_1' title="bbox 245 278 858 349">
    <p class='ocr_par' dir='ltr' id='par_1_1' title="bbox 245 278 858 349">
     <span class='ocr_line' id='line_1_1' title="bbox 245 278 858 349; baseline -0.002 -17"><span class='ocrx_word' id='word_1_1' title='bbox 245 283 305 346; x_wconf 81' lang='lat'><strong>104</strong></span> <span class='ocrx_word' id='word_1_2' title='bbox 477 294 487 300; x_wconf 66' lang='lat'><em>‚</em></span> <span class='ocrx_word' id='word_1_3' title='bbox 618 280 677 335; x_wconf 76' lang='lat' dir='ltr'><strong>uic.</strong></span> <span class='ocrx_word' id='word_1_4' title='bbox 696 280 732 335; x_wconf 90' lang='grc' dir='ltr'><strong>ιι.</strong></span> <span class='ocrx_word' id='word_1_5' title='bbox 752 278 818 349; x_wconf 77' lang='lat' dir='ltr'><strong>oap.</strong></span> <span class='ocrx_word' id='word_1_6' title='bbox 836 278 858 332; x_wconf 91' lang='lat'><strong>1.</strong></span> 
     </span>
    </p>
   </div>
   <div class='ocr_carea' id='block_1_2' title="bbox 181 476 1264 2689">
    <p class='ocr_par' dir='ltr' id='par_1_2' title="bbox 201 476 1264 1305">
     <span class='ocr_line' id='line_1_2' title="bbox 201 476 1263 566; baseline -0.003 -22"><span class='ocrx_word' id='word_1_7' title='bbox 201 479 303 544; x_wconf 86' lang='lat' dir='ltr'><strong>toria</strong></span> <span class='ocrx_word' id='word_1_8' title='bbox 326 479 479 546; x_wconf 79' lang='lat' dir='ltr'><strong>Grecis</strong></span> <span class='ocrx_word' id='word_1_9' title='bbox 501 498 569 545; x_wconf 90' lang='lat' dir='ltr'><strong>cnm</strong></span> <span class='ocrx_word' id='word_1_10' title='bbox 591 476 731 558; x_wconf 88' lang='lat' dir='ltr'><strong>exempla</strong></span> <span class='ocrx_word' id='word_1_11' title='bbox 752 476 912 543; x_wconf 87' lang='lat' dir='ltr'><strong>declarent</strong></span> <span class='ocrx_word' id='word_1_12' title='bbox 937 480 993 556; x_wconf 85' lang='lat' dir='ltr'><strong>(ut</strong></span> <span class='ocrx_word' id='word_1_13' title='bbox 1016 481 1039 566; x_wconf 62' lang='grc' dir='ltr'><strong>ξ</strong></span> <span class='ocrx_word' id='word_1_14' title='bbox 1063 480 1126 543; x_wconf 88' lang='grc'><strong>169</strong></span> <span class='ocrx_word' id='word_1_15' title='bbox 1149 483 1178 546; x_wconf 88' lang='lat' dir='ltr'><strong>ol</strong></span> <span class='ocrx_word' id='word_1_16' title='bbox 1198 480 1263 553; x_wconf 77' lang='lat' dir='ltr'><strong>lib),</strong></span> 
     </span>
     <span class='ocr_line' id='line_1_3' title="bbox 202 582 1264 669; baseline -0.001 -20"><span class='ocrx_word' id='word_1_17' title='bbox 202 588 269 650; x_wconf 91' lang='lat' dir='ltr'><strong>tum</strong></span> <span class='ocrx_word' id='word_1_18' title='bbox 292 586 389 664; x_wconf 86' lang='lat' dir='ltr'><strong>ratic;</strong></span> <span class='ocrx_word' id='word_1_19' title='bbox 416 604 514 669; x_wconf 89' lang='lat' dir='ltr'><strong>neque</strong></span> <span class='ocrx_word' id='word_1_20' title='bbox 544 585 624 649; x_wconf 91' lang='lat' dir='ltr'><strong>enim</strong></span> <span class='ocrx_word' id='word_1_21' title='bbox 647 602 794 666; x_wconf 84' lang='lat' dir='ltr'><strong>umquam</strong></span> <span class='ocrx_word' id='word_1_22' title='bbox 824 582 965 650; x_wconf 83' lang='lat' dir='ltr'><strong>Graeca</strong></span> <span class='ocrx_word' id='word_1_23' title='bbox 989 586 1038 651; x_wconf 91' lang='lat' dir='ltr'><strong>sic</strong></span> <span class='ocrx_word' id='word_1_24' title='bbox 1070 586 1205 652; x_wconf 83' lang='lat' dir='ltr'><strong>absolute</strong></span> <span class='ocrx_word' id='word_1_25' title='bbox 1226 583 1264 648; x_wconf 84' lang='lat' dir='ltr'><strong>di·</strong></span> 
     </span>
     <span class='ocr_line' id='line_1_4' title="bbox 203 689 1260 764; baseline -0.003 -7"><span class='ocrx_word' id='word_1_26' title='bbox 203 694 324 758; x_wconf 89' lang='lat' dir='ltr'><strong>cuntur.</strong></span> <span class='ocrx_word' id='word_1_27' title='bbox 374 691 435 757; x_wconf 85' lang='lat' dir='ltr'><strong>Sed</strong></span> <span class='ocrx_word' id='word_1_28' title='bbox 464 690 588 757; x_wconf 87' lang='lat' dir='ltr'><strong>etiamsi</strong></span> <span class='ocrx_word' id='word_1_29' title='bbox 616 689 779 754; x_wconf 87' lang='lat' dir='ltr'><strong>littoris</strong></span> <span class='ocrx_word' id='word_1_30' title='bbox 808 689 981 764; x_wconf 84' lang='lat' dir='ltr'><strong>addideris,</strong></span> <span class='ocrx_word' id='word_1_31' title='bbox 1016 695 1163 758; x_wconf 82' lang='lat' dir='ltr'>remanet</span> <span class='ocrx_word' id='word_1_32' title='bbox 1182 694 1260 758; x_wconf 85' lang='lat' dir='ltr'><strong>tamen</strong></span> 
     </span>
     <span class='ocr_line' id='line_1_5' title="bbox 202 796 1262 878; baseline -0.003 -15"><span class='ocrx_word' id='word_1_33' title='bbox 202 798 311 863; x_wconf 80' lang='lat' dir='ltr'><strong>vitium</strong></span> <span class='ocrx_word' id='word_1_34' title='bbox 335 797 483 865; x_wconf 86' lang='lat' dir='ltr'><strong>orationis</strong></span> <span class='ocrx_word' id='word_1_35' title='bbox 505 797 537 862; x_wconf 92' lang='lat' dir='ltr'><strong>in</strong></span> <span class='ocrx_word' id='word_1_36' title='bbox 560 797 698 867; x_wconf 80' lang='lat' dir='ltr'><strong>etiam.</strong></span> <span class='ocrx_word' id='word_1_37' title='bbox 720 796 812 878; x_wconf 90' lang='lat' dir='ltr'><strong>quod,</strong></span> <span class='ocrx_word' id='word_1_38' title='bbox 835 814 895 877; x_wconf 90' lang='lat' dir='ltr'><strong>qno</strong></span> <span class='ocrx_word' id='word_1_39' title='bbox 911 797 1084 876; x_wconf 86' lang='lat' dir='ltr'><strong>referatur,</strong></span> <span class='ocrx_word' id='word_1_40' title='bbox 1107 819 1168 864; x_wconf 92' lang='grc' dir='ltr'>ιιοιι</span> <span class='ocrx_word' id='word_1_41' title='bbox 1181 798 1262 864; x_wconf 83' lang='lat' dir='ltr'><strong>habet.</strong></span> 
     </span>
     <span class='ocr_line' id='line_1_6' title="bbox 202 901 1264 987; baseline -0.001 -19"><span class='ocrx_word' id='word_1_42' title='bbox 202 904 346 970; x_wconf 74' lang='lat' dir='ltr'><strong>Fortasse</strong></span> <span class='ocrx_word' id='word_1_43' title='bbox 361 905 466 971; x_wconf 84' lang='lat' dir='ltr'><strong>Cicero</strong></span> <span class='ocrx_word' id='word_1_44' title='bbox 480 905 660 986; x_wconf 78' lang='lat' dir='ltr'>scripserat:</span> <span class='ocrx_word' id='word_1_45' title='bbox 677 902 829 967; x_wconf 79' lang='lat' dir='ltr'>Doctus</span> <span class='ocrx_word' id='word_1_46' title='bbox 851 901 978 966; x_wconf 90' lang='lat' dir='ltr'><strong>etiam</strong></span> <span class='ocrx_word' id='word_1_47' title='bbox 996 905 1123 987; x_wconf 90' lang='lat' dir='ltr'><strong>&lt;iu&gt;</strong></span> <span class='ocrx_word' id='word_1_48' title='bbox 1139 907 1264 972; x_wconf 76' lang='lat' dir='ltr'><strong>Grecis</strong></span> 
     </span>
     <span class='ocr_line' id='line_1_7' title="bbox 203 1007 1262 1092; baseline 0.001 -17"><span class='ocrx_word' id='word_1_49' title='bbox 203 1009 237 1074; x_wconf 84' lang='lat' dir='ltr'><strong>T.</strong></span> <span class='ocrx_word' id='word_1_50' title='bbox 261 1010 458 1076; x_wconf 83' lang='lat' dir='ltr'><strong>Albucius</strong></span> <span class='ocrx_word' id='word_1_51' title='bbox 480 1010 543 1075; x_wconf 84' lang='lat' dir='ltr'><strong>rel</strong></span> <span class='ocrx_word' id='word_1_52' title='bbox 565 1009 699 1092; x_wconf 90' lang='lat' dir='ltr'><strong>potins</strong></span> <span class='ocrx_word' id='word_1_53' title='bbox 721 1025 827 1090; x_wconf 78' lang='lat' dir='ltr'><strong>paene</strong></span> <span class='ocrx_word' id='word_1_54' title='bbox 849 1007 1036 1085; x_wconf 82' lang='lat' dir='ltr'><strong>Graecus,</strong></span> <span class='ocrx_word' id='word_1_55' title='bbox 1067 1013 1106 1076; x_wconf 91' lang='lat' dir='ltr'><strong>ut</strong></span> <span class='ocrx_word' id='word_1_56' title='bbox 1128 1012 1262 1085; x_wconf 83' lang='lat' dir='ltr'><strong>Albucius,</strong></span> 
     </span>
     <span class='ocr_line' id='line_1_8' title="bbox 203 1115 1264 1202; baseline 0.003 -21"><span class='ocrx_word' id='word_1_57' title='bbox 203 1117 327 1182; x_wconf 84' lang='lat' dir='ltr'><strong>etiamsi</strong></span> <span class='ocrx_word' id='word_1_58' title='bbox 365 1135 435 1182; x_wconf 92' lang='lat' dir='ltr'><strong>cum</strong></span> <span class='ocrx_word' id='word_1_59' title='bbox 472 1115 586 1182; x_wconf 75' lang='lat' dir='ltr'><strong>Grecis</strong></span> <span class='ocrx_word' id='word_1_60' title='bbox 622 1115 851 1197; x_wconf 84' lang='lat' dir='ltr'><strong>compararetur</strong></span> <span class='ocrx_word' id='word_1_61' title='bbox 886 1134 945 1181; x_wconf 91' lang='lat' dir='ltr'><strong>nec</strong></span> <span class='ocrx_word' id='word_1_62' title='bbox 985 1117 1138 1183; x_wconf 87' lang='lat' dir='ltr'><strong>Romana</strong></span> <span class='ocrx_word' id='word_1_63' title='bbox 1179 1117 1264 1202; x_wconf 77' lang='lat' dir='ltr'><strong>regulo</strong></span> 
     </span>
     <span class='ocr_line' id='line_1_9' title="bbox 203 1218 923 1305; baseline 0 -18"><span class='ocrx_word' id='word_1_64' title='bbox 203 1222 419 1302; x_wconf 77' lang='lat' dir='ltr'><strong>estimaretur,</strong></span> <span class='ocrx_word' id='word_1_65' title='bbox 442 1223 552 1288; x_wconf 85' lang='lat' dir='ltr'><strong>doctus</strong></span> <span class='ocrx_word' id='word_1_66' title='bbox 573 1221 668 1287; x_wconf 83' lang='lat' dir='ltr'><strong>luisse</strong></span> <span class='ocrx_word' id='word_1_67' title='bbox 690 1218 923 1305; x_wconf 82' lang='lat' dir='ltr'><strong>significaretur.</strong></span> 
     </span>
    </p>

    <p class='ocr_par' dir='ltr' id='par_1_3' title="bbox 181 1326 1264 2689">
     <span class='ocr_line' id='line_1_10' title="bbox 303 1326 1263 1411; baseline -0.002 -18"><span class='ocrx_word' id='word_1_68' title='bbox 303 1326 381 1393; x_wconf 89' lang='lat' dir='ltr'><strong>lbid.</strong></span> <span class='ocrx_word' id='word_1_69' title='bbox 400 1328 479 1394; x_wconf 77' lang='lat'>150:</span> <span class='ocrx_word' id='word_1_70' title='bbox 502 1332 723 1411; x_wconf 77' lang='lat' dir='ltr'><strong>elatosque</strong></span> <span class='ocrx_word' id='word_1_71' title='bbox 745 1328 890 1392; x_wconf 84' lang='lat' dir='ltr'><strong>vcstrae</strong></span> <span class='ocrx_word' id='word_1_72' title='bbox 913 1331 956 1392; x_wconf 87' lang='lat' dir='ltr'><strong>ut</strong></span> <span class='ocrx_word' id='word_1_73' title='bbox 987 1330 1162 1397; x_wconf 90' lang='lat' dir='ltr'><strong>illorum</strong></span> <span class='ocrx_word' id='word_1_74' title='bbox 1179 1329 1263 1398; x_wconf 90' lang='lat' dir='ltr'><strong>nibil</strong></span> 
     </span>
     <span class='ocr_line' id='line_1_11' title="bbox 202 1433 1262 1522; baseline 0.006 -25"><span class='ocrx_word' id='word_1_75' title='bbox 202 1436 271 1498; x_wconf 89' lang='lat' dir='ltr'><strong>aut</strong></span> <span class='ocrx_word' id='word_1_76' title='bbox 299 1451 372 1498; x_wconf 90' lang='lat' dir='ltr'><strong>nou</strong></span> <span class='ocrx_word' id='word_1_77' title='bbox 401 1435 484 1500; x_wconf 87' lang='lat' dir='ltr'><strong>lere</strong></span> <span class='ocrx_word' id='word_1_78' title='bbox 512 1435 679 1502; x_wconf 87' lang='lat' dir='ltr'><strong>multum</strong></span> <span class='ocrx_word' id='word_1_79' title='bbox 707 1433 919 1499; x_wconf 81' lang='lat' dir='ltr'><strong>differunt.</strong></span> <span class='ocrx_word' id='word_1_80' title='bbox 974 1434 1116 1502; x_wconf 76' lang='lat' dir='ltr'>Prorsus</span> <span class='ocrx_word' id='word_1_81' title='bbox 1145 1457 1262 1522; x_wconf 75' lang='lat' dir='ltr'><strong>perverse</strong></span> 
     </span>
     <span class='ocr_line' id='line_1_12' title="bbox 202 1538 1262 1628; baseline 0.003 -25"><span class='ocrx_word' id='word_1_82' title='bbox 202 1538 284 1604; x_wconf 86' lang='lat' dir='ltr'><strong>iuter</strong></span> <span class='ocrx_word' id='word_1_83' title='bbox 324 1559 398 1605; x_wconf 92' lang='lat' dir='ltr'><strong>nou</strong></span> <span class='ocrx_word' id='word_1_84' title='bbox 437 1545 468 1606; x_wconf 86' lang='lat' dir='ltr'><strong>et</strong></span> <span class='ocrx_word' id='word_1_85' title='bbox 505 1542 672 1607; x_wconf 85' lang='lat' dir='ltr'><strong>multum</strong></span> <span class='ocrx_word' id='word_1_86' title='bbox 706 1538 909 1622; x_wconf 73' lang='lat' dir='ltr'><strong>interponitur</strong></span> <span class='ocrx_word' id='word_1_87' title='bbox 942 1540 1034 1606; x_wconf 87' lang='lat' dir='ltr'><strong>fere</strong></span> <span class='ocrx_word' id='word_1_88' title='bbox 1059 1544 1166 1628; x_wconf 63' lang='lat' dir='ltr'><strong>[longe</strong></span> <span class='ocrx_word' id='word_1_89' title='bbox 1200 1544 1262 1608; x_wconf 86' lang='lat' dir='ltr'><strong>eoin</strong></span> 
     </span>
     <span class='ocr_line' id='line_1_13' title="bbox 202 1644 1264 1729; baseline 0.002 -20"><span class='ocrx_word' id='word_1_90' title='bbox 202 1644 294 1712; x_wconf 87' lang='lat' dir='ltr'><strong>aliter</strong></span> <span class='ocrx_word' id='word_1_91' title='bbox 325 1665 381 1729; x_wconf 91' lang='lat' dir='ltr'><strong>per</strong></span> <span class='ocrx_word' id='word_1_92' title='bbox 414 1665 447 1713; x_wconf 90' lang='lat' dir='ltr'><strong>se</strong></span> <span class='ocrx_word' id='word_1_93' title='bbox 476 1647 589 1713; x_wconf 88' lang='lat' dir='ltr'><strong>dicitur</strong></span> <span class='ocrx_word' id='word_1_94' title='bbox 617 1646 854 1724; x_wconf 81' lang='lat' dir='ltr'><strong>conforme).</strong></span> <span class='ocrx_word' id='word_1_95' title='bbox 899 1645 993 1725; x_wconf 78' lang='lat' dir='ltr'><strong>Quod</strong></span> <span class='ocrx_word' id='word_1_96' title='bbox 1017 1650 1053 1714; x_wconf 88' lang='lat' dir='ltr'><strong>et</strong></span> <span class='ocrx_word' id='word_1_97' title='bbox 1075 1652 1223 1717; x_wconf 86' lang='lat' dir='ltr'><strong>sententia</strong></span> <span class='ocrx_word' id='word_1_98' title='bbox 1239 1652 1264 1712; x_wconf 87' lang='lat' dir='ltr'><strong>et</strong></span> 
     </span>
     <span class='ocr_line' id='line_1_14' title="bbox 201 1750 1262 1836; baseline 0.001 -21"><span class='ocrx_word' id='word_1_99' title='bbox 201 1750 347 1835; x_wconf 91' lang='lat' dir='ltr'><strong>loquendi</strong></span> <span class='ocrx_word' id='word_1_100' title='bbox 370 1772 444 1820; x_wconf 84' lang='lat' dir='ltr'><strong>usus</strong></span> <span class='ocrx_word' id='word_1_101' title='bbox 467 1755 603 1836; x_wconf 75' lang='lat' dir='ltr'><strong>requirit,</strong></span> <span class='ocrx_word' id='word_1_102' title='bbox 637 1752 766 1819; x_wconf 82' lang='lat' dir='ltr'><strong>allicitur</strong></span> <span class='ocrx_word' id='word_1_103' title='bbox 787 1752 852 1817; x_wconf 93' lang='lat' dir='ltr'><strong>leui</strong></span> <span class='ocrx_word' id='word_1_104' title='bbox 873 1755 1142 1836; x_wconf 81' lang='lat' dir='ltr'><strong>transpositione:</strong></span> <span class='ocrx_word' id='word_1_105' title='bbox 1178 1752 1262 1822; x_wconf 87' lang='lat' dir='ltr'><strong>nihil</strong></span> 
     </span>
     <span class='ocr_line' id='line_1_15' title="bbox 202 1854 1260 1943; baseline 0.004 -24"><span class='ocrx_word' id='word_1_106' title='bbox 202 1854 287 1921; x_wconf 86' lang='lat' dir='ltr'><strong>fere</strong></span> <span class='ocrx_word' id='word_1_107' title='bbox 319 1860 388 1922; x_wconf 90' lang='lat' dir='ltr'><strong>aut</strong></span> <span class='ocrx_word' id='word_1_108' title='bbox 419 1878 494 1925; x_wconf 91' lang='lat' dir='ltr'><strong>non</strong></span> <span class='ocrx_word' id='word_1_109' title='bbox 527 1860 705 1924; x_wconf 89' lang='lat' dir='ltr'><strong>multum.</strong></span> <span class='ocrx_word' id='word_1_110' title='bbox 759 1858 898 1923; x_wconf 86' lang='lat' dir='ltr'><strong>Similem</strong></span> <span class='ocrx_word' id='word_1_111' title='bbox 928 1861 1209 1943; x_wconf 81' lang='lat' dir='ltr'><strong>transpositionem</strong></span> <span class='ocrx_word' id='word_1_112' title='bbox 1237 1864 1260 1924; x_wconf 86' lang='lat' dir='ltr'><strong>iu</strong></span> 
     </span>
     <span class='ocr_line' id='line_1_16' title="bbox 203 1961 1264 2041; baseline 0.008 -18"><span class='ocrx_word' id='word_1_113' title='bbox 203 1962 224 2041; x_wconf 68' lang='grc' dir='ltr'><strong>ς</strong></span> <span class='ocrx_word' id='word_1_114' title='bbox 249 1961 310 2026; x_wconf 82' lang='grc'><strong>187</strong></span> <span class='ocrx_word' id='word_1_115' title='bbox 332 1964 444 2030; x_wconf 81' lang='lat' dir='ltr'><strong>iactam</strong></span> <span class='ocrx_word' id='word_1_116' title='bbox 469 1964 694 2034; x_wconf 88' lang='lat' dir='ltr'><strong>demonstrabo.</strong></span> <span class='ocrx_word' id='word_1_117' title='bbox 741 1963 817 2029; x_wconf 82' lang='lat' dir='ltr'><strong>(lum</strong></span> <span class='ocrx_word' id='word_1_118' title='bbox 836 1964 981 2031; x_wconf 88' lang='lat' dir='ltr'><strong>librarius</strong></span> <span class='ocrx_word' id='word_1_119' title='bbox 1004 1968 1161 2035; x_wconf 86' lang='lat' dir='ltr'><strong>omissam</strong></span> <span class='ocrx_word' id='word_1_120' title='bbox 1180 1985 1264 2035; x_wconf 89' lang='lat' dir='ltr'><strong>errore</strong></span> 
     </span>
     <span class='ocr_line' id='line_1_17' title="bbox 203 2070 1263 2158; baseline 0.008 -26"><span class='ocrx_word' id='word_1_121' title='bbox 203 2087 309 2134; x_wconf 87' lang='lat' dir='ltr'><strong>rocem</strong></span> <span class='ocrx_word' id='word_1_122' title='bbox 330 2070 362 2136; x_wconf 93' lang='lat' dir='ltr'><strong>iu</strong></span> <span class='ocrx_word' id='word_1_123' title='bbox 384 2073 524 2156; x_wconf 85' lang='lat' dir='ltr'><strong>margine</strong></span> <span class='ocrx_word' id='word_1_124' title='bbox 554 2078 609 2137; x_wconf 82' lang='lat' dir='ltr'><strong>aut</strong></span> <span class='ocrx_word' id='word_1_125' title='bbox 636 2074 717 2138; x_wconf 86' lang='lat' dir='ltr'><strong>iuter</strong></span> <span class='ocrx_word' id='word_1_126' title='bbox 743 2089 847 2137; x_wconf 81' lang='lat' dir='ltr'><strong>reisue</strong></span> <span class='ocrx_word' id='word_1_127' title='bbox 874 2073 1062 2150; x_wconf 85' lang='lat' dir='ltr'><strong>addidisset,</strong></span> <span class='ocrx_word' id='word_1_128' title='bbox 1095 2076 1263 2158; x_wconf 71' lang='lat' dir='ltr'><strong>provolos&gt;</strong></span> 
     </span>
     <span class='ocr_line' id='line_1_18' title="bbox 201 2173 437 2261; baseline 0.021 -24"><span class='ocrx_word' id='word_1_129' title='bbox 201 2173 316 2241; x_wconf 88' lang='lat' dir='ltr'><strong>inserta</strong></span> <span class='ocrx_word' id='word_1_130' title='bbox 337 2174 437 2261; x_wconf 76' lang='lat' dir='ltr'><strong>est.*l</strong></span> 
     </span>
     <span class='ocr_line' id='line_1_19' title="bbox 181 2282 1263 2368; baseline -0.002 -17"><span class='ocrx_word' id='word_1_131' title='bbox 181 2348 183 2351; x_wconf 84' lang='lat'>.</span> <span class='ocrx_word' id='word_1_132' title='bbox 301 2282 469 2348; x_wconf 81' lang='lat' dir='ltr'><strong>Ibidlbd:</strong></span> <span class='ocrx_word' id='word_1_133' title='bbox 493 2284 708 2368; x_wconf 69' lang='lat' dir='ltr'><strong>equalitas</strong></span> <span class='ocrx_word' id='word_1_134' title='bbox 729 2285 864 2349; x_wconf 89' lang='lat' dir='ltr'><strong>vestra</strong></span> <span class='ocrx_word' id='word_1_135' title='bbox 886 2332 894 2349; x_wconf 87' lang='lat'><strong><em>.</em></strong></span> <span class='ocrx_word' id='word_1_136' title='bbox 918 2332 926 2348; x_wconf 88' lang='lat'><strong>.</strong></span> <span class='ocrx_word' id='word_1_137' title='bbox 950 2333 958 2350; x_wconf 89' lang='lat'>.</span> <span class='ocrx_word' id='word_1_138' title='bbox 982 2288 1148 2354; x_wconf 88' lang='lat' dir='ltr'><strong>tantum</strong></span> <span class='ocrx_word' id='word_1_139' title='bbox 1170 2287 1263 2355; x_wconf 88' lang='lat' dir='ltr'><strong>abest</strong></span> 
     </span>
     <span class='ocr_line' id='line_1_20' title="bbox 203 2386 1262 2473; baseline 0.005 -22"><span class='ocrx_word' id='word_1_140' title='bbox 203 2386 248 2452; x_wconf 86' lang='lat' dir='ltr'><strong>ab</strong></span> <span class='ocrx_word' id='word_1_141' title='bbox 270 2387 573 2456; x_wconf 80' lang='lat' dir='ltr'><strong>obtrectatione</strong></span> <span class='ocrx_word' id='word_1_142' title='bbox 596 2394 636 2456; x_wconf 88' lang='lat' dir='ltr'><strong>ct</strong></span> <span class='ocrx_word' id='word_1_143' title='bbox 657 2390 829 2461; x_wconf 79' lang='lat' dir='ltr'><strong>invidia.</strong></span> <span class='ocrx_word' id='word_1_144' title='bbox 852 2408 934 2473; x_wconf 80' lang='lat' dir='ltr'><strong>quar</strong></span> <span class='ocrx_word' id='word_1_145' title='bbox 957 2393 1070 2458; x_wconf 87' lang='lat' dir='ltr'><strong>solet</strong></span> <span class='ocrx_word' id='word_1_146' title='bbox 1093 2395 1262 2461; x_wconf 84' lang='lat' dir='ltr'><strong>lacerare</strong></span> 
     </span>
     <span class='ocr_line' id='line_1_21' title="bbox 200 2491 1258 2583; baseline 0.007 -28"><span class='ocrx_word' id='word_1_147' title='bbox 200 2491 433 2576; x_wconf 83' lang='lat' dir='ltr'><strong>plerosque,</strong></span> <span class='ocrx_word' id='word_1_148' title='bbox 466 2497 526 2562; x_wconf 89' lang='lat' dir='ltr'><strong>uti</strong></span> <span class='ocrx_word' id='word_1_149' title='bbox 558 2500 614 2562; x_wconf 89' lang='lat' dir='ltr'><strong>cet.</strong></span> <span class='ocrx_word' id='word_1_150' title='bbox 658 2494 877 2561; x_wconf 85' lang='lat' dir='ltr'><strong>Lacerandi</strong></span> <span class='ocrx_word' id='word_1_151' title='bbox 911 2498 1044 2565; x_wconf 86' lang='lat' dir='ltr'><strong>verbum</strong></span> <span class='ocrx_word' id='word_1_152' title='bbox 1080 2502 1203 2583; x_wconf 88' lang='lat' dir='ltr'><strong>ponitur</strong></span> <span class='ocrx_word' id='word_1_153' title='bbox 1229 2497 1258 2562; x_wconf 86' lang='lat' dir='ltr'><strong>de</strong></span> 
     </span>
     <span class='ocr_line' id='line_1_22' title="bbox 201 2598 1261 2689; baseline 0.005 -24"><span class='ocrx_word' id='word_1_154' title='bbox 201 2598 327 2665; x_wconf 76' lang='lat' dir='ltr'><strong>invida</strong></span> <span class='ocrx_word' id='word_1_155' title='bbox 348 2599 378 2665; x_wconf 81' lang='lat' dir='ltr'><strong>vi</strong></span> <span class='ocrx_word' id='word_1_156' title='bbox 401 2604 433 2667; x_wconf 89' lang='lat' dir='ltr'><strong>et</strong></span> <span class='ocrx_word' id='word_1_157' title='bbox 454 2602 575 2684; x_wconf 88' lang='lat' dir='ltr'><strong>impetu</strong></span> <span class='ocrx_word' id='word_1_158' title='bbox 596 2601 628 2667; x_wconf 91' lang='lat' dir='ltr'><strong>in</strong></span> <span class='ocrx_word' id='word_1_159' title='bbox 651 2621 713 2677; x_wconf 82' lang='lat' dir='ltr'><strong>eos,</strong></span> <span class='ocrx_word' id='word_1_160' title='bbox 737 2600 845 2685; x_wconf 83' lang='lat' dir='ltr'><strong>quibus</strong></span> <span class='ocrx_word' id='word_1_161' title='bbox 867 2602 1261 2689; x_wconf 83' lang='lat' dir='ltr'><strong>inridetur,e1promendo·,</strong></span> 
     </span>
    </p>
   </div>
   <div class='ocr_carea' id='block_1_3' title="bbox 196 2692 1257 3109">
    <p class='ocr_par' dir='ltr' id='par_1_4' title="bbox 196 2692 1257 3109">
     <span class='ocr_line' id='line_1_23' title="bbox 201 2692 1256 2797; baseline 0.003 -26"><span class='ocrx_word' id='word_1_162' title='bbox 201 2708 240 2773; x_wconf 91' lang='lat' dir='ltr'><strong>de</strong></span> <span class='ocrx_word' id='word_1_163' title='bbox 263 2707 410 2790; x_wconf 87' lang='lat' dir='ltr'><strong>ipsorum,</strong></span> <span class='ocrx_word' id='word_1_164' title='bbox 434 2707 486 2791; x_wconf 90' lang='lat' dir='ltr'><strong>qui</strong></span> <span class='ocrx_word' id='word_1_165' title='bbox 508 2707 657 2786; x_wconf 83' lang='lat' dir='ltr'><strong>inrident,</strong></span> <span class='ocrx_word' id='word_1_166' title='bbox 686 2707 779 2773; x_wconf 90' lang='lat' dir='ltr'><strong>animi</strong></span> <span class='ocrx_word' id='word_1_167' title='bbox 808 2692 920 2773; x_wconf 85' lang='lat' dir='ltr'><strong>affectu</strong></span> <span class='ocrx_word' id='word_1_168' title='bbox 949 2710 1086 2778; x_wconf 86' lang='lat' dir='ltr'><strong>molesto</strong></span> <span class='ocrx_word' id='word_1_169' title='bbox 1109 2715 1142 2779; x_wconf 88' lang='lat' dir='ltr'><strong>et</strong></span> <span class='ocrx_word' id='word_1_170' title='bbox 1162 2729 1256 2797; x_wconf 83' lang='lat' dir='ltr'><strong>angore</strong></span> 
     </span>
     <span class='ocr_line' id='line_1_24' title="bbox 200 2813 1257 2900; baseline -0.001 -21"><span class='ocrx_word' id='word_1_171' title='bbox 200 2831 402 2880; x_wconf 87' lang='lat' dir='ltr'><strong>macerare</strong></span> <span class='ocrx_word' id='word_1_172' title='bbox 424 2813 539 2879; x_wconf 87' lang='lat' dir='ltr'><strong>dicitur</strong></span> <span class='ocrx_word' id='word_1_173' title='bbox 569 2816 603 2879; x_wconf 91' lang='lat' dir='ltr'><strong>ut</strong></span> <span class='ocrx_word' id='word_1_174' title='bbox 630 2816 668 2880; x_wconf 90' lang='lat' dir='ltr'><strong>de</strong></span> <span class='ocrx_word' id='word_1_175' title='bbox 697 2813 848 2880; x_wconf 86' lang='lat' dir='ltr'><strong>similibus</strong></span> <span class='ocrx_word' id='word_1_176' title='bbox 877 2815 1015 2891; x_wconf 87' lang='lat' dir='ltr'><strong>aestibus,</strong></span> <span class='ocrx_word' id='word_1_177' title='bbox 1041 2820 1157 2900; x_wconf 81' lang='lat' dir='ltr'><strong>quibus</strong></span> <span class='ocrx_word' id='word_1_178' title='bbox 1178 2814 1257 2885; x_wconf 83' lang='lat' dir='ltr'><strong>acini</strong></span> 
     </span>
     <span class='ocr_line' id='line_1_25' title="bbox 201 2919 1254 3007; baseline 0.007 -22"><span class='ocrx_word' id='word_1_179' title='bbox 201 2921 373 3002; x_wconf 88' lang='lat' dir='ltr'><strong>coquuntur</strong></span> <span class='ocrx_word' id='word_1_180' title='bbox 394 2919 427 2985; x_wconf 85' lang='lat' dir='ltr'><strong>ct</strong></span> <span class='ocrx_word' id='word_1_181' title='bbox 448 2923 637 3004; x_wconf 80' lang='lat' dir='ltr'><strong>torquemur,</strong></span> <span class='ocrx_word' id='word_1_182' title='bbox 667 2920 759 3003; x_wconf 89' lang='lat' dir='ltr'><strong>idque</strong></span> <span class='ocrx_word' id='word_1_183' title='bbox 781 2921 908 2985; x_wconf 80' lang='lat' dir='ltr'><strong>verbum</strong></span> <span class='ocrx_word' id='word_1_184' title='bbox 930 2919 982 2987; x_wconf 89' lang='lat' dir='ltr'><strong>hio</strong></span> <span class='ocrx_word' id='word_1_185' title='bbox 1004 2943 1024 2989; x_wconf 86' lang='lat' dir='ltr'><strong>a</strong></span> <span class='ocrx_word' id='word_1_186' title='bbox 1048 2925 1195 2992; x_wconf 81' lang='lat' dir='ltr'><strong>Cicerone</strong></span> <span class='ocrx_word' id='word_1_187' title='bbox 1212 2942 1254 3007; x_wconf 82' lang='lat' dir='ltr'><strong>po·</strong></span> 
     </span>
     <span class='ocr_line' id='line_1_26' title="bbox 196 3024 428 3109; baseline 0.013 -20"><span class='ocrx_word' id='word_1_188' title='bbox 196 3024 290 3090; x_wconf 90' lang='lat' dir='ltr'><strong>sitnm</strong></span> <span class='ocrx_word' id='word_1_189' title='bbox 314 3026 428 3109; x_wconf 91' lang='lat' dir='ltr'><strong>opinor.</strong></span> 
     </span>
    </p>
   </div>
   <div class='ocr_carea' id='block_1_4' title="bbox 192 3180 427 3195">
    <p class='ocr_par' dir='ltr' id='par_1_5' title="bbox 192 3180 427 3195">
     <span class='ocr_line' id='line_1_27' title="bbox 192 3180 427 3195; baseline 0 -6"><span class='ocrx_word' id='word_1_190' title='bbox 192 3180 427 3195; x_wconf 58' lang='lat'><em>„.-—-.-..-</em></span> 
     </span>
    </p>
   </div>
   <div class='ocr_carea' id='block_1_5' title="bbox 186 3260 1307 3994">
    <p class='ocr_par' dir='ltr' id='par_1_6' title="bbox 189 3260 1307 3898">
     <span class='ocr_line' id='line_1_28' title="bbox 189 3260 1256 3344; baseline 0.009 -24"><span class='ocrx_word' id='word_1_191' title='bbox 189 3260 193 3266; x_wconf 79' lang='grc'>’</span> <span class='ocrx_word' id='word_1_192' title='bbox 247 3266 273 3335; x_wconf 88' lang='grc'><strong>*)</strong></span> <span class='ocrx_word' id='word_1_193' title='bbox 291 3267 324 3321; x_wconf 89' lang='lat' dir='ltr'><strong>In</strong></span> <span class='ocrx_word' id='word_1_194' title='bbox 342 3269 467 3337; x_wconf 82' lang='lat' dir='ltr'><strong>proxima</strong></span> <span class='ocrx_word' id='word_1_195' title='bbox 485 3270 658 3338; x_wconf 75' lang='lat' dir='ltr'><strong>paragrapho</strong></span> <span class='ocrx_word' id='word_1_196' title='bbox 669 3269 742 3338; x_wconf 83' lang='lat'>(151)</span> <span class='ocrx_word' id='word_1_197' title='bbox 760 3268 919 3327; x_wconf 81' lang='lat' dir='ltr'><strong>adverbium</strong></span> <span class='ocrx_word' id='word_1_198' title='bbox 939 3290 1017 3344; x_wconf 81' lang='lat' dir='ltr'><strong>una,</strong></span> <span class='ocrx_word' id='word_1_199' title='bbox 1037 3284 1069 3330; x_wconf 83' lang='lat' dir='ltr'><strong>nt</strong></span> <span class='ocrx_word' id='word_1_200' title='bbox 1088 3294 1162 3332; x_wconf 86' lang='lat' dir='ltr'><strong>nuuc</strong></span> <span class='ocrx_word' id='word_1_201' title='bbox 1179 3284 1256 3332; x_wconf 78' lang='lat' dir='ltr'><strong>ecten-</strong></span> 
     </span>
     <span class='ocr_line' id='line_1_29' title="bbox 295 3359 1255 3437; baseline 0.014 -23"><span class='ocrx_word' id='word_1_202' title='bbox 295 3359 457 3429; x_wconf 86' lang='lat' dir='ltr'><strong>soribuntur,</strong></span> <span class='ocrx_word' id='word_1_203' title='bbox 485 3378 569 3430; x_wconf 85' lang='lat' dir='ltr'><strong>prave</strong></span> <span class='ocrx_word' id='word_1_204' title='bbox 596 3363 707 3431; x_wconf 84' lang='lat' dir='ltr'><strong>ponitur</strong></span> <span class='ocrx_word' id='word_1_205' title='bbox 734 3364 834 3420; x_wconf 87' lang='lat' dir='ltr'><strong>omisso</strong></span> <span class='ocrx_word' id='word_1_206' title='bbox 857 3381 981 3421; x_wconf 90' lang='lat' dir='ltr'><strong>mecum</strong></span> <span class='ocrx_word' id='word_1_207' title='bbox 1000 3385 1054 3424; x_wconf 88' lang='lat' dir='ltr'><strong>nec</strong></span> <span class='ocrx_word' id='word_1_208' title='bbox 1072 3372 1185 3426; x_wconf 88' lang='lat' dir='ltr'><strong>omnino</strong></span> <span class='ocrx_word' id='word_1_209' title='bbox 1202 3376 1255 3437; x_wconf 71' lang='lat' dir='ltr'><strong>aptt</strong></span> 
     </span>
     <span class='ocr_line' id='line_1_30' title="bbox 295 3452 1307 3533; baseline 0.017 -27"><span class='ocrx_word' id='word_1_210' title='bbox 295 3452 407 3508; x_wconf 86' lang='lat' dir='ltr'><strong>additur</strong></span> <span class='ocrx_word' id='word_1_211' title='bbox 424 3455 453 3507; x_wconf 93' lang='lat' dir='ltr'><strong>iu</strong></span> <span class='ocrx_word' id='word_1_212' title='bbox 472 3470 505 3509; x_wconf 85' lang='lat' dir='ltr'><strong>eo</strong></span> <span class='ocrx_word' id='word_1_213' title='bbox 522 3471 553 3510; x_wconf 92' lang='lat' dir='ltr'><strong>re</strong></span> <span class='ocrx_word' id='word_1_214' title='bbox 567 3455 695 3523; x_wconf 80' lang='lat' dir='ltr'><strong>notanda,</strong></span> <span class='ocrx_word' id='word_1_215' title='bbox 710 3473 771 3524; x_wconf 86' lang='lat' dir='ltr'><strong>quae</strong></span> <span class='ocrx_word' id='word_1_216' title='bbox 783 3458 893 3526; x_wconf 89' lang='lat' dir='ltr'><strong>proprie</strong></span> <span class='ocrx_word' id='word_1_217' title='bbox 907 3458 942 3513; x_wconf 86' lang='lat' dir='ltr'><strong>ad</strong></span> <span class='ocrx_word' id='word_1_218' title='bbox 954 3459 1110 3530; x_wconf 86' lang='lat' dir='ltr'><strong>Sulpicium</strong></span> <span class='ocrx_word' id='word_1_219' title='bbox 1125 3465 1254 3533; x_wconf 62' lang='lat' dir='ltr'><strong>pertinere</strong></span> <span class='ocrx_word' id='word_1_220' title='bbox 1306 3479 1307 3482; x_wconf 75' lang='grc'>’</span> 
     </span>
     <span class='ocr_line' id='line_1_31' title="bbox 292 3547 1255 3621; baseline 0.008 -21"><span class='ocrx_word' id='word_1_221' title='bbox 292 3561 348 3601; x_wconf 92' lang='lat' dir='ltr'><strong>non</strong></span> <span class='ocrx_word' id='word_1_222' title='bbox 367 3547 546 3603; x_wconf 85' lang='lat' dir='ltr'><strong>communiter</strong></span> <span class='ocrx_word' id='word_1_223' title='bbox 564 3548 599 3603; x_wconf 87' lang='lat' dir='ltr'><strong>od</strong></span> <span class='ocrx_word' id='word_1_224' title='bbox 618 3564 678 3603; x_wconf 90' lang='lat' dir='ltr'><strong>eum</strong></span> <span class='ocrx_word' id='word_1_225' title='bbox 698 3556 726 3604; x_wconf 91' lang='lat' dir='ltr'><strong>et</strong></span> <span class='ocrx_word' id='word_1_226' title='bbox 745 3550 910 3606; x_wconf 81' lang='lat' dir='ltr'><strong>Ciceronem.</strong></span> <span class='ocrx_word' id='word_1_227' title='bbox 960 3552 1067 3621; x_wconf 88' lang='lat' dir='ltr'><strong>Opiuor</strong></span> <span class='ocrx_word' id='word_1_228' title='bbox 1096 3575 1114 3613; x_wconf 85' lang='lat' dir='ltr'><strong>a</strong></span> <span class='ocrx_word' id='word_1_229' title='bbox 1140 3559 1255 3613; x_wconf 81' lang='lat' dir='ltr'><strong>Cicerone</strong></span> 
     </span>
     <span class='ocr_line' id='line_1_32' title="bbox 293 3638 1253 3708; baseline 0.008 -16"><span class='ocrx_word' id='word_1_230' title='bbox 293 3638 426 3708; x_wconf 87' lang='lat' dir='ltr'><strong>scriptum</strong></span> <span class='ocrx_word' id='word_1_231' title='bbox 453 3638 551 3696; x_wconf 86' lang='lat' dir='ltr'><strong>inisse:</strong></span> <span class='ocrx_word' id='word_1_232' title='bbox 590 3658 661 3697; x_wconf 89' lang='lat' dir='ltr'><strong>uam</strong></span> <span class='ocrx_word' id='word_1_233' title='bbox 688 3649 721 3697; x_wconf 89' lang='lat' dir='ltr'><strong>et</strong></span> <span class='ocrx_word' id='word_1_234' title='bbox 747 3643 780 3698; x_wconf 90' lang='lat' dir='ltr'><strong>in</strong></span> <span class='ocrx_word' id='word_1_235' title='bbox 806 3642 925 3699; x_wconf 85' lang='lat' dir='ltr'><strong>iisdem</strong></span> <span class='ocrx_word' id='word_1_236' title='bbox 954 3650 1253 3707; x_wconf 81' lang='lat' dir='ltr'><strong>exercitationibus</strong></span> 
     </span>
     <span class='ocr_line' id='line_1_33' title="bbox 291 3732 1251 3814; baseline 0.009 -29"><span class='ocrx_word' id='word_1_237' title='bbox 291 3732 432 3786; x_wconf 88' lang='lat' dir='ltr'><strong>ineunte</strong></span> <span class='ocrx_word' id='word_1_238' title='bbox 459 3740 558 3790; x_wconf 76' lang='lat' dir='ltr'><strong>atate</strong></span> <span class='ocrx_word' id='word_1_239' title='bbox 585 3735 707 3791; x_wconf 82' lang='lat' dir='ltr'><strong>fuimus</strong></span> <span class='ocrx_word' id='word_1_240' title='bbox 727 3743 761 3791; x_wconf 85' lang='lat' dir='ltr'><strong>et</strong></span> <span class='ocrx_word' id='word_1_241' title='bbox 780 3743 897 3806; x_wconf 84' lang='lat' dir='ltr'><strong>postea</strong></span> <span class='ocrx_word' id='word_1_242' title='bbox 914 3753 980 3794; x_wconf 84' lang='lat' dir='ltr'><strong>una</strong></span> <span class='ocrx_word' id='word_1_243' title='bbox 1001 3739 1110 3814; x_wconf 88' lang='lat' dir='ltr'><strong>Rbodi;</strong></span> <span class='ocrx_word' id='word_1_244' title='bbox 1135 3756 1195 3799; x_wconf 78' lang='lat' dir='ltr'><strong>nau</strong></span> <span class='ocrx_word' id='word_1_245' title='bbox 1211 3736 1251 3794; x_wconf 79' lang='lat' dir='ltr'><strong>ill·</strong></span> 
     </span>
     <span class='ocr_line' id='line_1_34' title="bbox 291 3824 1251 3898; baseline 0.007 -21"><span class='ocrx_word' id='word_1_246' title='bbox 291 3825 392 3879; x_wconf 84' lang='lat' dir='ltr'><strong>etiam</strong></span> <span class='ocrx_word' id='word_1_247' title='bbox 420 3824 596 3894; x_wconf 86' lang='lat' dir='ltr'><strong>proiectus</strong></span> <span class='ocrx_word' id='word_1_248' title='bbox 624 3837 690 3897; x_wconf 86' lang='lat' dir='ltr'><strong>est,</strong></span> <span class='ocrx_word' id='word_1_249' title='bbox 719 3846 781 3898; x_wconf 87' lang='lat' dir='ltr'><strong>qno</strong></span> <span class='ocrx_word' id='word_1_250' title='bbox 809 3829 931 3885; x_wconf 90' lang='lat' dir='ltr'><strong>melior</strong></span> <span class='ocrx_word' id='word_1_251' title='bbox 956 3841 1051 3889; x_wconf 81' lang='lat' dir='ltr'><strong>esset</strong></span> <span class='ocrx_word' id='word_1_252' title='bbox 1074 3845 1108 3892; x_wconf 85' lang='lat' dir='ltr'><strong>et</strong></span> <span class='ocrx_word' id='word_1_253' title='bbox 1127 3836 1251 3893; x_wconf 85' lang='lat' dir='ltr'><strong>doctior.</strong></span> 
     </span>
    </p>

    <p class='ocr_par' dir='ltr' id='par_1_7' title="bbox 186 3915 1253 3994">
     <span class='ocr_line' id='line_1_35' title="bbox 186 3915 1253 3994; baseline 0.011 -26"><span class='ocrx_word' id='word_1_254' title='bbox 186 3928 189 3933; x_wconf 74' lang='grc'><em>’</em></span> <span class='ocrx_word' id='word_1_255' title='bbox 291 3915 345 3971; x_wconf 90' lang='lat' dir='ltr'><strong>Sed</strong></span> <span class='ocrx_word' id='word_1_256' title='bbox 372 3919 432 3973; x_wconf 84' lang='lat' dir='ltr'><strong>haeo</strong></span> <span class='ocrx_word' id='word_1_257' title='bbox 460 3921 580 3990; x_wconf 84' lang='lat' dir='ltr'><strong>suspicio</strong></span> <span class='ocrx_word' id='word_1_258' title='bbox 609 3938 642 3977; x_wconf 86' lang='lat' dir='ltr'><strong>ex</strong></span> <span class='ocrx_word' id='word_1_259' title='bbox 665 3939 758 3979; x_wconf 87' lang='lat' dir='ltr'><strong>aarum</strong></span> <span class='ocrx_word' id='word_1_260' title='bbox 781 3939 880 3992; x_wconf 79' lang='lat' dir='ltr'><strong>genere</strong></span> <span class='ocrx_word' id='word_1_261' title='bbox 903 3931 955 3993; x_wconf 88' lang='lat' dir='ltr'><strong>est,</strong></span> <span class='ocrx_word' id='word_1_262' title='bbox 974 3927 1077 3994; x_wconf 84' lang='lat' dir='ltr'><strong>quibua</strong></span> <span class='ocrx_word' id='word_1_263' title='bbox 1096 3930 1203 3985; x_wconf 86' lang='lat' dir='ltr'><strong>difficile</strong></span> <span class='ocrx_word' id='word_1_264' title='bbox 1219 3932 1253 3982; x_wconf 83' lang='lat' dir='ltr'><strong>est</strong></span> 
     </span>
    </p>
   </div>
   <div class='ocr_carea' id='block_1_6' title="bbox 286 4008 1256 4168">
    <p class='ocr_par' dir='ltr' id='par_1_8' title="bbox 286 4008 1256 4168">
     <span class='ocr_line' id='line_1_36' title="bbox 288 4008 1256 4085; baseline 0.019 -26"><span class='ocrx_word' id='word_1_265' title='bbox 288 4008 375 4063; x_wconf 86' lang='lat' dir='ltr'><strong>nullia</strong></span> <span class='ocrx_word' id='word_1_266' title='bbox 394 4010 518 4068; x_wconf 90' lang='lat' dir='ltr'><strong>codicum</strong></span> <span class='ocrx_word' id='word_1_267' title='bbox 536 4015 660 4085; x_wconf 79' lang='lat' dir='ltr'><strong>vestigiis</strong></span> <span class='ocrx_word' id='word_1_268' title='bbox 680 4016 872 4073; x_wconf 81' lang='lat' dir='ltr'><strong>adiuvantibus</strong></span> <span class='ocrx_word' id='word_1_269' title='bbox 900 4018 1154 4080; x_wconf 81' lang='lat' dir='ltr'><strong>verisimilitudinis</strong></span> <span class='ocrx_word' id='word_1_270' title='bbox 1175 4028 1256 4079; x_wconf 77' lang='lat' dir='ltr'><strong>notam</strong></span> 
     </span>
     <span class='ocr_line' id='line_1_37' title="bbox 286 4114 449 4168; baseline 0.037 -17"><span class='ocrx_word' id='word_1_271' title='bbox 286 4114 449 4168; x_wconf 84' lang='lat' dir='ltr'><strong>rmpnmere.</strong></span> 
     </span>
    </p>
   </div>
   <div class='ocr_carea' id='block_1_7' title="bbox 0 0 1332 5056">
    <p class='ocr_par' dir='ltr' id='par_1_9' title="bbox 0 0 1332 5056">
     <span class='ocr_line' id='line_1_38' title="bbox 0 0 1332 5056; baseline 0 1"><span class='ocrx_word' id='word_1_272' title='bbox 0 0 1332 5056; x_wconf 95' lang='lat' dir='ltr'><strong> </strong></span> 
     </span>
    </p>
   </div>
  </div>
 </body>
</html>
