2662 5062
250 281 313 347 394
595 278 742 335 ornum.
762 276 827 347 cap.
844 276 885 333 11.

206 480 302 545 riam
333 497 442 561 quam
478 478 628 544 ulcisci.
675 477 778 544 Facile
802 476 859 542 boc
884 474 916 539 in
946 472 1097 538 vocalium
1126 490 1279 538 concursu

40 654 51 675 b
166 624 168 627 -
210 583 296 648 nasci
317 585 438 666 poterat
459 603 495 648 er
512 586 595 650 recto
616 581 960 647 sanare-iniuriam
982 597 1096 662 qnam
1118 576 1278 642 ulcisci

210 685 255 758 (Ο.
278 685 334 764 30,
356 685 393 764 2,
421 687 475 752 ubi
502 689 617 755 editur:
649 688 747 772 quod
769 688 917 752 minora
936 685 1050 751 nobis
1070 682 1278 767 prestite-

209 792 291 856 rint
336 809 445 875 quam
492 796 621 859 mente
664 795 912 876 concepimus
968 805 1159 874 quamque
1204 785 1278 851 alii

208 897 401 975 tulerint,
434 901 647 982 apparet—aut
677 900 978 982 conceperimus
1009 898 1066 961 aut
1099 892 1279 958 tulerunt

209 1003 405 1069 scribendum
427 1022 504 1070 esse.
546 1006 615 1072 Hoc
638 1006 759 1072 facilius
780 1006 827 1082 fit,
849 1007 880 1070 et
900 1003 1083 1069 indicativus
1100 998 1279 1078 defenditur

209 1110 331 1175 Senecae
355 1128 428 1186 usu;
453 1110 515 1175 vid.
538 1110 632 1177 adII
653 1110 691 1176 de
713 1111 802 1176 clem.
825 1111 856 1189 5,
878 1110 924 1193 3.)

309 1216 376 1282 Ibd.
408 1215 459 1294 34,
495 1218 528 1280 1:
572 1215 669 1282 Cedo
701 1235 817 1293 nnuc,
851 1230 1087 1298 persequere
1124 1214 1278 1286 cetera,

209 1322 335 1399 cibos,
368 1321 806 1405 potiones‚·borumque
836 1339 951 1387 causa
982 1313 1160 1402 paratam
1190 1334 1278 1381 am·

209 1428 414 1502 bitionem,
452 1426 681 1507 munditias,
718 1429 853 1503 verba,
897 1423 1173 1501 contumelias,
1216 1423 1278 1486 cet

208 1533 348 1599 Ridicule
369 1531 498 1599 ambitio
519 1534 629 1616 parata
648 1534 783 1598 ciborum
805 1534 1025 1616 potionumque
1047 1527 1278 1601 causedicitur,

208 1638 389 1722 omninoque
428 1641 551 1722 parata;
588 1642 655 1703 tum
688 1639 781 1704 nimis
817 1638 898 1703 nude
934 1637 1115 1719 infiniteque
1150 1634 1185 1698 in
1217 1632 1278 1696 bae

208 1745 436 1810 enumeratione
480 1747 635 1828 ponuntur
686 1744 857 1810 munditiae.
916 1743 1013 1809 Scrib.
1063 1742 1278 1822 horumque

210 1868 327 1916 causa
361 1860 529 1933 paratas
565 1853 602 1912 in
643 1851 893 1917 ambitionem
932 1848 1162 1915 munditias.
1220 1844 1277 1924 (In

209 1953 460 2020 ambitionem
510 1955 571 2020 iam
626 1956 805 2034 Rubenius.)
866 1955 963 2021 Paulo
1009 1954 1081 2037 post
1123 1950 1168 2029 (2)
1210 1949 1277 2014 iure

208 2058 341 2125 haeretur
382 2060 414 2126 in
457 2061 519 2127 bis:
569 2061 732 2127 Auferre
776 2062 836 2126 bio
878 2059 972 2125 mihi
1013 2057 1277 2124 hereditatem

208 2166 348 2242 voluit;
383 2165 444 2231 hic
476 2185 532 2232 me
560 2166 623 2231 diu
649 2166 686 2231 iu
716 2184 823 2248 spem
851 2183 1061 2247 supremam
1092 2163 1276 2247 captatus

209 2269 442 2336 criminatus
474 2275 541 2338 est.
595 2272 708 2357 Agitur
735 2273 816 2337 enim
848 2272 886 2336 de
911 2271 1022 2336 iniuria
1047 2288 1105 2335 non
1133 2271 1175 2334 ab
1211 2268 1277 2350 ipso

209 2376 331 2459 captato
363 2376 447 2442 facta
479 2378 518 2456 (is
541 2378 622 2443 enim
655 2379 687 2443 in
720 2376 787 2461 ipso
818 2378 890 2443 rita
912 2376 997 2442 exitu
1017 2393 1072 2458 spe
1095 2372 1277 2457 decipienda

207 2480 365 2558 laedebat),
397 2482 450 2548 sed
483 2483 523 2547 ab
553 2483 637 2560 aliis,
671 2483 723 2566 qui
754 2482 901 2560 conatui
930 2481 1117 2547 obstiterunt
1139 2481 1174 2545 et
1194 2480 1276 2545 artes

176 2672 180 2677 Δ
208 2586 274 2652 eius
304 2587 540 2669 impediverunt.
594 2588 636 2655 ut
667 2589 739 2672 quid
772 2592 827 2656 aut
856 2588 937 2672 apud
967 2605 1060 2670 quem
1093 2584 1275 2651 criminatus

208 2693 277 2757 est?
318 2692 389 2758 Una
409 2692 515 2759 littera
535 2696 743 2760 motatorem
765 2695 926 2762 restituet:
960 2693 1022 2757 bic
1054 2709 1113 2756 me
1140 2691 1209 2755 diu
1237 2690 1275 2754 in

208 2815 310 2879 spem
338 2816 548 2880 supremam
583 2805 753 2884 captatis
778 2801 1008 2867 criminatus
1030 2800 1104 2872 est,
1136 2798 1198 2862 boc
1217 2797 1275 2870 est,

208 2901 289 2984 apud
312 2920 375 2979 eos,
399 2922 475 2986 quos
496 2905 549 2969 diu
569 2907 601 2971 in
624 2924 710 2990 spem
732 2925 908 2989 supremam
929 2906 1136 2988 septenorum,
1176 2906 1210 2969 et
1230 2902 1273 2968 sic

207 3005 286 3070 mihi
318 3009 497 3074 testamenti
523 3010 625 3076 locum
661 3012 781 3095 eripuit
833 3013 916 3078 Nam
952 3011 1113 3074 criminari
1139 3009 1274 3096 aliquem

207 3111 304 3175 abaci
334 3131 388 3196 pro
415 3133 465 3194 eo,
501 3116 581 3200 quod
607 3119 672 3194 est,
692 3117 788 3202 apud
814 3116 963 3202 aliquem,
989 3115 1147 3193 Terentii,
1179 3113 1274 3181 Plinii

208 3217 351 3295 minoris,
394 3219 531 3286 Suetonii
573 3223 755 3288 auctoritate
800 3223 897 3288 lexica
942 3222 1142 3299 confirmant3
1204 3218 1274 3285 addi

207 3326 312 3405 potest
336 3324 408 3392 dial.
434 3326 472 3390 de
497 3330 574 3393 orat.
599 3329 650 3391 42.
694 3328 790 3394 Video
815 3330 879 3394 iam
906 3328 1049 3394 Rubenio
1075 3328 1108 3392 in
1137 3330 1273 3393 mentem

208 3429 327 3495 venisse
349 3433 551 3514 captato.¹)

207 3611 407 3626 ———-——-—-

228 3798 249 3868 ¹)
281 3798 346 3868 Cap.
365 3802 406 3864 33,
426 3803 443 3857 3
462 3804 533 3856 recte
551 3801 651 3857 dicitur
676 3800 901 3857 manibuead
925 3799 1197 3869 computandum
1225 3798 1273 3865 (sic

277 3894 350 3946 recte
368 3892 513 3948 Pincianus
531 3894 632 3965 aliique
656 3911 704 3964 pro
731 3893 1004 3964 comparandum)
1026 3908 1092 3947 uon
1123 3892 1272 3953 relictis,

279 3984 343 4052 qnia
360 3986 483 4041 arthritis
501 3992 603 4045 motum
622 3988 770 4057 digitorum
788 3985 915 4041 abstulit.
