2656 5056
183 320 187 326 Α,
233 272 294 336 506
514 229 516 232 ’
588 268 649 322 nra.
663 265 872 336 vrucaprv.

195 462 306 557 igitur:
341 487 464 553 quare
486 485 561 530 non
583 465 767 548 protinus
794 465 1093 533 rescriberem?
1137 470 1194 542 Id,
1213 471 1249 534 de

194 596 267 661 quo
299 573 525 659 quaerebas,
562 570 963 636 veniebati.c.o.m.
1020 573 1127 640 Semel
1148 576 1248 659 scripto
1301 581 1303 656 l

195 681 344 764 d(ide),
382 676 558 761 corrigendo
592 677 699 741 natum
724 678 773 740 est
794 675 829 739 ei
851 676 977 754 (eide).
1031 679 1179 746 Extrema
1198 682 1251 764 epi·

194 788 277 852 stola
311 786 378 864 (11)
412 783 529 848 editur:
586 780 862 846 Noniaeiunt
897 782 1022 850 bonos
1058 787 1162 865 ista,
1194 785 1252 850 sed

195 893 360 971 doctosp
385 887 568 972 apertior
603 905 665 955 res
698 889 758 951 est
779 905 936 969 sapere,
958 890 1080 956 immo
1104 892 1251 974 simpli·

195 999 291 1074 cior;
317 994 461 1079 paucis
493 995 554 1057 est
587 992 631 1059 ad
656 994 827 1056 mentem
848 992 987 1058 bonam
1010 995 1071 1059 uti
1094 995 1250 1061 litteris.

196 1103 256 1168 Sed
280 1120 377 1184 neque
412 1109 453 1162 eat
474 1099 521 1160 cti
541 1097 657 1162 Seneca
679 1097 764 1173 dixit,
797 1098 833 1161 ut
856 1100 939 1163 esset
969 1098 1038 1162 licet
1068 1103 1133 1179 uti,
1168 1120 1251 1185 neque

196 1210 280 1273 recta
303 1205 460 1272 sententia
482 1204 625 1279 efficitur,
656 1202 719 1267 sive
743 1201 779 1266 de
801 1203 906 1285 paucis
937 1203 1054 1270 litteris
1076 1207 1251 1291 interpreta-

196 1332 265 1377 mur
296 1312 363 1376 sive
394 1310 509 1387 (dativo
544 1314 629 1385 casu)
657 1307 694 1372 de
722 1308 826 1390 paucis
861 1309 1047 1374 hominibus.
1110 1313 1252 1379 CodesB

197 1418 290 1482 habet
312 1416 464 1492 laucis,
496 1416 553 1480 sub
575 1433 634 1498 quo
658 1432 762 1478 verum
786 1414 873 1491 latet,
896 1415 974 1496 quod
996 1415 1066 1491 hoc,
1090 1423 1128 1483 ut
1149 1419 1252 1501 opinor,

197 1523 272 1586 luit:
329 1519 450 1582 Vacci
492 1522 557 1585 est
593 1520 686 1597 (eius,
729 1519 781 1603 qui
817 1519 891 1583 nihil
926 1523 1043 1603 negotii
1076 1524 1183 1602 habet)
1214 1523 1253 1589 ad

197 1631 366 1694 mentem
390 1627 529 1692 bonam
553 1625 612 1691 uti
635 1625 806 1690 litteris.

298 1733 352 1815 Ep.
379 1731 449 1808 107,
482 1733 496 1793 l
522 1731 566 1796 sic
588 1731 619 1795 in
642 1730 795 1795 codicibus
816 1730 958 1797 scribitur
982 1734 1097 1814 partim
1122 1736 1252 1801 omnibus

198 1839 309 1921 partim
333 1838 466 1921 optimo:
512 1837 624 1901 Serri
643 1833 932 1919 occupationes
962 1838 1054 1903 tuas
1077 1843 1254 1906 occasio·

198 1962 282 2007 uem
327 1944 429 2027 lugae
475 1944 723 2023 putaverunt
769 1941 802 2005 si
855 1941 973 2006 amici
1022 1943 1254 2028 deciperent

198 2049 368 2113 habeant
400 2049 500 2113 enim
536 2064 629 2112 sane
657 2064 791 2111 nomen
827 2047 925 2129 quod
955 2047 1046 2112 illis
1080 2057 1254 2118 nostere

69 2231 71 2236 ,
198 2154 326 2238 priori
349 2155 407 2232 (sic
431 2154 474 2228 B;
507 2153 602 2218 ceteri
633 2154 665 2216 et
685 2151 754 2216 edd.
787 2157 921 2218 noster
951 2154 1171 2238 Epicurus)
1193 2157 1254 2222 im·

198 2260 335 2344 posuit
366 2263 403 2325 et
435 2261 632 2325 vocentur
665 2277 737 2341 quo
768 2260 923 2342 turpius
955 2279 1031 2325 non
1065 2263 1154 2328 sint
1183 2282 1254 2327 om·

199 2367 317 2431 nibus
340 2366 459 2431 rebus
481 2364 567 2430 tuis
583 2364 728 2429 desunt
749 2362 816 2427 illi
838 2365 903 2447 qui
924 2368 1137 2449 etoperam
1159 2372 1254 2433 tuam

198 2472 469 2537 conterebant
500 2473 540 2534 et
570 2473 610 2535 te
637 2470 733 2535 aliis
766 2469 977 2534 molestum
1007 2490 1098 2538 esse
1120 2474 1254 2538 crede·

198 2578 302 2642 bant
369 2576 509 2640 Primum
544 2596 637 2659 prava
679 2578 711 2640 et
742 2574 848 2657 inepta
879 2578 927 2641 est
956 2577 1178 2644 condicionalis
1209 2577 1255 2643 illa

198 2683 352 2748 sententia
384 2682 418 2747 si
451 2681 572 2747 amici
606 2680 860 2763 deciperent,
893 2681 1016 2746 etiarnsi
1042 2683 1140 2748 addas
1170 2681 1256 2768 quid

200 2787 320 2870 (quid,
351 2786 385 2852 si
408 2805 475 2851 am.
511 2786 774 2868 deciperent),
808 2787 951 2868 quoniam
974 2805 1033 2850 non
1056 2789 1157 2854 maior
1180 2789 1254 2854 calu·

200 2894 293 2959 mitas
328 2894 425 2957 vitata
458 2893 674 2958 consolationis
709 2909 800 2956 causa
831 2892 960 2974 ponitur,
998 2893 1052 2958 sed
1081 2893 1139 2960 hoc
1161 2895 1254 2978 ipsum

198 2998 312 3064 factum
347 3017 415 3064 esse
452 2998 587 3081 proxime
618 2997 808 3081 significatur
839 2997 997 3081 (desunt
1017 2998 1096 3063 illi·
1118 3001 1202 3083 cet),
1231 3000 1256 3061 et

58 3165 61 3168 ⁴
103 3084 109 3094 ’
198 3105 321 3169 omnino
342 3104 391 3168 hic
413 3122 513 3169 causa
535 3103 656 3187 angoris
679 3104 906 3182 enumerantur,
929 3103 1039 3169 deinde
1061 3105 1100 3169 ad
1125 3125 1178 3171 aas
1192 3125 1255 3171 con·

198 3209 375 3275 siderandas
409 3211 558 3275 transitur
594 3210 718 3286 (Nihil
758 3210 892 3274 horum
926 3211 1139 3276 insolitum
1178 3215 1257 3285 cett.

199 3315 317 3379 Deinde
339 3315 463 3398 Epicuri
497 3334 618 3391 nomen,
651 3315 729 3399 quod
762 3315 896 3397 optimus
919 3316 1014 3382 codex
1036 3320 1186 3397 removet,
1211 3335 1259 3400 per

198 3439 231 3484 se
253 3420 477 3487 alienissimum
501 3423 562 3497 est;
595 3439 693 3505 neque
715 3421 796 3486 enim
818 3422 844 3487 is
867 3423 966 3506 magis
990 3441 1082 3506 quam
1105 3422 1189 3488 Zeno
1211 3425 1262 3487 aut

198 3527 297 3609 quiuis
319 3527 398 3593 alius
435 3547 469 3593 er
492 3526 677 3609 antiquitate
698 3526 893 3610 philosophus
914 3528 978 3594 illis
1000 3529 1189 3603 hominibus,
1213 3528 1261 3611 qui

198 3632 352 3697 Lucilium
386 3634 590 3717 deceperant,
617 3633 803 3724 'amicorum
839 3652 950 3698 nornen
983 3634 1189 3716 imposuerat;
1227 3653 1263 3699 ne

168 3795 172 3803 f
199 3738 381 3819 permiserat
403 3739 540 3822 quidem,
563 3740 597 3804 ut
618 3738 731 3803 talibus
753 3740 969 3821 imponeretur,
997 3739 1144 3805 amicitia
1166 3741 1264 3805 fidelis

198 3860 322 3908 severus
352 3844 451 3909 ludar.
507 3845 573 3910 Nec
600 3847 776 3910 nostrum
799 3843 966 3927 Epicurum
989 3846 1105 3911 Seneca
1126 3846 1266 3929 appella·

197 3952 253 4013 ret.
308 3948 452 4014 Extrema
484 3951 577 4016 verba
610 3949 743 4015 editores
771 3949 829 4033 ipsi
852 3951 934 4017 male
960 3951 1132 4034 separando
1156 3953 1267 4017 obseu-

198 4057 310 4119 rarunt
336 4058 366 4117 et
402 4074 464 4121 non
490 4056 646 4122 intellecta
678 4058 883 4139 corruperunt,
916 4057 974 4123 nisi
1007 4057 1089 4141 quod
1122 4057 1265 4123 crede·
