2656 5056
243 291 302 353 m
606 285 863 356 mamm

201 491 232 552 iu
255 486 376 569 epilogo
397 485 534 552 dixisset.
585 485 713 550 Prorsus
734 485 874 566 auspicor
896 484 1095 551 Ciceronem
1121 488 1167 551 sio
1195 486 1275 567 scrip

202 596 295 659 sisse:
317 592 397 657 Hoe
418 591 492 655 ille
514 596 648 667 natus,
670 589 852 674 quamvis
875 597 1045 672 patrem
1068 612 1272 658 sunmuun·

202 719 315 781 quam
337 697 474 773 videret,
497 702 627 761 tamen
650 741 658 758 .
682 741 689 759 .
714 742 721 758 .
745 742 752 758 .
776 698 814 760 in
838 701 1029 780 paternae
1059 701 1158 764 vitae
1178 698 1270 764 simi·

203 804 426 870 litudiuem
448 803 646 868 deductus
667 805 754 868 esset
775 805 869 886 (quod
893 804 1021 871 iactum
1046 811 1109 881 est,
1133 804 1269 877 idcioero,

203 910 325 976 etiamsi
349 911 491 975 Rabirius
520 914 636 989 patrem
667 908 770 990 ipsum
797 915 868 975 ante
892 911 1005 976 oeulos
1030 932 1095 976 uon
1120 911 1265 978 habuisset

202 1027 307 1081 tamen
329 1019 464 1079 futurum
484 1016 578 1079 fnisse
595 1014 693 1090 dicit).
736 1015 910 1081 Videret
931 1016 1128 1098 imperfecto
1150 1026 1266 1097 tempore

203 1142 257 1205 pro
284 1121 462 1187 vidisset
492 1119 596 1201 posuit
622 1127 692 1184 uoto
718 1139 785 1191 nsn.
814 1122 853 1186 de
875 1141 936 1205 qno
961 1123 1028 1189 dixi
1054 1124 1194 1188 Granum.
1215 1122 1264 1184 ist

204 1228 305 1309 §347
329 1228 349 1291 b
371 1232 433 1290 not
457 1226 485 1286 2.
537 1225 670 1309 Vulgata
697 1228 849 1307 scriptura
870 1234 940 1293 orta
963 1230 1097 1295 videtur
1119 1247 1154 1291 eo
1175 1244 1264 1296 errore.

203 1333 286 1414 quod
309 1332 447 1398 Postumi
468 1349 635 1414 cognomen
658 1330 726 1396 siue
748 1330 839 1397 dubio
861 1353 880 1398 a
898 1335 1079 1400 maioribus
1095 1333 1160 1398 eins
1173 1333 1264 1417 genna

203 1440 237 1503 in
271 1459 363 1521 quarn
394 1438 539 1503 Rabirius
564 1436 728 1520 adoptione
755 1439 889 1516 transiit,
919 1443 1094 1523 acceptum
1124 1439 1195 1504 hnic
1219 1437 1264 1519 ipsi

205 1546 328 1611 Rabirio
351 1564 388 1609 ox
410 1564 442 1608 re
462 1543 642 1627 impositum
663 1549 855 1626 putaverunt

305 1707 383 1773 Ibid.
407 1710 464 1771 21:
488 1707 580 1772 Sive
602 1706 690 1783 ille,
714 1714 755 1772 nt
775 1707 861 1791 ipso
883 1710 1072 1790 dicebat,
1095 1709 1265 1796 glorian,

207 1813 309 1890 sive,
344 1819 385 1878 ut
417 1817 459 1878 tu
493 1813 569 1891 vis,
603 1815 808 1894 pecuniam
841 1816 1058 1897 quaesivit,
1096 1818 1176 1882 sibi
1205 1836 1265 1880 nou

207 1918 372 1984 Gabinii
411 1938 542 1984 comes
581 1919 640 1984 vel
677 1919 857 1985 sectator
896 1940 967 1986 nec
1012 1923 1063 1987 ad
1098 1922 1264 1992 Gabinii.

207 2025 321 2089 cuius
343 2025 381 2089 id
404 2027 611 2110 negotium
641 2046 715 2090 uon
745 2030 846 2106 arat,
877 2026 945 2091 sed
969 2029 1017 2092 ad
1041 2030 1077 2092 P.
1102 2027 1265 2099 Lentuli,

130 2205 131 2208 Ἴ
207 2131 436 2196 clarissimi
465 2133 559 2207 viri,
589 2132 878 2197 auctoritatem
902 2152 920 2196 a
942 2141 1090 2199 senatu
1121 2138 1263 2219 proies·

206 2245 285 2301 tam
318 2243 357 2300 et
390 2237 565 2303 consilio
597 2244 706 2303 certo
739 2243 777 2303 et
809 2257 876 2320 spe
911 2255 984 2301 uon
1013 2239 1141 2307 dubia
1163 2242 1265 2306 Runa

208 2343 486 2407 contenderat.
540 2343 582 2406 Et
613 2343 753 2409 lacunam
783 2345 831 2407 bio
852 2362 920 2407 esse
947 2345 1156 2413 manifestum
1179 2353 1224 2411 est
1242 2357 1265 2407 et

207 2451 239 2513 iu
261 2448 310 2520 iis,
333 2469 401 2532 qnae
422 2449 654 2528 interciderunt,
677 2449 844 2516 orationem
866 2468 885 2512 a
907 2447 1040 2515 Gabinio
1059 2453 1101 2518 ad
1116 2453 1262 2518 Rabirium

206 2554 361 2619 transisse.
426 2555 536 2638 Itaque
568 2574 605 2620 aa
636 2557 816 2620 brevissime
850 2562 882 2619 et
912 2563 1000 2621 ‚recte
1037 2560 1086 2624 sie
1125 2558 1265 2642 expletur:

205 2663 296 2726 Sive
333 2659 406 2724 ille
437 2705 477 2721 ..
515 2661 703 2744 gloriam,
736 2663 820 2725 sive
854 2708 892 2723 ..
927 2667 1142 2745 pecuniane
1179 2684 1265 2749 qna·

208 2767 323 2843 sivit,
340 2766 433 2843 sibi,
449 2770 554 2848 <non
572 2767 702 2833 Rabirio
718 2768 879 2853 quaesivit3
895 2767 1050 2836 Rabirius
1066 2773 1197 2853 enim>
1212 2789 1267 2835 nor

207 2873 374 2938 Gabinii
396 2877 603 2937 comesset.
647 2873 739 2938 Error
761 2873 856 2957 igitur
878 2877 964 2939 ortus
987 2881 1036 2941 est
1052 2876 1179 2943 librarii
1192 2877 1265 2945 oculo

206 2981 346 3061 aprione
369 2997 442 3043 nou
466 2979 504 3042 ad
529 2979 659 3042 alterurn
682 2980 851 3044 aberrante.

307 3146 386 3209 ibid.
411 3146 471 3209 31:
505 3150 573 3209 aut
604 3146 640 3208 in
671 3148 785 3210 tauta
815 3145 997 3211 mercede
1019 3149 1270 3228 hominium

205 3252 283 3326 vis,
327 3252 559 3316 avarissimi
603 3249 716 3315 mille
751 3252 953 3317 talentum
997 3254 1269 3320 decessionem

206 3375 294 3422 esse
326 3375 567 3424 conoessum.
611 3356 726 3420 Mirum
756 3358 853 3422 videri
881 3358 988 3423 Cicero
1017 3359 1191 3444 siguificat,
1212 3379 1269 3433 noa

205 3468 324 3529 tantam
347 3464 520 3529 mercedem
544 3461 718 3529 avarissimi
738 3462 873 3527 hominis
895 3463 1002 3540 inissa,
1025 3467 1084 3530 sed
1105 3471 1225 3532 taum
1242 3482 1272 3529 aa

206 3588 242 3632 ea
265 3570 470 3634 decessionem
492 3587 562 3635 osse
583 3569 706 3635 saetam.
741 3568 873 3633 Videtur
891 3569 1091 3636 scribendum
1110 3592 1195 3638 esse:
1215 3577 1272 3636 aut
1321 3650 1322 3656 ἵ

205 3676 332 3739 aarum
354 3675 393 3737 in
416 3675 598 3739 mereare
629 3676 818 3753 hominis,
853 3681 895 3742 ur
927 3678 1005 3755 vis,
1037 3674 1271 3745 avarissimi
1320 3661 1322 3744 i

205 3776 487 3845 decessionem
510 3799 599 3846 esse
620 3775 861 3848 concessam.
910 3783 1048 3849 Summae
1072 3804 1223 3851 nnmerns
1243 3800 1272 3848 aa

205 3883 411 3962 superioribus
434 3888 584 3969 repetitus
606 3907 674 3953 osse
695 3888 829 3953 videtur.
882 3887 972 3964 Nam,
997 3909 1069 3971 quas
1094 3892 1196 3957 altera
1216 3909 1272 3955 eor·

204 3988 323 4069 rigaudi
347 3988 395 4053 via
415 4001 473 4068 est,
496 4002 531 4057 ut
553 3992 737 4075 simpliciter
758 3993 888 4060 tollatur
916 3998 1051 4073 tauta,
1083 3999 1190 4065 minus
1210 4016 1273 4081 pro

203 4092 317 4157 babilis
341 4095 416 4158 rnibi
439 4099 570 4163 videtur.
