2662 5046
73 282 80 297 ι
184 251 321 352 ‘m
619 280 878 351 mmmm

313 480 709 568 Ibd.pauloposteodioes:
727 476 839 558 Quid,
862 478 894 544 si
909 477 1023 544 etiam
1038 479 1217 561 pluribus
1238 478 1283 545 de
1324 512 1326 516 Α

211 593 324 658 rebus
345 609 415 655 uno
436 588 578 671 sortitu
601 584 840 662 retulisti(P
858 602 981 651 emenu
995 584 1096 666 prima
1110 583 1283 667 rotulis),

211 700 390 763 tamenne
421 692 626 760 arbitreris
658 689 712 766 id,
744 690 839 774 quod
871 689 1083 757 M.⁶Drnene
1115 690 1153 755 in
1179 690 1282 775 legi-

211 802 284 868 bus
305 801 384 868 suis
416 799 611 884 plerisque
642 797 692 861 in
712 797 823 862 bonis
847 795 915 860 ille
937 796 994 861 vir
1013 796 1059 860 Μ.
1081 794 1224 860 Seanrn
1245 797 1284 860 et

211 908 250 973 L.
273 906 409 972 Crasso
442 902 658 971 oonsularis
691 920 761 967 non
782 900 1009 984 optinuerit,
1042 900 1079 965 id
1106 901 1144 965 te
1166 919 1279 984 posse

213 1013 406 1078 hominnm
438 1011 650 1076 facinorum
685 1009 723 1072 et
754 1007 973 1090 stuprorum
1007 1006 1172 1071 omnium
1208 1007 1280 1071 De-

211 1119 332 1183 eumie
354 1118 392 1183 et
413 1115 560 1181 Clodiis
586 1112 807 1180 auctoribus
830 1112 1026 1195 optinere?
1080 1111 1222 1177 Primum
1243 1112 1282 1177 flt

211 1242 282 1289 uno
303 1222 482 1287 sortitore
509 1219 649 1295 tulisti,
684 1218 742 1282 hoo
765 1219 821 1294 est,
843 1236 906 1284 uno
928 1216 1165 1300 prerogativam
1187 1218 1280 1284 sorti-

205 1331 292 1408 ente,
322 1327 416 1394 simul
450 1330 482 1392 et
517 1344 580 1390 uua
610 1325 779 1410 rogatione,
808 1341 870 1389 nou
904 1322 1042 1411 pluribus
1070 1327 1278 1403 sortitoribue,

209 1436 272 1501 alio
295 1433 365 1499 aliis
387 1432 534 1500 comitiis:
560 1430 684 1502 deinde:
720 1431 757 1495 in
778 1428 931 1514 legibus
952 1429 1049 1506 suis,
1080 1433 1279 1517 plerisque

207 1539 334 1615 bonis,
355 1537 424 1603 ille
446 1539 516 1612 uir,
539 1537 584 1602 Μ.
608 1536 748 1602 Scauro
770 1536 808 1599 et
828 1533 1014 1600 terasso
1036 1536 1279 1604 consiliariis

205 1664 280 1709 *uon
315 1644 537 1728 optinuerit.
582 1642 657 1707 Tria
687 1640 781 1723 ponit·
807 1639 924 1718 Cicero,
957 1661 1025 1725 quau
1049 1645 1207 1725 potuerint
1232 1647 1276 1711 Μ.

210 1749 345 1816 Drusum
378 1750 542 1827 adiuvare,
578 1766 707 1832 quornm
739 1746 816 1811 nihil
847 1747 879 1811 iu
916 1747 1020 1813 Clodio
1051 1747 1156 1814 suerit:
1192 1751 1276 1834 ipsas

77 1912 80 1916 Α
209 1855 293 1939 leges
315 1857 484 1938 plerusque,
517 1856 543 1919 si
576 1874 636 1920 non
658 1871 774 1929 omnes,
809 1852 906 1918 bones
930 1853 1025 1919 tuisse
1056 1856 1276 1938 (nequeenim

203 1959 317 2025 =Cicero
339 1960 432 2025 Drusi
452 1960 539 2044 leges
561 1959 654 2025 audet
679 1959 745 2024 sine
767 1959 945 2039 exeeptione
965 1958 1115 2043 laudare),
1137 1962 1275 2030 hominis

107 2137 109 2141 Α
210 2063 307 2147 ipsius
339 2064 535 2149 dignitatem,
565 2063 752 2132 consiliarios
786 2066 819 2128 et
839 2067 989 2130 auctores.
1039 2065 1130 2142 (Haee
1152 2087 1274 2154 qnoque

208 2170 289 2253 apud
311 2170 484 2255 Kayserum
506 2171 650 2254 recepta.)
700 2169 814 2234 Utrum
834 2169 1023 2236 hominem
1045 2191 1085 2237 un
1108 2175 1274 2241 omnium

209 2275 415 2351 scribendum,
438 2278 470 2341 et
492 2277 630 2362 quidant
650 2293 705 2358 pro
718 2274 813 2339 altero
835 2275 999 2364 omnium
1022 2277 1273 2346 substituendum

199 2383 262 2446 vant
282 2384 355 2465 post
376 2381 409 2447 id
431 2382 605 2448 addendum
627 2382 677 2455 eit,
700 2381 852 2449 insertum
875 2382 930 2445 est.

307 2485 376 2554 Ibd.
399 2487 455 2553 57:
492 2489 642 2563 Utrum,
665 2487 696 2552 si
719 2486 803 2552 dies
824 2485 929 2552 dieta
947 2489 1065 2565 esset,
1087 2487 1273 2557 indicium

207 2593 299 2658 mihi
332 2594 408 2658 init
438 2591 786 2676 pertimescendum
815 2611 859 2657 an
882 2593 963 2657 sins
984 2592 1128 2659 iudieio
1151 2594 1273 2677 privi-

207 2699 373 2784 legium?
423 2700 608 2765 Indicium
641 2700 679 2763 in
707 2717 821 2764 eausa
852 2700 928 2762 tam
956 2698 1080 2780 turpi?
1115 2700 1274 2766 seilicet
1315 2735 1317 2741 ·

210 2803 333 2878 horno,
355 2807 416 2889 qui
440 2824 534 2886 eam,
567 2804 695 2871 eiiam
722 2804 827 2870 esset
847 2804 995 2887 ignota,
1018 2803 1179 2871 dicendo
1203 2824 1272 2871 nou

205 2927 354 2991 possem
388 2910 590 2994 expl'ieare.
635 2909 715 2974 Mire
744 2908 789 2974 sio
811 2908 916 2975 Cicero
947 2910 1126 2993 interrogat,
1150 2913 1186 2976 ut
1205 2911 1273 2993 ipse

206 3030 331 3080 eausem
365 3035 454 3081 suam
485 3018 607 3099 turpem
641 3014 781 3111 diostet
804 3015 963 3080 tamenin
986 3033 1023 3080 eu
1042 3014 1190 3081 indioium
1212 3035 1273 3081 uon

205 3120 485 3203 pertimeeoendnm
506 3120 610 3186 fuisse.
668 3120 751 3186 Nam
772 3121 877 3185 ironiae
897 3121 931 3185 in
953 3120 1011 3186 hue
1030 3121 1272 3206 interrogatione

165 3284 168 3289 .
204 3224 292 3292 nulle
313 3225 495 3309 significatio
517 3229 574 3292 est.
627 3227 664 3291 In
690 3227 789 3292 ultera
820 3226 974 3293 senentio
995 3226 1084 3292 deest
1104 3245 1273 3310 pronomen

195 3332 252 3406 ·(is
272 3331 431 3397 scilieet
452 3332 574 3408 homo,
598 3333 685 3416 qni).
721 3333 860 3416 Apparet
881 3332 1029 3399 excidisse
1051 3332 1178 3415 aliquid,
1200 3352 1271 3399 oum

87 3430 88 3434 ’
208 3436 275 3509 hese
297 3438 378 3502 esset
398 3437 544 3503 orationis
565 3436 682 3503 forme:
727 3439 939 3504 Iudicium?
974 3439 1011 3503 in
1044 3440 1271 3504 causatum

208 3542 314 3624 turpi
340 3542 504 3617 scilieet·
526 3542 557 3606 is
575 3543 732 3609 scilieet
754 3543 876 3622 homo,
903 3545 966 3628 qui
992 3546 1051 3610 oet.
1101 3544 1152 3610 Ab
1174 3546 1273 3610 altero

205 3647 361 3715 scilieet
381 3649 420 3715 ad
441 3649 573 3714 alterum
595 3650 702 3715 oeulos
722 3649 879 3716 transiliit.
933 3649 1052 3715 Deinde
1074 3650 1274 3716 scribendum

204 3754 267 3818 ests
288 3754 330 3817 ut
351 3771 392 3818 ea
412 3756 578 3836 ipsanou
594 3755 768 3833 modone,
790 3755 856 3821 sed
878 3756 1009 3831 etiam,
1029 3774 1085 3820 ms
1100 3755 1273 3830 absente,

196 3877 267 3939 per
286 3878 322 3920 se
347 3859 527 3941 probarit.
585 3860 716 3926 Lnditur
748 3861 780 3930 in
811 3880 850 3926 se
880 3863 1041 3945 probare
1077 3864 1111 3926 et
1141 3880 1209 3944 per
1233 3880 1274 3927 se

202 3965 379 4045 probare,
401 3963 466 4028 sine
488 3964 655 4032 defensore.
