2662 5062
231 237 314 337 ‘m
615 211 908 340 mmmm

210 491 360 556 aqnarom
382 472 512 554 copiam,
534 468 648 534 nedum
672 485 818 542 crescere,
840 452 892 532 sic
906 465 1055 532 scribitur
1077 470 1110 535 in
1131 471 1175 535 li:
1203 471 1234 536 N
1238 492 1276 537 ee

136 564 139 569 ’
209 579 369 644 Rhenus
403 595 472 642 neo
504 574 685 640 Redanus
711 571 954 640 nse’Hister
981 591 1051 639 nec
1081 576 1117 640 ei
1139 575 1275 642 Ystrns

211 685 417 749 subiacent
450 680 551 745 molo
584 681 727 745 astate
759 679 1089 767 proveniuntpet
1125 682 1220 756 illis,
1241 682 1274 746 in

210 784 561 871 septentrionibus
597 784 810 850 altissima
842 785 997 868 ingiter
1029 789 1123 852 sunt
1155 789 1273 854 nives.

210 893 350 959 Primum
371 892 534 958 manifesto
569 893 692 956 tenetur
723 891 925 956 subiacent
951 890 1063 974 pelo;
1096 892 1209 960 dmnds
1240 914 1274 959 ne

209 999 286 1083 illud
309 998 435 1081 quidem
456 998 618 1062 obscurum
641 999 700 1070 est,
722 996 834 1062 fuisse:
871 1015 941 1061 nec
972 996 1081 1062 Ister
1113 1018 1183 1064 nee
1212 999 1272 1082 qui

178 1152 179 1155 ,
293 1084 503 1169 subiacent
524 1104 626 1186 polo;
648 1102 751 1167 media
772 1121 828 1167 rex
848 1102 970 1167 videtur
990 1103 1086 1168 inisse
1108 1105 1274 1168 ulterius

209 1218 295 1288 (nam
317 1210 420 1275 minus
441 1208 601 1290 probabile
612 1212 685 1286 ast,
719 1207 867 1273 mendum
899 1210 1008 1273 natum
1040 1227 1110 1274 esse
1139 1230 1176 1275 ex
1202 1212 1272 1276 hoe:

209 1317 272 1399 qui
299 1315 384 1398 ipsi
407 1314 552 1381 subiae.
582 1315 663 1397 p.t¹)
708 1312 798 1393 Quod
826 1314 844 1397 ᾗ
873 1313 915 1375 24
941 1317 1083 1379 revocate
1106 1316 1273 1393 licebat,

209 1439 263 1504 pro
294 1437 353 1503 quo
372 1419 520 1494 Heasius,
553 1421 676 1485 secutus
709 1420 909 1504 pervagatum
938 1419 1052 1484 codicis
1079 1420 1105 1483 ll
1133 1439 1274 1495 errorem,

208 1526 363 1591 libebat
393 1524 530 1606 scripsit,
564 1527 719 1607 praterea·
750 1543 786 1589 ex
813 1525 951 1591 eiusdem
989 1523 1102 1591 codicis
1136 1527 1273 1609 vestigiis

208 1631 376 1713 scripturus
398 1648 500 1696 eram:
523 1649 634 1696 neme
656 1634 794 1696 narrat
814 1631 971 1693 initiam
994 1630 1097 1705 Nili,
1129 1632 1273 1715 precepit

152 1728 153 1731 '
207 1737 363 1818 Hauptius
385 1736 430 1811 (ll
451 1756 481 1818 p.
505 1735 568 1814 20).
611 1736 723 1802 Restat
742 1737 847 1820 igitur,
883 1740 917 1802 ut
938 1737 956 1819 ς’
979 1736 1020 1798 22
1041 1736 1073 1802 in
1094 1738 1273 1803 transcursu

208 1843 334 1926 vulgare
346 1841 490 1907 mendum
504 1842 620 1916 tollam,
633 1844 664 1907 in
679 1843 743 1908 his:
762 1862 843 1908 cum
858 1841 1095 1920 resederint,
1109 1846 1148 1908 et
1166 1846 1274 1927 pela-

207 1966 278 2031 gus
300 1948 566 2030 conquiescit,
588 1948 982 2022 restitutoremderonc.
1007 1949 1273 2033 Duosaliosquae·

207 2052 341 2118 stionum
375 2055 439 2119 nat
472 2054 555 2119 locos
588 2054 695 2118 eodem
721 2072 833 2137 genere
867 2054 1029 2119 mendosos
1059 2056 1190 2131 correxi,
1221 2057 1273 2120 nbi

208 2159 306 2224 totam
328 2161 554 2243 remerposui,
574 2159 613 2224 ad
638 2159 701 2224 Cic.
724 2159 777 2225 tin.
801 2158 838 2236 V,
859 2161 898 2221 41
921 2179 951 2242 p.
973 2159 1036 2224 679
1057 2180 1123 2245 sqq.
1160 2161 1284 2246 Sapei·-

208 2266 283 2329 snnt
303 2263 384 2347 apud
405 2264 553 2329 Senecam
574 2264 763 2349 pancissimi,
798 2265 825 2330 si
847 2283 919 2330 cnm
942 2285 1034 2349 prope
1056 2268 1274 2335 innumerabili

207 2373 290 2433 reete
313 2368 496 2453 scriptorum
517 2370 716 2436 multitudine
737 2374 961 2453 comparantur,
988 2390 1094 2439 ornnes
1115 2375 1273 2442 facillimae

207 2474 247 2541 ad
269 2476 451 2541 mutandum
488 2476 593 2540 formae
632 2476 890 2558 (resederint,
925 2477 1057 2544 fortasse
1088 2482 1187 2545 semel
1221 2486 1274 2546 ant

206 2710 403 2725 ——v-oe-——od
480 2712 483 2716 ¹

225 2874 246 2944 ¹)
276 2874 331 2947 Cer
356 2874 462 2945 inanem
489 2876 649 2946 suscipimus
672 2893 794 2948 operam,
818 2879 951 2933 mansuris
975 2882 1023 2934 ant
1045 2880 1175 2937 redituris
1200 2886 1272 2938 vete·

273 2966 350 3021 ribns
367 2968 509 3045 erroribus,
529 2971 611 3024 etiarn
629 2970 677 3040 qni
694 2970 780 3023 multo
799 2972 864 3024 unte
882 2987 930 3025 nos
950 2970 1052 3026 sublati
1070 2975 1167 3029 erant?
1204 2975 1272 3030 Cum

275 3065 290 3126 ἕ
314 3063 348 3116 18
371 3061 410 3115 sic
433 3063 571 3118 ederetur:
600 3061 815 3118 Alexandriae
842 3079 986 3134 quoqne,
1012 3081 1082 3134 qne
1105 3066 1208 3138 longe
1232 3069 1272 3123 eb

273 3153 469 3209 immodicis
493 3139 672 3211 caloribus
690 3155 810 3226 posita
831 3158 896 3220 est,
926 3155 1028 3231 nives
1046 3173 1109 3214 nen
1128 3161 1272 3229 cadunt,

272 3242 412 3315 perspicua
429 3250 458 3302 et
474 3251 547 3303 recta
566 3249 707 3315 sententia,
733 3264 805 3303 nnnc
825 3248 915 3303 editor
933 3266 986 3304 non
1005 3251 1093 3306 solum
1111 3269 1128 3307 a
1145 3253 1271 3310 Fickerto

272 3343 345 3405 (nam
369 3340 398 3394 id
421 3359 474 3397 non
502 3347 589 3409 euro),
618 3341 855 3423 sed-staesto:
892 3342 1113 3400 Alexandria
1138 3363 1273 3418 quoqne

272 3434 381 3502 (preter
397 3449 478 3503 quarn
505 3436 587 3491 aliem
601 3434 731 3502 urbemi)
762 3435 867 3504 longe
890 3435 931 3490 ab
955 3437 1152 3495 immodicis
1178 3441 1271 3495 cale·

271 3524 369 3592 ribus
398 3516 516 3597 posita
541 3532 604 3584 est.
640 3526 723 3594 (Quid
750 3527 800 3582 hoc
822 3543 870 3596 per
896 3544 924 3583 se
948 3529 1061 3585 minime
1082 3548 1113 3586 ex
1135 3535 1213 3601 parte
1238 3533 1272 3588 ad

271 3616 374 3672 Seneca
421 3613 632 3689 disputationem
676 3619 824 3690 pertineti)
879 3621 987 3677 Nives
1026 3640 1090 3679 non
1109 3639 1111 3642 ’
1133 3625 1270 3681 cadunt

270 3704 484 3781 (Nusquamneij
503 3713 613 3768 Scilicet
631 3730 698 3785 qnae
720 3717 782 3784 post
800 3730 861 3785 que
879 3714 986 3779 excidit,
1003 3719 1061 3770 tum
1081 3721 1220 3783 corrector,
1240 3720 1271 3773 de

270 3805 467 3862 constructione
503 3807 629 3862 nonnihil
664 3806 805 3871 laborans,
849 3796 990 3862 sententiae
1032 3808 1271 3874 incuriosissimns,

269 3898 480 3954 Alexandria
498 3901 620 3969 scripsit3
645 3902 674 3955 et
691 3902 840 3969 seqnnntnr
859 3899 990 3969 philologi
1010 3901 1218 3973 criticorumque
1243 3920 1271 3958 se

268 4005 378 4048 munere
395 3991 474 4061 fungi
492 3995 599 4062 putent.
648 3991 700 4047 Sed
724 3993 753 4046 in
772 3992 916 4062 permultis
933 3993 1000 4047 locis
1020 3993 1123 4049 similia
1141 3998 1271 4065 conqueri
1322 4055 1324 4057 ‚

215 4096 228 4145 ,ζ
268 4082 376 4137 licebat.
