2626 5070
391 717 421 771 L.
441 716 545 771 Senecae
565 716 672 786 Scripta
690 717 755 771 llis.
1005 716 1067 781 339

37 935 95 998 quo
118 935 141 980 e
171 915 343 981 minoribus
365 915 453 980 initio
477 913 596 979 m'endis
618 917 790 979 sumuntur.
801 916 826 995 ι)
880 915 961 981 Nam
984 916 1022 981 de
1045 919 1109 984 vita

38 1021 130 1086 beate
146 1039 173 1086 c.
191 1021 242 1098 25,
265 1023 382 1086 llutor
399 1020 533 1086 numeris
546 1020 682 1102 capitum
695 1024 727 1084 et
738 1022 909 1086 sectionum
921 1022 1109 1101 Haasianis),

44 1128 167 1192 ubiest:
192 1146 273 1191 cum
292 1126 383 1191 deus
398 1125 563 1208 undique
579 1125 869 1202 consalutabor,
885 1128 1108 1195 crunlibrarius

48 1232 118 1304 tsine
140 1233 239 1313 ipsius
262 1233 420 1296 codicisA
441 1232 506 1296 sive
528 1230 706 1313 antiquioris
729 1233 923 1314 exemplaris)
944 1234 1062 1299 obiecta
1076 1236 1109 1299 iu

50 1340 131 1402 serbo
141 1346 280 1403 extremo
292 1337 393 1418 speeie
405 1337 481 1410 eius,
494 1336 573 1418 quod
587 1339 636 1400 ost
646 1337 790 1413 consul,
802 1339 977 1420 scripsisset
992 1358 1108 1405 consu

53 1446 106 1519 loir.
128 1445 160 1508 in
184 1444 249 1508 eod.
276 1443 354 1507 Livii
377 1442 542 1507 Veronensi
564 1442 621 1515 111,
644 1440 695 1518 35,
729 1443 748 1504 9
770 1443 997 1508 consulibus
1019 1449 1108 1509 tan·

54 1548 198 1614 tissime
231 1567 285 1632 pro
318 1549 535 1624 constent),
570 1546 680 1612 deinde
712 1567 745 1614 se
772 1550 816 1615 ita
846 1553 1029 1626 revocasset,
1064 1555 1107 1625 ut,

55 1654 146 1719 relicta
168 1653 266 1720 vocali
288 1677 318 1730 o,
341 1656 459 1719 ceteras
474 1651 595 1718 litteras
618 1653 832 1735 perscriberet:
855 1656 1107 1722 consuclute·

56 1757 123 1836 bor,
145 1759 217 1824 hino
238 1760 270 1822 in
297 1758 397 1823 codice
419 1758 445 1821 B
466 1749 667 1834 (Berelinensi
686 1778 748 1823 sec.
772 1758 872 1840 XIV),
901 1759 949 1824 illi
970 1762 1107 1842 proximo

57 1867 83 1925 et
97 1866 266 1929 seeundum
289 1863 390 1928 locum
424 1864 599 1939 obtinente,
634 1862 833 1938 factumest,
864 1863 1106 1943 additarursus,

57 1970 121 2048 quod
152 1972 281 2036 verbum
312 1969 378 2032 iam
411 1986 469 2033 non
501 1968 742 2052 intelligebatur,
774 1988 836 2035 una
864 1970 977 2046 littera,
1017 1991 1106 2038 con·

58 2075 309 2148 sualuctabor;
346 2073 454 2138 deinde
476 2093 512 2139 ex
539 2075 597 2140 boc
634 2076 773 2157 germine
803 2075 868 2141 haec
901 2077 1105 2158 pullularunt:

59 2194 122 2243 cum
143 2180 239 2246 deus
261 2179 430 2262 undique
455 2180 697 2245 couscientia
725 2179 910 2245 luctabor
932 2184 978 2261 (in
1003 2184 1105 2250 Guell.

60 2285 82 2349 et
111 2285 352 2367 „exemplaribus
391 2285 592 2368 quibusdem“
632 2285 780 2358 Pinciani,
815 2303 958 2354 oonsua
996 2289 1051 2356 illo
1086 2310 1104 2356 a

61 2388 220 2456 luctabor
242 2393 384 2473 separato
416 2393 449 2455 et
469 2391 508 2455 ad
530 2390 633 2456 Latini
657 2390 795 2454 vocabuli
822 2391 951 2459 formam
973 2397 1103 2478 expleto,

62 2494 143 2562 relicto
166 2516 246 2561 eum
269 2492 383 2573 dous),
410 2514 491 2560 cum
514 2495 582 2560 deo
612 2495 746 2577 utique
769 2499 807 2560 et
828 2497 1000 2565 scientie
1021 2501 1106 2568 luc·

2 2637 4 2640 -
62 2600 147 2667 labor
169 2603 248 2679 (cod.
270 2601 395 2668 Mediol.
417 2602 453 2677 4,
489 2600 624 2665 ablativo
647 2600 685 2664 ed
708 2620 788 2667 eum
816 2607 963 2686 tanquam
987 2626 1105 2689 praepo·

64 2705 182 2774 titionem
206 2707 464 2784 accommodato),
497 2724 578 2770 eum
600 2705 666 2771 deo
703 2708 835 2790 utique
865 2712 1106 2778 conscientia

3 2824 4 2827 ¹
64 2806 224 2878 luctabor
256 2813 335 2891 (Pal.
369 2813 413 2894 4),
451 2830 533 2876 curu
570 2810 638 2875 deo
671 2812 808 2893 utique
844 2816 881 2878 ot
907 2818 1105 2882 consciam

0 2973 1 2976 ,
64 2912 222 2985 luctabor
257 2918 352 2994 (bled.
375 2918 419 2996 5),
452 2936 534 2982 oum
568 2916 634 2981 deo
664 2917 804 3000 ubique
837 2921 1105 2987 eonscialuc·

2 3041 3 3045 ¹
65 3022 149 3090 tubos
175 3025 276 3101 (codd.
301 3024 418 3107 lipsii).
458 3025 561 3105 Atque
583 3024 648 3087 haec
670 3042 707 3087 en
727 3023 799 3101 illo,
823 3025 904 3108 quod
933 3026 964 3090 in
997 3027 1105 3104 Best,

67 3189 237 3205 *nm—⁷*

0 3340 1 3343 =
84 3306 100 3374 ¹)
116 3308 171 3364 Non
191 3325 298 3378 prorsus
325 3324 423 3362 novum
451 3306 501 3361 hoc
523 3306 556 3361 de
583 3311 731 3362 ceterorum
758 3308 878 3363 codicum
909 3310 1013 3382 origine
1038 3313 1104 3369 dieo.

116 3405 234 3470 quonism
262 3403 319 3470 ipse
347 3400 487 3454 Fickertus
514 3397 548 3452 ed
572 3415 643 3453 cous.
670 3398 704 3453 ad
728 3400 809 3455 Marc.
834 3417 857 3456 c.
880 3403 915 3457 26
939 3403 1056 3459 codicem
1083 3409 1105 3460 Α

1 3486 2 3491 '
118 3496 344 3557 ,vetustissimum
362 3500 391 3547 et
409 3495 555 3546 ceterorum
574 3493 650 3561 quasi
669 3496 824 3560 parentem“
850 3495 983 3563 appellat;
1008 3496 1053 3550 sed
1073 3513 1105 3551 ne

115 3588 168 3641 tum
186 3587 305 3657 quidem,
324 3601 384 3639 cum
412 3582 467 3638 bac
496 3584 639 3645 scriberet,
667 3599 728 3637 eum
759 3601 814 3639 rem
841 3602 901 3640 rere
930 3589 1106 3653 intellexisse,
1157 3596 1160 3601 '

115 3680 230 3735 ostendit
248 3681 361 3732 fortasse
384 3675 508 3731 additum
535 3677 650 3744 quasi3
682 3681 754 3731 certe
782 3695 913 3748 nusquam
940 3680 990 3736 hoe
1017 3683 1106 3737 tenuit

114 3776 250 3826 occuluere
276 3772 317 3825 its
335 3773 393 3831 est,
421 3774 453 3822 nt
472 3768 691 3837 interpolationis
709 3771 798 3825 sordes
817 3776 972 3842 segregaret
997 3779 1026 3829 et
1043 3791 1106 3830 eon·

114 3867 251 3919 temneret
291 3862 321 3915 Si
341 3861 558 3931 interpolationis
569 3863 980 3931 propagstionemsthistorism
999 3867 1057 3922 ulla
1075 3884 1107 3922 ex

113 3960 187 4024 psrte
207 3955 396 4019 intellexisset,
416 3954 458 4015 iis,
484 3968 550 4022 quos
568 3952 611 4007 hic
630 3969 706 4022 pono,
727 3954 791 4008 locis
810 3958 839 4009 et
856 3955 972 4012 infinitis
990 3959 1050 4013 aliis
1068 3960 1107 4013 sic

113 4049 250 4118 scripture
280 4048 439 4102 varietatem
459 4047 623 4110 ordinasset,
650 4049 681 4099 ut
699 4046 814 4116 primum
833 4048 934 4102 codicis
952 4052 975 4105 Δ
992 4053 1107 4121 scriptu·

112 4158 167 4196 ram
197 4145 315 4211 poneret,
350 4139 447 4195 deinde
471 4141 585 4208 cognata
617 4139 800 4209 coniungeret.
856 4141 972 4196 Hessius
1002 4160 1107 4215 quoque

110 4234 184 4304 prat
203 4233 285 4288 rol.1
305 4250 332 4302 p.
351 4233 389 4288 VI
416 4232 540 4287 universe
566 4236 638 4285 reete
657 4231 773 4301 scripsit,
804 4232 851 4287 sed
868 4235 957 4288 tamen
977 4236 1005 4290 in
1024 4253 1106 4291 anno·

109 4331 173 4382 tstt
193 4327 266 4382 critt.
288 4327 383 4391 (1853)
397 4341 422 4394 p.
442 4326 460 4380 8
477 4325 646 4393 scripturam,
666 4339 725 4390 que
743 4325 771 4378 in
790 4325 813 4378 Δ
833 4328 882 4390 est,
901 4342 915 4378 e
934 4326 1032 4383 codicis
1050 4329 1107 4385 Col.

107 4422 139 4476 et
158 4418 339 4487 Bongsmiani
367 4418 501 4488 scriptura
524 4420 610 4471 ortam
633 4431 691 4469 esse
718 4418 799 4485 putet
816 4421 844 4471 et
861 4434 915 4473 non
934 4421 1025 4489 paucis
1043 4422 1107 4477 locis

107 4512 174 4567 aliis
193 4510 329 4566 codicibus
347 4509 450 4579 aliquid
469 4508 569 4563 tribuit
586 4507 762 4564 auctoritatis.

860 4604 907 4655 22⁹
