2662 5046
447 601 582 699 oaxen
599 643 674 699 cros.
694 644 796 700 uuna
966 696 972 703 .
1039 649 1099 712 ses

72 843 171 907 eune
206 840 321 907 ondins
343 839 382 904 vH
409 841 587 905 conectere.
629 826 829 908 scribendum
862 849 945 912 erat:
975 847 1057 931 ipse
1092 850 1141 915 li-

72 964 169 1030 quor
199 964 302 1030 aque
326 944 503 1011 declarat
531 953 563 1006 ct
587 945 705 1029 focio.
749 948 892 1031 Graecum
913 946 1013 1038 χύσιν
1034 953 1141 1021 cicero

72 1051 193 1128 reddite
237 1049 385 1117 vocabulo
421 1050 519 1115 utitur
556 1051 618 1117 iam
655 1052 724 1119 Lib.
760 1054 786 1132 Ι,
808 1128 809 1131 ¹
831 1055 882 1122 39.
930 1058 1000 1143 [Sic
1036 1060 1141 1126 balle·

71 1155 269 1240 mndusP)
719 1179 722 1183 ·

92 1426 95 1433 ,
171 1344 301 1412 Tuscal.
316 1345 370 1420 lv,
392 1344 433 1408 64
455 1343 536 1429 quod
557 1345 667 1420 editur,
689 1347 950 1429 consentientibus
968 1353 1137 1420 codicibus:
1196 1372 1200 1385 ·

74 1450 210 1533 quibus
252 1451 379 1536 igitur
426 1449 643 1517 rationibus
692 1452 893 1522 instantia
942 1457 1138 1539 feruntur,

74 1555 216 1622 eisdem
259 1559 558 1623 contemnuntur
595 1559 815 1640 sequentia,
852 1561 1033 1628 mendosum
1070 1583 1138 1631 esse

75 1664 190 1727 cenum
214 1663 274 1739 eet,
309 1662 390 1748 quod
412 1680 566 1746 nunquam
589 1664 793 1747 sequentia
814 1668 869 1731 aut
889 1669 1086 1751 omninoaut
1107 1671 1137 1734 in
1180 1722 1182 1727 .

75 1765 128 1832 bac
150 1767 350 1851 agritudinis,
367 1770 400 1833 et
420 1770 521 1834 metus
552 1769 745 1850 separatione
766 1787 821 1851 pro
843 1769 953 1837 foturis
975 1775 1136 1856 ponuntur,
1256 1776 1265 1789 '

76 1870 110 1936 ad
134 1891 203 1955 quae
224 1876 328 1939 metus
349 1873 498 1956 pertinet,
531 1874 567 1938 ut
587 1873 736 1958 egritudo
757 1875 965 1942 adinstantis
987 1878 1057 1949 thoe
1080 1883 1137 1958 est,

77 1977 258 2057 presentia).
303 1977 678 2077 Ciceronemsoripsisse:
712 1983 1011 2048 contemnuntur
1040 1987 1137 2047 ooni-

79 2225 267 2237 -ss-
1135 2210 1152 2250 l

94 2398 114 2464 ¹)
137 2400 212 2467 Quod
243 2372 322 2457 dobeo
349 2397 487 2453 interdum
516 2382 599 2453 etiarn
624 2414 640 2452 a
664 2396 847 2468 prudentibus·
870 2353 1024 2456 bominibus
1051 2405 1135 2459 tacita

137 2494 280 2562 preteriri,
307 2509 422 2562 qaorum
440 2493 513 2547 certa
538 2491 634 2546 menda
659 2493 688 2545 et
710 2493 850 2560 perspecta
866 2507 884 2545 a
903 2494 1087 2562 superioribus
1105 2500 1134 2550 et

139 2569 281 2642 emendata
302 2586 373 2650 siut,
402 2584 461 2638 eius
487 2584 527 2638 rei
556 2583 677 2639 notabile
704 2584 854 2653 exemploru
882 2584 911 2637 in
939 2584 1020 2639 buius
1047 2589 1133 2657 operis

137 2677 205 2734 libro
223 2678 277 2743 111,
296 2681 332 2735 23
355 2677 423 2732 milri
449 2693 478 2732 ae
503 2676 612 2732 obtulit
662 2675 732 2730 Nam
756 2675 826 2729 nihil
851 2674 977 2731 Baiterua
999 2694 1084 2747 neque
1103 2681 1132 2733 in

137 2773 237 2826 maiore
255 2770 375 2826 editione
394 2786 482 2841 neque
498 2769 528 2823 in
547 2785 585 2833 cs,
605 2784 684 2837 quarn
703 2783 764 2822 curn
783 2768 900 2838 Kaysero
918 2769 1029 2834 curarit,
1049 2788 1131 2826 anno·

138 2865 206 2919 arur
224 2864 260 2918 ad
279 2863 335 2918 bac
352 2862 445 2918 rerba:
469 2878 555 2932 sape
573 2861 666 2916 dixti
685 2860 778 2916 nibil
796 2860 877 2916 fieri
898 2860 972 2915 sinc
990 2862 1061 2933 deo..
1094 2863 1132 2917 Et

138 2958 228 3011 tamen
247 2972 357 3026 prorsus
375 2955 471 3010 vitiose
489 2953 533 3009 dei
550 2970 647 3010 nomen
666 2953 709 3009 hio
726 2954 799 3025 peni,
817 2951 865 3007 ubi
884 2953 974 3008 omnis
991 2953 1025 3008 ad
1038 2953 1132 3013 muudi

138 3049 275 3117 sobonem
301 3047 412 3119 eiusque
439 3063 500 3102 cum
527 3048 574 3114 eis,
596 3044 664 3118 vquse
691 3048 721 3102 in
749 3046 848 3101 mundo
873 3047 972 3108 esunt,
996 3062 1131 3117 compara·

137 3141 236 3198 tionem
255 3141 418 3197 retenentur
435 3141 545 3210 ipsaque
564 3141 717 3211 argumenti
735 3139 870 3194 conclusio
895 3139 1023 3208 proximis
1042 3140 1130 3195 verbio

138 3235 347 3289 constitueretur
365 3234 393 3288 in
413 3233 518 3289 illiser
532 3249 572 3291 ,eo
591 3235 832 3303 procreantur,
852 3230 901 3285 hoc
920 3234 968 3296 cst,
988 3247 1003 3286 e
1021 3232 1129 3295 mundo,

138 3326 309 3382 Heindortius
339 3326 510 3382 intellexerat
536 3327 565 3380 et
591 3324 789 3381 accommodate
816 3324 850 3379 ad
876 3323 912 3388 id,
941 3324 1013 3393 quod
1031 3324 1068 3391 11,
1095 3328 1130 3383 88

137 3416 250 3490 legitur:
276 3435 314 3474 ex
332 3435 397 3489 qno
415 3421 450 3474 et
467 3419 629 3474 oriuntur
646 3419 682 3472 et
700 3417 796 3488 liunt
814 3418 939 3489 omnia,
959 3417 1129 3474 scribendum

136 3510 312 3568 indicaverat:
332 3512 405 3566 nisi
432 3527 468 3566 ex
491 3528 542 3576 θος
574 3510 716 3566 Schuetzio
734 3509 840 3580 placuit
863 3511 937 3565 iias
963 3523 1008 3566 eo.
1049 3510 1128 3575 uini,

137 3619 194 3660 cum
211 3620 276 3661 cna
293 3605 325 3660 iu
344 3605 416 3662 baso
441 3605 530 3660 locum
557 3603 732 3666 incidissem,'
747 3602 843 3658 statim
866 3603 937 3658 idem
961 3604 990 3657 in
1011 3606 1128 3658 mentun
1199 3628 1200 3631 ¹

138 3699 217 3763 rosit,
236 3697 307 3768 quod
325 3698 393 3754 olim
411 3697 482 3768 apud
497 3695 687 3761 Heindorflum
706 3695 834 3751 viderur.
870 3695 971 3752 Contra
989 3697 1017 3749 in
1035 3695 1128 3752 eodem

139 3788 203 3846 libro
222 3797 237 3858 ἱ
256 3794 292 3848 bt
314 3807 385 3861 nuuc
404 3790 461 3845 sine
479 3790 536 3845 ulla
558 3789 699 3844 varietatis
717 3789 852 3867 mentone
870 3788 959 3843 editur
977 3790 1129 3858 proxime

139 3884 345 3955 superiores.
364 3901 425 3939 curn
444 3886 506 3938 ante
525 3882 665 3937 Davisium
685 3897 777 3935 omnes
793 3883 865 3936 recte
884 3880 1032 3936 edidissent
1049 3898 1128 3952 prc-

118 4042 120 4051 χ
140 3978 226 4033 rima
245 3975 455 4046 superiores.
493 3974 621 4030 Codicum
640 3974 749 4044 quidem
768 3974 952 4030 testimonium
970 3975 1127 4045 ambignum

139 4074 190 4137 esa
208 4070 255 4126 aed
273 4069 314 4125 ita
334 4070 523 4140 (proximus
550 4067 717 4137 superior)
736 4065 889 4123 Ciceronem
917 4066 1036 4122 locutum
1061 4083 1126 4130 esse,

140 4163 232 4233 reliqui
252 4161 476 4232 ostendunt-loci,
505 4162 535 4216 iu
563 4160 662 4231 quibus
686 4159 763 4213 nulla
781 4159 944 4228 relinquitur
961 4160 1127 4232 ambiguitas

140 4258 183 4310 sc
198 4256 343 4321 russeus,
361 4256 444 4312 nurus
461 4255 550 4326 operis
569 4256 605 4321 11,
624 4255 666 4317 ss,
685 4251 760 4308 eras
781 4255 841 4317 ars,
860 4252 895 4308 aa
913 4253 988 4309 nam.
1007 4254 1030 4316 1,
1048 4238 1074 4315 s,
1092 4257 1129 4309 ao

142 4347 194 4404 tubi
209 4352 309 4406 temere
327 4367 436 4421 prorsus
454 4341 573 4405 &aas
591 4347 834 4417 repertoribus
857 4348 920 4402 tolli
937 4348 1045 4414 voluit),
1064 4347 1126 4402 nse.

125 4431 204 4499 'ton
223 4444 245 4510 1,
264 4446 307 4501 rr.
343 4443 434 4499 Nimis
456 4441 537 4498 facire
555 4440 656 4496 crenis
675 4441 794 4510 graviter
812 4440 911 4494 eman
927 4441 1058 4495 scortum
1078 4442 1125 4494 sn.

773 4544 777 4553 “
872 4533 922 4585 lb*
