2678 5018
273 293 313 356 m
629 294 889 364 mmmm

233 495 434 560 Troianorum
468 495 605 577 exemplo
626 494 815 579 trepidantes
849 512 907 558 non
929 493 1062 559 audeant
1082 514 1154 560 vera
1173 497 1289 571 tenere,

234 602 314 684 quod
339 603 491 685 simplicia
512 621 550 670 ae
569 601 671 667 facilia
693 602 773 674 sunt,
809 602 975 684 inanesque
996 601 1101 666 turbas
1123 602 1286 686 negligere.

167 712 173 726 ’
233 707 384 778 Refellere
409 708 485 774 alios
507 707 703 791 supersedeo;
725 705 817 771 velim
830 709 933 772 tamen
948 707 1082 784 attendi,
1103 707 1287 773 Ribbeokius

233 816 450 897 (praeterquam
503 814 625 905 qnod,⁸
647 813 719 897 quid
763 812 900 877 Troianis
952 815 1052 893 retro,
1102 814 1175 896 quid
1218 815 1288 879 aute

231 919 332 993 fuerit,
360 921 449 1002 plane
474 920 642 996 confundit)
664 920 786 1001 qualem
818 919 1036 1004 excogitaverit
1057 920 1286 1003 appositionem,

234 1026 271 1089 ut
292 1026 392 1110 Seylla
415 1026 642 1110 Charybdieqne
663 1024 747 1090 iussa
768 1026 878 1089 Heleni
900 1026 1097 1107 appellentur.

330 1133 384 1207 Vl,
406 1132 463 1194 601
486 1152 568 1216 sqq.:
1135 1183 1141 1201 .

315 1237 394 1317 Quid
416 1257 584 1303 memorem
606 1237 763 1320 Lapithas,
786 1235 892 1301 lxiona
914 1237 1154 1320 Pirithoumque,

315 1363 382 1427 quo
397 1363 489 1426 super
509 1345 577 1407 atra
598 1343 674 1407 siler
695 1343 821 1408 iamiam
843 1343 966 1426 lapsura
987 1342 1166 1429 cadentique

313 1450 457 1514 imminet
477 1449 647 1515 adsimilis?
696 1443 697 1454 ³

330 1556 455 1621 Frustra
476 1557 641 1632 laboratur,
662 1559 698 1621 ut
713 1556 834 1621 Tantali
856 1577 945 1640 poena
973 1557 1012 1621 ad
1035 1557 1206 1622 Pirithoum
1228 1561 1288 1634 aut,

232 1663 259 1727 si
291 1663 424 1744 plurium
457 1660 596 1727 oodieum
629 1663 810 1745 scripturam
848 1685 921 1747 quos
942 1685 1032 1748 eope
1053 1663 1217 1747 sequimur,
1250 1663 1288 1729 ad

231 1787 301 1833 eum
324 1770 356 1832 et
376 1768 482 1833 lxiona
502 1768 653 1834 translata
673 1770 858 1852 expediatur.
901 1766 967 1832 Neo
988 1771 1092 1834 tamen
1114 1771 1152 1835 ad
1174 1770 1288 1835 laeuuae

231 1875 345 1952 notam,
357 1875 445 1940 triste
465 1874 556 1939 simul
568 1878 600 1938 et
610 1874 707 1939 audax
718 1876 875 1953 auxilium,
890 1874 1138 1959 confugiendum,
1150 1877 1205 1941 sed
1218 1896 1289 1960 par·

231 1980 328 2045 honlo
347 1979 547 2046 retrahenda:

432 2093 435 2099 ’
864 2088 1104 2171 Pirithoumque,
1131 2098 1157 2149 et

432 2213 491 2275 qno
513 2211 602 2277 super
624 2195 691 2259 atra
712 2193 788 2260 siler
810 2196 869 2260 eet.

333 2298 450 2365 Ceteris
472 2301 635 2365 nominatis
647 2300 813 2365 Tantalum
834 2301 899 2365 sine
920 2300 1043 2365 nomine
1065 2300 1212 2375 adiunxit,
1233 2319 1289 2382 po·

234 2403 294 2469 sito
307 2425 371 2487 pro
393 2405 513 2470 nomine
534 2407 692 2471 notissimo
713 2426 808 2489 poenae
830 2425 948 2491 genere.
1007 2405 1106 2484 Quam
1127 2406 1216 2470 faeile
1239 2425 1290 2470 ex-

235 2511 345 2576 ciderit
369 2521 404 2587 ee,
426 2514 461 2576 ut
483 2533 541 2595 quo
562 2512 724 2577 referretur
743 2512 782 2575 ad
804 2517 921 2577 eertum
942 2530 1065 2589 nomeu,
1087 2511 1221 2594 patet¹)

332 2614 387 2692 VI,
409 2617 483 2680 61⁸5:

828 2724 875 2787 Ne
901 2742 1000 2806 qnare
1022 2722 1133 2799 doeeri,
1210 2754 1211 2758 =

280 2843 371 2910 quam
394 2849 525 2912 pronam,
547 2833 601 2895 aut
622 2849 688 2913 quae
708 2830 805 2895 forma
826 2829 906 2894 viros
928 2830 1087 2894 fortunave
1107 2828 1226 2893 mersit.

228 3238 230 3242 ,
263 3164 283 3231 ¹)
302 3163 334 3219 Iu
371 3164 498 3234 margine·
521 3180 618 3232 ponam
648 3163 825 3235 suspicionem
855 3164 944 3219 minus
974 3162 1086 3218 fortasse
1118 3163 1291 3219 manifestam

302 3258 392 3311 mendi
419 3260 447 3310 et
474 3257 531 3311 eius
555 3257 669 3326 originis
692 3257 945 3313 demonstrationem
971 3255 1122 3312 habentem.
1170 3256 1240 3310 Nam
1264 3272 1291 3311 v.

302 3353 354 3406 533
374 3366 477 3415 vereor,
507 3367 539 3404 ne
554 3351 665 3420 antiqno
684 3367 769 3405 errore
786 3350 820 3404 ob
838 3350 1027 3421 praeedentem
1047 3350 1240 3405 diiunctionem
1258 3369 1292 3401 oo

299 3446 472 3514 prepositum
502 3445 540 3499 sit
568 3444 775 3512 interrogationi
805 3445 926 3498 universe
956 3446 985 3498 et
1001 3444 1125 3499 absolute
1152 3442 1291 3508 subiectae,

302 3537 521 3607 scribendumque
538 3539 589 3591 sit:

590 3699 608 3710 κ
638 3630 767 3700 Pelagine
786 3631 860 3685 venis
878 3631 1011 3685 erroribus
1029 3633 1104 3684 aetus

349 3741 383 3778 an
396 3725 501 3778 monitu
520 3724 628 3779 divom?
666 3723 730 3789 Qun
748 3726 775 3777 te
794 3727 831 3788 (v.
850 3745 882 3776 on
903 3746 955 3793 qooe
973 3727 1004 3791 re)
1023 3723 1130 3779 fortuna
1148 3721 1257 3792 fatigat,

351 3819 384 3871 nt
401 3817 488 3870 tristis
507 3818 563 3873 sine
582 3817 636 3870 sole
654 3817 753 3881 domos,
773 3817 829 3872 loen
846 3816 962 3882 turbida,
980 3817 1087 3873 athas?

302 3907 373 3964 Nam
391 3926 476 3980 neque
497 3931 529 3961 ao
547 3931 599 3978 qooe
617 3912 688 3965 reete
707 3910 913 3979 coniunguntur,
935 3927 984 3966 neo
1002 3914 1073 3966 reete
1097 3912 1147 3966 hoe
1160 3911 1292 3978 tanquam

303 4001 413 4056 tertium
432 4020 447 4056 a
466 4004 646 4073 superioribus
665 4007 810 4071 separatur.
