2626 5070
161 239 299 354 'm
597 284 862 356 mmmm

195 490 314 556 malle
337 507 391 572 pro
412 487 756 568 maluissepositum,
773 486 930 570 sedquod,
951 488 1096 573 qnaehaeo
1111 489 1261 557 oadeseit

196 598 251 661 aut
261 614 329 678 qua
341 594 465 660 omuino
480 592 546 658 haeo
562 592 668 667 altera,
682 610 743 675 qua
753 591 796 656 Μ.
811 593 952 675 Aquinus
963 595 1011 661 uti
1023 594 1168 676 potuerit,
1191 614 1264 661 oon·

197 700 285 776 dioio,
308 718 431 783 prorsus
452 717 510 764 non
533 696 726 780 intelligitur.
781 696 923 763 Hariolor
946 698 1123 765 huiusmodi
1143 700 1260 784 aliquid

196 807 272 872 olim
304 805 454 888 seriptum
489 803 602 869 fuisse:
649 804 714 867 ant
747 802 908 868 Caesaris
939 804 1159 887 [volontati
1198 810 1262 891 qni

196 930 274 975 eum
307 933 387 973 eom
420 909 568 994 esteris]
601 908 683 973 eius
705 909 830 991 partis
852 908 1005 975 oisibus
1027 911 1260 977 ineolumem

195 1014 343 1081 reverti
364 1015 514 1090 mallet3
538 1013 592 1080 sed
614 1015 650 1078 ut
670 1013 742 1092 dixi,
765 1013 925 1079 hariolatio
948 1008 1014 1079 haeo
1036 1018 1097 1081 est:
1119 1015 1259 1097 (Subes-

195 1118 1018 1205 dioumtloaligeraniottlniaoianinominooonieotura
1029 1120 1262 1204 laterepotest.)

295 1226 327 1292 Ο.
348 1228 405 1291 61:
451 1225 555 1305 Quod
576 1225 777 1307 proprium
798 1225 982 1309 gaudium
1004 1226 1258 1293 bellantibus

194 1333 352 1398 fortuna
374 1331 651 1397 tribueren'on
683 1331 878 1397 decrerit.
922 1330 1055 1397 Subest:
1087 1330 1267 1395 bellandi

195 1439 244 1502 iio
263 1428 420 1503 fortuna
440 1441 484 1500 tr.
505 1454 535 1498 n.
558 1434 589 1498 d.

295 1542 329 1606 0.
353 1543 408 1606 72:
434 1542 549 1624 atque
565 1541 608 1604 -iu
631 1540 945 1607 consuetudinem
968 1559 1084 1624 equos
1106 1542 1268 1625 patient·

194 1649 249 1714 tia
270 1647 493 1714 bestiarum
516 1644 739 1713 adduxerat.
779 1647 816 1711 In
833 1647 919 1711 ouius
940 1647 985 1711 rei
1008 1648 1267 1714 consuetudinem

196 1773 289 1838 equos
322 1753 503 1820 adduxerat
524 1753 693 1835 patientia
728 1751 975 1835 elephantorum,
1022 1746 1096 1837 quae
1125 1753 1261 1838 alioquin

194 1859 280 1923 nulla
297 1858 474 1941 ‘significata
495 1851 552 1934 est,
575 1857 629 1922 sed
650 1856 806 1922 tarditas?
830 1858 896 1923 lmo
918 1860 1022 1924 basar
1044 1877 1147 1943 equos,
1171 1863 1268 1926 antea

193 1962 362 2029 bestiarum
379 2001 380 2005 =
398 1964 522 2029 odorem
556 1963 780 2045 stridoremque
817 1963 1061 2040 reformidantes,
1092 1965 1270 2032 adduxerat

192 2069 583 2135 inconsuetudinem
609 2067 810 2153 patientioe
846 2069 1077 2149 bestiarum,
1111 2071 1169 2137 hoo
1203 2075 1261 2147 est,

193 2172 307 2239 bestias
331 2175 449 2241 ferendi
470 2174 528 2258 [sio
549 2173 703 2258 Lipsius],
729 2173 777 2240 sol
802 2176 903 2258 potius
926 2177 1044 2259 equites
1070 2193 1122 2241 eos
1145 2176 1271 2238 adda..

194 2290 338 2344 aaroni.
376 2322 379 2324 v

204 2403 207 2426 ³
295 2387 328 2452 b.
353 2387 394 2448 74
431 2386 498 2464 (ubi
530 2404 587 2470 ego
616 2403 736 2469 qnoque
771 2385 1129 2448 subministratum
1161 2404 1260 2452 auno-

193 2495 345 2570 taseram)
383 2513 400 2558 e
431 2492 587 2558 oodioibns
619 2490 822 2571 revooaudom
860 2494 924 2557 est:
963 2492 1008 2557 de
1030 2509 1157 2557 eorum
1194 2499 1262 2578 (pro

194 2599 364 2677 deorum)
396 2598 601 2663 voluntate
633 2595 840 2678 studioque
878 2615 969 2680 erga
1002 2596 1193 2663 cesarem
1228 2604 1259 2664 et

193 2704 327 2770 notanda
349 2705 419 2786 post
450 2705 636 2769 Gaesarem
669 2700 790 2765 laouna.
845 2702 1041 2786 ineptissime
1063 2705 1146 2769 onim
1180 2697 1210 2770 b.
1233 2707 1255 2771 l.

194 2809 236 2873 dii
257 2810 490 2892 interponuntur
523 2811 555 2873 et
578 2825 682 2872 eorum
704 2824 777 2890 erga
798 2806 951 2872 Gaesarem
974 2809 1069 2874 studii
1091 2810 1267 2876 documen->

192 2917 259 2980 tum
291 2915 434 2998 lingitur,
471 2914 553 2998 quod
583 2911 745 2997 transfuga
766 2912 920 2996 vagensis
947 2932 1017 2979 snos
1050 2915 1132 2982 oises
1158 2917 1257 2999 (ipsos

191 3019 324 3104 legatos)
362 3022 505 3086 certiores
529 3018 654 3092 'feeerit
688 3018 834 3102 oppidum
856 3019 976 3104 Vagam
1005 3019 1141 3085 deletum
1179 3040 1258 3088 esse.

191 3124 321 3192 Laounae
344 3127 499 3211 explenda
521 3124 638 3191 suffioit
659 3125 732 3190 hoo:
753 3142 843 3208 erga
860 3125 1050 3191 Caesarem
1073 3126 1129 3209 [ea
1150 3124 1259 3212 lepa-

192 3233 241 3293 tis
273 3220 531 3315 σορκοεσίιιινΔ
559 3231 604 3316 et]
637 3231 846 3314 transfuga
878 3234 938 3296 ost.
998 3231 1058 3296 Sed
1086 3232 1175 3315 plura
1197 3251 1256 3299 non

191 3338 306 3411 deesse,
327 3337 395 3420 quis
417 3337 587 3419 spondeat?
630 3371 632 3375 ν

228 3476 232 3485 ι
282 3442 324 3507 Ὀ.
349 3442 404 3508 78:
437 3445 477 3506 ut
511 3442 699 3507 haberent
731 3442 962 3508 facultatem
984 3445 1132 3510 turmas
1154 3444 1271 3509 Iuli·.

190 3569 279 3615 anas
313 3545 592 3614 circumfundi.
630 3547 746 3614 vSorib.
782 3546 1126 3630 circumfundeedi.
1170 3547 1253 3614 Nam

189 3658 225 3721 ut
256 3653 367 3721 dixerit
397 3655 529 3737 scriptor
555 3645 739 3739 footeltolem
770 3653 863 3717 babeo
896 3653 1111 3738 eirwrnfumds',
1148 3657 1256 3721 tamen

189 3782 248 3829 non
271 3763 347 3828 dixit
375 3760 609 3845 eirossmsundor
641 3770 757 3824 turmas
787 3779 842 3844 pro
869 3777 914 3840 eb,
949 3759 1028 3844 quod
1061 3761 1110 3826 ost
1138 3760 1261 3829 terranist

188 3867 269 3934 Nam
292 3868 436 3933 Latinum
471 3871 518 3933 est
541 3868 747 3951 circumfundi
773 3867 902 3931 boetiam
933 3867 1041 3929 tarmis
1063 3867 1096 3930 et
1124 3868 1266 3929 erasme

137 4033 139 4037 .
188 3973 542 4051 praememorati
566 3974 679 4057 saepius
700 3973 840 4056 passive).
863 3972 928 4055 [Sic
948 3975 1011 4039 iam
1033 3971 1191 4054 Ursinus]
