2662 5046
246 283 305 346 m
603 279 954 366 mmmm&

203 501 275 549 cnm
297 482 363 546 hnc
385 479 427 546 sit
447 476 611 551 sententio,
644 476 795 554 othurae
815 494 894 549 rem,
929 474 968 540 de
989 492 1049 559 qno
1070 474 1183 560 egitur,
1206 477 1265 543 ‹te-

201 585 444 661 monetrsndem)
466 582 579 648 certine
604 582 750 648 essehoc
775 581 845 659 (hue
866 599 900 644 ro
927 581 959 645 et
978 581 1039 646 hoo
1057 583 1265 668 eramento),

202 690 282 777 qnod
305 708 411 755 omnes
433 691 492 753 oet
534 686 616 752 Nom
637 687 665 751 si
685 686 754 769 quie
770 686 940 769 putauerit,
960 686 1031 752 hoe
1057 734 1064 750 .
1088 732 1096 747 .
1119 732 1126 748 .
1150 706 1265 771 quern

201 798 247 863 sie
270 795 346 875 dici,
368 796 413 869 ut,
434 795 505 860 noto
526 811 594 866 usn,
615 792 749 875 primum
771 791 904 859 ablativo
925 792 1128 875 pronominis,
1151 793 1265 865 deinde

200 901 351 986 particule
382 921 475 984 qoam
507 901 539 963 et
582 897 736 962 sententie
764 897 896 965 ultorum
929 897 1128 978 comparendi
1160 918 1263 967 mern·

201 1009 291 1074 brum
323 995 531 1087 exprimatur,
567 1002 608 1068 sd
634 1021 703 1068 eam
728 1003 861 1068 sormam
889 1000 1053 1067 dicendum
1087 1005 1170 1069 eret:
1207 1004 1263 1069 tor

202 1112 311 1175 certine
331 1109 408 1171 nuit
429 1130 489 1171 esee
506 1117 612 1192 potest,
646 1128 739 1190 quam
773 1127 874 1170 omnes
906 1116 986 1170 artes
1012 1155 1021 1172 .
1044 1153 1053 1173 .
1076 1158 1083 1174 .
1103 1120 1265 1210 proestare,

200 1211 243 1284 ut
263 1217 319 1281 hoc
347 1215 449 1303 ipsum
471 1216 590 1279 centnm
620 1231 688 1281 esse
715 1212 956 1294 confirmaretur,
988 1232 1049 1283 non
1072 1215 1164 1298 (qnod
1196 1216 1265 1282 fieri

158 1395 162 1403 ,
200 1323 302 1401 debet)
323 1341 360 1389 ex
381 1338 416 1385 eo
438 1318 600 1384 duceretur
622 1314 837 1405 argumentum
858 1319 986 1395 certum.

301 1426 367 1492 loo.
402 1424 462 1493 252
494 1423 569 1508 qnid
592 1424 745 1489 sententie
765 1424 943 1507 requireret
977 1425 1080 1509 plures
1101 1423 1266 1499 ridernnt3

200 1532 387 1598 correctione
419 1531 468 1597 usi
497 1530 570 1596 sunt
595 1529 804 1611 improbabili;
837 1529 918 1613 quod
955 1529 1157 1609 desideretur,
1193 1531 1262 1598 effr-

127 1630 130 1637 ’
201 1637 298 1706 cietur
320 1636 380 1700 sic:
417 1635 594 1707 alterum¹
622 1652 741 1717 genus
765 1636 823 1698 est
856 1637 894 1696 io
920 1634 1157 1712 imitatione,
1189 1635 1262 1700 od-

200 1741 352 1817 modum
373 1739 602 1813 ridiculum,
625 1740 685 1806 cet.

284 1846 351 1916 Itd.
373 1843 650 1917 conscribendum
673 1845 734 1910 est:
768 1842 958 1912 Libenter
979 1845 1077 1909 enim
1092 1846 1153 1934 te,
1177 1865 1265 1932 σος,

201 1950 323 2024 nit-nm
351 1949 426 2023 iarn
454 1947 912 2031 artificem-eliquanto
945 1948 1144 2027 evolutum
1177 1952 1267 2031 illie¹

200 2053 494 2140 integumentis
520 2053 873 2125 dissimulationis
905 2055 982 2131 tuae
1068 2103 1075 2116 .
1098 2057 1274 2139 perspi,-

201 2161 285 2237 oio‚
307 2161 427 2239 subluto
449 2180 517 2244 poe
536 2160 608 2241 post
628 2158 852 2242 aliqnando.
896 2158 1061 2244 Cognitum
1082 2163 1176 2229 antea
1196 2151 1265 2228 An·

198 2266 318 2332 tontum
332 2263 470 2332 'Crassus
491 2282 572 2328 nnnc
596 2262 753 2328 evolutum
774 2264 930 2346 perspicit.

232 2377 234 2380 ’
299 2371 364 2437 Ibd.
390 2369 451 2437 357
483 2369 545 2435 res
680 2369 724 2435 ab
747 2372 941 2452 aspectus
965 2369 1263 2449 iudicioremo·

197 2478 257 2542 tos
291 2476 397 2542 Cicero
429 2473 607 2559 appellavit,
639 2493 715 2558 qnae
747 2477 891 2556 aspectus
923 2492 983 2552 non
1004 2475 1167 2554 indicaret,
1200 2495 1262 2553 nou

198 2581 320 2649 iudicio.

296 2688 332 2750 ln
366 2685 456 2757 Bruti
491 2685 512 2770 ξ
549 2685 611 2778 244
642 2684 713 2759 inde
749 2686 788 2750 ob
812 2685 927 2753 Orellio
964 2686 1009 2751 sic
1040 2687 1133 2752 verbe
1163 2689 1261 2754 inter-

197 2796 356 2879 pungunt:
392 2791 486 2857 Volo
510 2794 641 2860 nutem
662 2791 732 2864 hoc
751 2791 942 2883 perspici,
964 2791 1142 2857 omnibus
1165 2812 1262 2859 con-

196 2895 374 2989 quisitis,
407 2898 471 2987 qui
502 2895 544 2961 in
584 2896 844 2962 multitudine
876 2880 1014 2969 dicore*
1040 2896 1128 2964 ausi
1164 2898 1264 2977 sint²

194 3002 378 3075 memoris
407 3001 564 3086 quidem
596 3000 735 3085 dignos
765 3017 1002 3084 perpaucos„
1032 3019 1161 3069 uerum
1194 3005 1261 3088 qni

195 3105 348 3172 omnino
371 3124 503 3172 nomen
525 3107 749 3183 habuerint,
781 3124 852 3171 non
875 3106 931 3169 ito
950 3105 1094 3172 multos
1116 3107 1260 3187 fnisse,

193 3215 379 3277 utrorum
402 3231 458 3295 pro
480 3210 630 3276 edioctivo
653 3229 723 3275 cnm
750 3230 796 3288 oo,
827 3210 908 3294 quod
935 3212 984 3275 est
1005 3228 1154 3286 nomen,
1187 3232 1263 3278 con..

194 3316 348 3401 iungetur,
395 3317 535 3383 inaudito
577 3335 636 3381 non
674 3315 772 3380 solnm
806 3316 887 3398 opud
923 3314 1098 3381 Ciceronem
1136 3317 1192 3382 sed
1224 3319 1258 3382 in

192 3420 273 3507 bono
307 3439 399 3503 prose
435 3423 571 3487 oratione
602 3421 761 3486 verborum
794 3420 909 3495 ordine,
938 3440 996 3487 usu
1023 3421 1168 3504 loquendi
1199 3442 1260 3489 non

193 3528 277 3590 recto
314 3536 424 3609 (neque
458 3528 551 3603 enim,
588 3527 640 3610 qui
681 3524 790 3590 nor'non
826 3527 954 3600 meruit,
1000 3545 1108 3592 verum
1144 3547 1258 3595 nomen

192 3630 306 3708 hebere
328 3631 464 3711 elicitur),
484 3632 637 3699 sententie
654 3649 813 3714 perversa3
839 3633 940 3698 maius
962 3635 1009 3697 est
1032 3634 1114 3698 enim
1135 3652 1257 3700 memo·

192 3736 240 3815 rip
261 3737 389 3822 dignum
411 3754 487 3816 esse,
510 3756 571 3821 quo
601 3737 747 3821 perpauci
781 3738 956 3821 pervenisse
980 3738 1135 3817 dicpptur,
1167 3739 1259 3825 longe

191 3842 294 3916 mous
325 3843 451 3917 omuino
484 3861 597 3920 neuen
629 3842 743 3922 hebere
774 3844 806 3910 et
845 3842 1258 3926 pontentissime

191 3946 293 4028 ipsum
326 3967 387 4013 non
418 3947 464 4011 ito
498 3948 589 4012 multi
624 3948 780 4012 consecet
812 3949 894 4011 sunt.
952 3947 1156 4019 Scribendum
1188 3951 1258 4023 set:
