2656 5056
235 288 296 352 m
594 275 870 346 fflssmm

191 484 261 550 fieri
282 498 372 565 posse
395 477 480 556 dicit,
502 477 538 542 ut
559 473 667 540 eodem
693 473 835 557 exemplo
857 476 976 558 plures
993 475 1148 559 epistolas
1162 473 1263 550 mittat).

194 590 334 674 Apparet
355 585 531 652 Gioeronem
561 582 653 647 antea
683 580 831 658 voluisse,
862 583 1022 649 Atticum
1056 583 1098 649 sd
1126 601 1158 647 se
1178 581 1264 653 aenne

195 715 277 763 nuno
297 693 329 759 id
351 689 515 758 eonsilium
535 687 710 769 improbare
731 687 765 751 et
785 687 935 755 abiicere.
984 690 1038 755 Es
1065 690 1214 756 sententia
1230 688 1265 752 his

193 803 298 869 verbis
320 795 570 879 detepuerat:
600 791 730 861 &illest
761 794 860 871 tibi,
896 795 944 860 ut
978 796 1160 873 scribis,
1188 793 1263 878 signi

195 910 340 985 douram,
363 904 408 970 ut
429 904 475 967 ad
497 919 554 966 me
575 899 755 977 venires;
778 898 813 966 id
835 900 1060 980 amitternum
1093 900 1262 982 intelligo

197 1021 235 1081 te
260 1014 318 1080 eet.
360 1007 519 1075 Partioula
552 1006 719 1073 scilieet
749 1006 948 1073 secedendi
985 1007 1091 1075 habet
1120 1009 1194 1087 vim,
1219 1023 1262 1071 nou

196 1119 307 1185 iniuria
337 1113 478 1180 Atticum
499 1111 644 1192 seribere,
677 1114 767 1179 anto
795 1112 869 1179 ida
892 1111 1055 1180 Cicerone
1079 1114 1262 1199 significatur

191 1242 278 1298 esse;
316 1221 442 1286 alterius
477 1218 587 1284 erroris
619 1218 704 1302 origo
736 1219 809 1284 nata
842 1221 894 1284 est
928 1238 966 1283 ex
1005 1221 1120 1288 littera
1152 1222 1262 1286 altena

196 1326 336 1396 vocabuli
368 1325 532 1391 venires
563 1325 720 1408 geminata
751 1326 783 1389 et
815 1324 969 1407 proximis
1010 1326 1098 1392 male
1133 1325 1262 1391 dioneos

193 1436 245 1513 (si
266 1434 328 1498 do·
349 1451 402 1514 pro
424 1430 464 1497 id
486 1439 543 1510 o·).

299 1596 377 1663 lbid.
402 1596 452 1674 15,
476 1599 511 1658 4:
533 1592 668 1676 Neque
690 1592 769 1658 haeo
792 1609 835 1658 eo
858 1594 1021 1674 seribo,
1055 1597 1261 1680 quotenos

198 1722 280 1770 meo
303 1722 397 1770 nasu
423 1699 589 1765 marimo
617 1698 755 1764 dolore
782 1717 870 1765 esse
904 1699 1115 1767 affectum
1145 1701 1261 1770 seiano

194 1810 267 1876 ssd
295 1808 496 1891 proiecto,
526 1805 579 1885 si,
608 1806 798 1888 quantum
826 1825 884 1870 rue
916 1825 1032 1873 amas
1056 1812 1098 1874 et
1119 1805 1261 1877 amasti,

116 1903 118 1906 ’
198 1916 355 1980 tantum
377 1930 508 1978 amare
531 1911 701 1977 deberes
730 1930 772 1977 ae
802 1911 1042 1993 debuisses,
1069 1929 1262 1996 numquam

198 2038 310 2086 esses
332 2036 476 2103 passus
499 2036 571 2096 me,
594 2036 669 2101 quo
691 2018 734 2082 tu
754 2017 1010 2096 abundabas,
1044 2038 1168 2105 egere
1189 2036 1262 2085 oon·

199 2126 297 2193 silio
319 2128 376 2191 eet.
421 2123 563 2191 Ridicule
588 2126 781 2207 eomparatur
802 2122 901 2188 Attici
923 2141 1015 2189 amor
1040 2130 1075 2192 et
1098 2126 1220 2203 amoris,
1238 2127 1262 2187 ul

198 2232 245 2298 ite
265 2231 377 2306 diuam,
399 2229 515 2296 debitio
538 2231 584 2306 (si
610 2230 769 2295 tantum
797 2247 854 2293 me
881 2248 1019 2296 amare
1044 2233 1261 2304 debuisses,

192 2337 390 2420 ¹<ruentum
412 2336 581 2416 ernasti),
601 2337 791 2421 ridiculeque
813 2335 1021 2415 concluditur,
1049 2339 1202 2417 Atticum,
1218 2356 1262 2402 noa

197 2444 224 2509 si
256 2445 403 2521 amasset,
436 2442 490 2508 sed
522 2443 549 2512 si
582 2461 684 2510 amus
714 2442 882 2521 debuisset,
904 2442 1021 2509 melius
1046 2444 1190 2512 Oioeroni
1206 2461 1262 2527 pro

197 2550 374 2632 specterum
403 2547 507 2614 fuisse.
551 2548 728 2633 Comparari
758 2549 819 2626 (vel
852 2547 898 2613 sie
930 2548 1010 2614 satis
1048 2552 1215 2618 artificiose
1239 2563 1262 2612 er

191 2658 347 2734 bonorto)
369 2655 466 2720 Attici
488 2672 624 2721 amorem
640 2657 672 2721 et
687 2657 752 2721 eins
765 2673 820 2737 pro
835 2653 956 2719 meritis
972 2655 1139 2723 Ciceronis
1154 2654 1262 2724 amandi

197 2764 263 2829 eius
285 2762 420 2830 officium
445 2762 485 2840 et,
508 2761 544 2826 ut
565 2761 610 2826 ita
632 2762 741 2840 diuam,
766 2760 996 2846 obligationem,
1013 2768 1151 2845 apparet
1172 2783 1206 2828 er
1224 2761 1261 2836 iis,

192 2888 265 2953 quaa
287 2866 506 2934 subiiciuntur:
532 2867 635 2949 qnod
657 2873 743 2934 erat
764 2867 1098 2951 amoris-qnod
1115 2869 1261 2936 meritis
1315 2933 1316 2965 ,

196 2976 296 3041 meis
323 2971 549 3057 perfeetum
578 2974 768 3057 oportuit.
818 2973 930 3039 Omnia
953 2974 1058 3058 igitur
1080 2980 1167 3043 reeta
1187 2975 1262 3040 erunt

190 3081 310 3147 omisso
333 3097 479 3158 amare,
512 3079 593 3162 qood
621 3080 761 3147 additum
785 3081 842 3156 est,
862 3098 932 3144 eum
957 3098 1020 3145 non
1044 3082 1261 3148 animadverto·

196 3189 288 3263 retur,
313 3185 614 3252 debereabsolute
630 3185 708 3251 diei:
731 3184 781 3263 si,
804 3187 999 3267 quantum
1022 3206 1085 3251 me
1108 3206 1213 3254 arnas
1231 3185 1262 3249 et

195 3295 359 3371 amasti,
392 3294 548 3358 tantum
582 3292 750 3358 deberes
784 3310 826 3357 ae
859 3289 1082 3358 debuisses
1108 3290 1260 3377 (wenedos

194 3400 257 3464 mir
277 3398 373 3464 seoiel
390 3397 541 3482 scheidio,
563 3419 598 3464 so
619 3397 806 3479 oerptliobtet
824 3418 962 3483 yeroeoen
985 3403 1132 3484 aerest).

296 3564 373 3632 ibid.
395 3565 416 3651 ξ
439 3566 472 3630 5:
507 3565 611 3641 Quod
634 3567 673 3631 te
704 3584 788 3631 enm
817 3564 1015 3631 Culleone
1042 3566 1199 3633 scribis
1224 3563 1260 3628 ds

194 3669 415 3757 privilegio
437 3671 634 3752 locutum,
658 3673 721 3737 est
742 3669 916 3756 aliquid,
947 3670 1018 3735 sed
1050 3674 1182 3740 multe
1207 3671 1260 3737 est

194 3777 342 3842 melius
373 3778 580 3861 abrogari;
613 3777 647 3844 si
675 3778 779 3844 enim
801 3795 912 3843 nemo
934 3777 1155 3859 impediet,
1177 3776 1258 3863 quid

193 3885 255 3947 est
276 3883 463 3948 firmius?
487 3882 556 3949 Sin
581 3884 679 3961 erit,
701 3885 767 3968 qui
789 3883 890 3959 ferri
912 3902 988 3949 non
1012 3886 1145 3963 sinat,
1168 3885 1258 3951 iden

192 3991 358 4054 senatus
380 3989 567 4055 consulto
589 3989 830 4058 intercedet
866 3989 927 4057 Ubi
951 3990 1056 4058 editur
1072 3993 1259 4075 pemmapla

191 4089 449 4178 interrogatione:
479 4097 573 4180 qnid
603 4100 664 4163 est
692 4096 871 4177 firmius,
902 4098 935 4162 in
958 4097 992 4162 M
1022 4100 1187 4167 scribitur:
1208 4095 1258 4164 sio
