2626 5070
276 294 339 358 350
636 291 900 363 ussurus-un

235 491 437 567 herensis)
480 492 511 555 iu
554 492 584 553 A
620 491 803 555 scribuntur.
858 491 998 573 Apparet
1034 493 1181 556 nominari
1211 491 1263 554 lore

236 613 354 672 euusas,
389 615 456 679 quae
487 598 630 683 spiritum
662 596 743 659 male
774 597 942 660 hereum
966 598 1133 675 excutiant,
1164 615 1212 661 nee
1231 596 1263 658 aut

234 700 448 782 improvisu
480 705 536 765 aut
577 700 700 765 auditus
740 719 812 766 eum
847 718 919 765 sonu
951 702 1128 767 ooniunetio
1167 697 1264 766 dubitari

235 806 319 879 sinit,
343 807 426 889 quin,
449 812 483 870 nt
504 808 634 889 priorem
656 795 780 870 oausam
804 806 959 888 paulisper
980 825 1174 888 seponamus,
1199 806 1264 870 alten

235 911 284 975 his
306 913 405 977 verbis
427 912 601 995 significata
622 912 731 976 fuerit:
768 933 873 995 quem
988 914 1264 975 salandriam

238 1015 447 1097 improvisu
469 1037 586 1082 sonus
608 1017 765 1082 auribus
786 1017 916 1102 gnaris
932 1018 1127 1100 ereutit.¹)
1149 1017 1264 1096 Qunutu

234 1123 334 1187 altera
357 1141 458 1194 eausa
480 1143 547 1206 qum
569 1142 628 1187 uon
650 1124 745 1187 animi
765 1124 894 1188 affectus
921 1136 1052 1205 «paror
1073 1124 1155 1187 enim
1176 1121 1264 1204 lipsien

235 1233 268 1293 et
289 1228 460 1295 Gronovius
493 1213 692 1312 scripserunt)
726 1248 794 1294 esse
815 1232 924 1312 potest„
958 1229 1022 1302 sed,
1050 1231 1086 1292 ut
1107 1248 1210 1301 sonus,
1236 1244 1264 1289 re

233 1335 339 1399 sensui
370 1335 558 1399 extrinsecus
593 1335 724 1411 obieeta,
761 1354 822 1417 qna
851 1334 974 1398 animus
1002 1335 1105 1399 subito
1139 1337 1264 1399 moretur:

234 1458 302 1503 eam
326 1459 415 1522 porro
437 1458 503 1504 rem
526 1439 564 1503 ad
586 1440 688 1504 oeulos
709 1440 863 1521 pertinere
893 1440 1050 1523 probabile
1071 1441 1130 1512 est,
1151 1446 1184 1504 ut
1203 1453 1264 1504 sonu

234 1545 272 1608 ad
296 1564 386 1610 aures
408 1545 549 1629 pertinet,
581 1549 700 1610 eertum
714 1548 837 1628 autem,
866 1536 1072 1628 signifieatam
1098 1564 1166 1611 esse
1194 1539 1265 1609 neutr'

233 1651 353 1735 generis
391 1651 514 1717 nomine
540 1656 689 1733 (perum
726 1650 996 1732 repentinum).
1043 1651 1123 1716 Puto
1157 1652 1265 1716 sutase:

234 1777 337 1839 quem
362 1766 564 1839 pernarum
585 1758 827 1839 repentinum
859 1762 926 1820 aut
957 1754 1038 1818 aud.
1069 1776 1111 1821 ex
1138 1757 1265 1839 impes

233 1879 260 1924 a.
282 1880 312 1943 g.
335 1863 490 1926 excutit.
537 1863 583 1926 Ea
603 1864 671 1927 erat
692 1861 845 1938 maehina,
867 1879 934 1943 quau
956 1860 1057 1925 subito
1079 1880 1235 1946 exsurgens
1250 1859 1265 1919 et

235 1965 356 2030 sublata
379 1966 515 2033 homiues
548 1968 724 2033 ostentabat
758 1966 929 2049 periculosa
959 1967 1026 2030 arte
1063 1985 1098 2031 se
1130 1968 1265 2032 mouentes

233 2075 305 2154 apte
327 2074 365 2137 ad
388 2075 592 2155 speetatorem
616 2090 652 2137 er
675 2072 830 2155 inopinate
851 2071 1095 2156 percutiendum.
1152 2070 1265 2137 Nouduu

232 2195 249 2242 e
286 2179 420 2261 seopulis
452 2179 629 2254 enarimns3
670 2180 863 2244 continuatur
900 2179 983 2243 enirn
1019 2178 1129 2243 eadem
1164 2171 1265 2258 eorpori

235 2282 360 2347 humani
393 2284 574 2365 descriptio:
613 2284 685 2348 soli
720 2302 869 2366 semper
904 2284 983 2349 sibi
1018 2284 1265 2349 nutrimeutnn

232 2390 422 2456 vitiosum
448 2394 485 2452 et
515 2390 674 2466 inutile,
707 2409 774 2472 quae
806 2390 898 2454 rerba
918 2391 1000 2456 ultra
1023 2390 1151 2455 modum
1171 2382 1266 2455 ridieul

233 2498 316 2569 eunt,
339 2497 405 2560 sire
427 2494 483 2558 huc
515 2494 698 2576 significant
731 2495 829 2559 solum
863 2494 1017 2559 homiuem
1050 2495 1187 2561 humana
1206 2510 1266 2559 earu

233 2603 324 2674 rosei,
362 2602 434 2674 sire,
471 2599 530 2663 soli
559 2598 673 2664 homini
709 2601 875 2665 humanam
912 2619 1035 2666 earnem
1080 2601 1223 2666 vitiosum
1260 2616 1266 2660 ι

234 2706 343 2771 inutile
365 2706 588 2771 nutrimentum
611 2724 689 2779 esse,
711 2706 821 2771 ueteris
842 2706 919 2771 utile
940 2709 972 2770 et
992 2706 1120 2770 bonum.
1170 2705 1266 2783 (Vitio

233 2812 264 2875 iu
286 2812 343 2876 hae
374 2812 565 2876 enarratione
598 2811 657 2876 dini
689 2812 767 2877 sibi
803 2811 988 2877 vitiosum
1019 2798 1154 2886 omitto.)
1197 2810 1266 2875 Mau

232 2917 343 2982 festum
378 2919 442 2992 est,
474 2936 530 3000 per
560 2937 593 2982 se
626 2918 686 2983 diei
721 2918 1003 2983 nutrimentum
1040 2919 1227 2983 ritiusum
1260 2935 1266 2979 ι

231 3023 379 3089 inutile
413 3030 497 3103 (nam
527 3029 697 3089 ceterorum
731 3023 910 3088 animalium
944 3041 1069 3105 corpora
1101 3022 1212 3088 saltem
1244 3040 1266 3086 er

234 3130 323 3197 utilia
356 3142 455 3210 esse),
492 3135 565 3196 ante
604 3130 882 3194 nutrimentum
922 3127 1071 3193 ereidisse
1106 3128 1266 3195 voeabulnr

234 3255 305 3302 eum
328 3238 403 3302 soli
425 3237 506 3303 sibi
529 3236 677 3301 eiusmodi
699 3236 884 3301 senteutiam
907 3225 1054 3317 efficiens,
1086 3254 1106 3298 a
1127 3254 1188 3317 qua
1210 3236 1266 3299 iaci

232 3341 272 3406 ad
312 3342 399 3407 illam
436 3343 474 3408 de
510 3343 751 3406 nutrimento
786 3343 969 3405 transeatur.
1022 3340 1058 3405 id
1093 3342 1162 3405 erat
1193 3341 1266 3405 huin

285 3582 430 3591 -—.—.„

262 3729 282 3797 ¹)
302 3729 420 3786 Eandem
440 3728 657 3785 emendationem
681 3725 795 3779 Haasius
818 3723 883 3778 feeit
901 3740 963 3779 aun.
981 3725 1041 3779 erit.
1059 3744 1087 3796 p.
1106 3728 1124 3780 8
1143 3723 1229 3794 (prasi.
1248 3740 1266 3775 r

302 3821 343 3876 111
372 3838 396 3892 p.
424 3820 537 3885 mvi,
568 3820 621 3874 nisi
645 3818 717 3889 quod
746 3821 804 3872 aut
828 3820 891 3871 aute
919 3815 1061 3871 auditus
1088 3815 1220 3871 excidisse
1246 3833 1266 3871 n

303 3912 382 3968 vidit.
420 3914 478 3983 Ego
496 3930 539 3967 me
558 3916 637 3967 antea
661 3915 757 3979 sponte
779 3911 808 3964 iu
833 3925 892 3964 eam
916 3908 1056 3973 inuidisse,
1087 3908 1266 3964 oonfirmatior

303 4019 385 4059 canu
407 4003 474 4069 diro,
493 4004 564 4075 qnod
585 4004 719 4075 Hauptins
744 4002 770 4070 (Ι
787 4019 814 4072 p.
833 4006 860 4064 ui
879 4001 949 4056 hune
967 4003 1057 4058 loeum
1075 4002 1165 4055 minua
1185 4001 1266 4057 ialieit

301 4098 434 4152 traebrit.
