2654 5010
258 298 320 360 m
621 292 893 363 mem

218 496 367 578 batque
382 509 456 577 spes
470 489 740 573 cupiditatem
757 492 816 555 cet.
838 489 1071 575 Paulopost(§
1086 492 1257 567 l)neoessarir

219 599 432 668 scribendum:
466 595 756 661 advertendum
788 601 851 661 est
885 597 1091 673 breviter,
1114 597 1261 662 nodosi·

220 706 352 791 pienti
374 704 458 770 viro
479 702 553 767 hoc
574 719 728 784 qnoque
755 701 947 767 accidere
971 703 1121 786 potnerit
1140 711 1198 786 (pro
1218 724 1264 787 po·
1312 706 1313 709 ’

221 813 335 888 terit)
368 809 564 874 doctrina
592 826 715 892 genus
742 807 846 872 hand
879 808 983 873 leve.
1042 808 1194 894 Nusquam
1213 812 1266 874 tn·

223 919 345 986 mianus
367 917 398 980 iu
418 915 476 979 tali
498 915 653 980 sententia
680 913 882 978 indicativum
911 912 1042 996 posuit;
1074 913 1102 978 si
1126 915 1269 999 generalem

222 1022 411 1091 seutentiam
431 1040 498 1087 esse
513 1021 671 1098 voluisset,
693 1019 867 1100 scripsisset
887 1020 1041 1101 possit.
1074 1021 1154 1086 Tum
1167 1026 1184 1106 ξ
1197 1022 1222 1100 8,
1235 1022 1271 1086 uli
1306 1094 1307 1098 Ἰ

224 1132 256 1196 in
272 1129 430 1195 codicibus
448 1128 481 1192 et
501 1127 687 1192 editionibus
709 1125 872 1191 scribitur:
897 1127 1202 1193 Elementorum
1215 1147 1273 1194 on·

224 1237 332 1303 nium
360 1234 536 1316 spiritus
559 1281 567 1296 .
590 1279 598 1295 .
621 1279 629 1295 .
653 1279 659 1294 .
682 1231 824 1309 erbis,
848 1251 933 1314 quae
962 1251 1033 1314 per
1056 1232 1274 1316 disciplinas

225 1342 359 1409 varias
378 1340 638 1416 affectamus,
654 1337 878 1421 participat
899 1340 1121 1406 nobiscnm
1144 1359 1276 1405 munera

225 1446 456 1524 divinandi,
473 1447 537 1511 sine
552 1443 643 1509 dubio
658 1440 850 1509 scribendum
867 1445 932 1507 est:
956 1463 1000 1509 er
1017 1445 1134 1529 signis,
1148 1466 1222 1530 que
1234 1449 1275 1511 oet.

227 1555 388 1621 Postremo
410 1553 430 1636 ᾗ
455 1552 494 1614 12
517 1551 609 1616 verba
630 1549 676 1640 sic
696 1548 857 1614 scribenda
879 1551 913 1614 et
936 1552 1189 1635 interpungendi
1206 1556 1275 1617 sunt:

228 1660 481 1727 Somniorum
514 1659 644 1722 autem
679 1657 766 1719 rata
798 1652 905 1720 lides
935 1661 978 1722 et
1000 1657 1276 1724 indubitabilis
1312 1691 1313 1697 ι

230 1768 352 1844 foret,
384 1767 422 1830 ui
457 1764 756 1829 ratiocinantes
786 1762 1031 1827 coniectura
1054 1764 1278 1830 fallerentur

227 1870 446 1947 interdum,
483 1887 572 1955 qna,
612 1869 655 1933 ut
687 1865 938 1948 Aristoteles
977 1869 1184 1949 affirmat,
1216 1873 1277 1934 tun

228 1977 310 2041 lixa
332 1976 425 2040 sunt
447 1977 486 2040 et
506 1973 678 2040 stabilia
699 1975 756 2037 cet.
800 1971 888 2052 Quod
910 1974 941 2036 in
966 1975 1133 2042 codicibus
1155 1996 1221 2060 que
1238 1993 1277 2058 pro

227 2101 309 2165 qnae
332 2082 482 2162 scriptum
503 2085 560 2156 est,
582 2082 613 2145 in
636 2078 821 2144 editionibus
843 2081 1004 2146 sententia
1026 2084 1075 2149 sic
1102 2082 1277 2165 depravatu:

230 2225 268 2237 -
292 2185 539 2253 fallerentur
561 2183 843 2270 interdumque
864 2189 923 2250 cet
1317 2188 1318 2191 ’

332 2291 408 2358 lbid.
433 2293 462 2368 6,
488 2295 520 2357 l:
546 2290 758 2375 Replicare
781 2309 881 2356 nuuc
902 2294 1103 2359 convenit
1125 2300 1279 2379 tempore

229 2401 270 2466 et
307 2417 471 2464 narrare
509 2397 747 2475 summatim,
788 2416 889 2480 quae,
933 2396 1024 2463 dum
1053 2408 1225 2486 aguntur
1252 2401 1278 2465 in

232 2504 385 2573 Galliis
422 2506 515 2569 ante
551 2503 677 2580 dicta,
714 2502 985 2569 Constantius
1122 2507 1279 2590 perfecit

232 2614 340 2697 Neque
353 2616 532 2691 tempore
547 2608 746 2691 replicare
757 2607 926 2692 quidquam
937 2609 1280 2698 significatneque,qnod

231 2736 328 2802 nuper
348 2716 553 2783 substitutum
575 2719 633 2793 est,
654 2715 836 2797 tempori.
860 2713 1085 2783 Scribendum:
1102 2720 1280 2802 Replicare

231 2843 333 2890 nnnc
365 2822 556 2889 convenit
588 2823 735 2906 tempora
762 2823 830 2897 cet..
861 2823 918 2886 boc
946 2824 1008 2900 eet,
1031 2825 1190 2891 revolvere
1208 2831 1235 2890 et
1253 2824 1281 2889 ad

230 2928 388 3013 superiora
410 2927 519 2993 redire.

334 3033 412 3100 lbid.
437 3033 485 3112 16,
515 3033 549 3096 6:
584 3031 791 3115 impendio
820 3036 956 3099 custus
979 3033 1197 3111 (Constantius
1216 3033 1281 3109 luit).

233 3145 274 3207 ut
304 3159 374 3207 neo
403 3158 508 3205 mare
535 3139 725 3204 ministro
753 3138 896 3205 saltem
922 3142 1165 3223 suspicione
1186 3148 1282 3207 tenni

232 3248 373 3330 posset
414 3244 606 3330 redargui
649 3250 707 3310 cet
775 3243 835 3309 Pro
870 3263 976 3310 mare
1014 3266 1116 3330 nuper
1150 3248 1282 3331 Hauptins

231 3372 365 3420 amaro
387 3352 560 3430 substituit,
584 3351 615 3416 in
638 3370 697 3435 quo
720 3350 812 3415 miror
833 3350 893 3415 viri
907 3352 1028 3435 egregii
1043 3354 1208 3430 iudicinm3
1228 3371 1282 3418 nau

234 3479 345 3544 neque,
378 3477 534 3525 amarus
557 3458 744 3523 minister
765 3456 838 3540 quid
860 3455 911 3528 sit.
941 3454 1097 3542 intelligo,
1129 3479 1221 3544 neque
1242 3460 1284 3522 ant

232 3566 359 3630 dativus
374 3568 428 3631 aut
443 3563 595 3629 ablativus
610 3566 681 3645 apte
696 3563 825 3627 orationi
839 3564 1067 3631 accommodari
1079 3572 1189 3650 potest
1219 3564 1285 3631 Scri·

232 3671 368 3737 bendum
380 3672 446 3738 sine
462 3670 572 3736 dubio:
594 3674 636 3735 ut
657 3687 726 3734 neo
747 3686 877 3736 rumore
899 3669 1164 3738 ministrocet
1194 3671 1285 3737 Neru-

231 3797 317 3843 more
340 3777 464 3861 quidem
488 3775 628 3842 adhibito
651 3774 683 3839 et
704 3773 834 3839 crimina
854 3775 1116 3844 subministrante
1132 3779 1285 3863 suspicione

232 3883 322 3946 tenus
345 3883 486 3966 redargui
509 3880 710 3949 Constantius
731 3881 861 3963 poterat.

334 3999 410 4065 lbid.
438 4000 456 4082 ξ
480 4001 535 4064 19:
573 4000 721 4084 Figura
742 3999 821 4064 teli
844 3999 1014 4083 situque
1039 4003 1285 4069 membrorum

229 4104 442 4177 (Constantius
472 4106 560 4179 tuiti:
602 4106 812 4190 subniger,
843 4105 930 4172 luce
961 4110 1171 4175 oculorum
1193 4107 1287 4174 edita
