2580 5054
293 296 333 358 28
666 290 728 345 Lm.
746 290 768 344 L
788 293 853 359 Cup.
872 289 911 343 11.

253 491 434 559 Necessario
455 492 510 557 eut
530 492 632 572 ipsnm
654 505 766 554 nomen
788 487 870 571 regis
891 486 1072 570 ponendum
1101 486 1171 559 erni
1191 504 1219 549 uu

252 599 341 665 finite
356 597 520 664 dicendum
533 599 693 684 βασιλέος
706 586 812 667 τινός.
839 592 901 658 Sed
915 595 1113 659 accusativus
1128 598 1219 658 enom

252 705 339 770 nullo
361 705 500 786 exemplo
521 704 566 769 sio
593 702 719 785 ponitur
740 720 811 766 cnm
838 701 981 785 genetivo
1003 693 1132 782 (ὄνομά
1153 697 1205 783 μοι’

256 811 455 895 ἐπωνυμίην
486 804 588 883 τινός,
620 808 680 874 etei
711 813 794 873 recte
827 806 1031 889 ἐπωνυμίην
1064 806 1219 871 reddituro

256 921 359 983 mento
380 919 463 1001 ipsi).
514 916 645 982 Videtur
672 913 848 980 Herodotus
875 913 1055 995 scripsisse:
1085 908 1219 978 circesi

256 1023 449 1097 Σκολότους
469 1021 615 1106 (ναυσὶ
640 1023 674 1087 Σ
678 1015 904 1103 noiomo>
932 1021 1098 1104 βασιλέος
1120 1025 1219 1084 duero

257 1131 375 1195 librarii
391 1131 496 1195 oculus
513 1132 544 1194 in
558 1129 671 1194 litteris
686 1127 852 1212 geminatis
866 1129 1035 1192 uberrusse.
1060 1126 1115 1192 Sic
1128 1127 1219 1190 enim*

255 1234 383 1299 dicitnr:
419 1229 490 1301 κατ’
512 1239 712 1319 ἐπωνυμίην
744 1231 838 1308 τινος
869 1227 1114 1317 ὀνομάζεσθαί
1136 1259 1178 1297 τι.
1217 1254 1219 1290 r

255 1345 346 1409 aliter
368 1342 551 1426 liudgerus.)

358 1459 436 1525 Ibid.
461 1461 500 1522 11
523 1460 575 1539 (de
598 1459 737 1525 dissensu
761 1459 1003 1530 cimmeriorum,
1038 1459 1147 1522 utrum
1180 1475 1219 1521 err

258 1571 364 1632 contra
386 1565 519 1650 Scythas
541 1566 742 1631 defenderent
763 1566 894 1639 necne):'
925 1561 991 1647 τήν
1019 1569 1088 1646 μὲν
1118 1560 1219 1649 pcipi

260 1664 371 1756 δήμου
405 1678 518 1756 φέρειν
550 1667 692 1759 γνώμην
725 1666 770 1745 or‘r
802 1664 1089 1736 διιολλιίσσεσθαι
1116 1673 1219 1756 πρῆγι

257 1780 345 1863 μηδὲ
382 1761 448 1864 repro*
487 1782 616 1845 πολλου
651 1776 796 1865 δεόμενα
830 1768 1060 1853 κινδυνεύειν,
1099 1773 1166 1862 τήν
1199 1778 1219 1842 δ

257 1887 427 1969 βασιλέων
450 1883 680 1973 διαμάχεσθαι
705 1913 777 1952 m.
792 1889 821 1950 λ.
856 1887 905 1950 Sic
927 1883 1051 1949 codices
1073 1885 1137 1949 fide
1160 1886 1219 1968 dig!

258 1990 340 2074 qnod
373 1992 405 2056 in
438 1994 628 2078 Angeliceno
661 2013 713 2078 pro
747 1983 891 2077 δεόμενα
931 1989 1033 2072 prime
1066 2011 1182 2055 munus
1212 2011 1219 2054 r

259 2089 438 2185 γινόμενα.
491 2100 528 2164 In
556 2120 629 2166 rora
661 2103 812 2184 scripture
832 2095 1018 2181 exquirenda
1041 2097 1198 2180 proficisci
1218 2128 1219 2150 n

260 2198 460 2289 εδεόμενα,
483 2226 575 2290 quem
597 2207 750 2290 participii
773 2203 1026 2270 terminationem
1049 2223 1147 2270 nemo
1170 2205 1219 2270 hic

261 2312 418 2394 positurus
451 2316 518 2379 eret
549 2314 609 2379 nisi
643 2334 662 2378 e
691 2312 894 2395 superioribus
926 2312 1101 2393 acceptum
1126 2311 1219 2377 adid

261 2420 377 2502 cipium
398 2423 469 2502 epte
492 2420 740 2485 accommodetur
764 2419 911 2493 πολλοὺς
935 2417 1125 2498 relinquitur
1142 2418 1219 2501 prim

261 2543 322 2589 unu
355 2525 461 2590 littore
492 2527 599 2590 additu
630 2525 782 2592 efficietur
813 2523 987 2608 prepositis
1013 2521 1056 2586 ed
1080 2521 1219 2609 διάμενε

262 2624 382 2714 πρός,
404 2632 526 2709 deinde,
559 2633 704 2716 quonium
731 2632 803 2715 post
824 2632 953 2697 πολλοι]
976 2623 1126 2714 δεόμενα
1152 2635 1219 2697 sent

261 2757 321 2804 non
338 2739 450 2820 explet,
463 2739 677 2822 reperiendum
692 2741 741 2804 est
755 2737 991 2810 substantivum,
1007 2737 1093 2818 quod
1108 2737 1219 2803 interr

261 2847 293 2909 et
315 2839 462 2929 deripere
485 2845 693 2919 interciderit;
716 2843 867 2927 quaerenti
883 2846 985 2909 antem
1002 2843 1187 2924 proximum
1203 2865 1218 2910 s

261 2946 416 3029 πόνου,
439 2955 474 3016 ut
496 2950 648 3017 efficietur
678 2948 765 3035 sopor
794 2953 924 3016 πολλοι]
948 2943 1062 3014 πόνου
1087 2945 1219 3033 δεόμεν

262 3054 430 3133 decedere,
462 3057 633 3139 periclitari
667 3059 813 3124 adversus
844 3076 892 3123 res
922 3075 1067 3138 magnam
1100 3058 1219 3123 molest

262 3163 481 3230 difficultatem
504 3164 662 3229 habentes·
705 3165 774 3230 Non
797 3182 852 3246 pro
878 3166 962 3229 certe
982 3162 1062 3227 hunc
1085 3164 1219 3268 emendo

261 3269 398 3345 vendito,
431 3269 485 3335 sed
518 3289 621 3335 verum
655 3271 786 3334 formem
819 3270 966 3335 orationis
989 3287 1040 3334 me
1068 3269 1219 3354 attigisse

260 3370 363 3458 (πρός
384 3377 514 3442 πολλου
538 3377 633 3450 δέους
653 3377 879 3462 γιμονιιιΡ)*)

314 3562 341 3632 *)
359 3563 391 3618 In
416 3562 518 3617 talibus
544 3561 614 3617 locis
643 3570 671 3618 et
696 3563 833 3619 interdum
862 3568 954 3618 tecerc
978 3566 1094 3630 praestut
1120 3567 1150 3616 et
1170 3579 1219 3618 con

361 3656 500 3710 aberranti
518 3657 597 3710 venia
614 3663 714 3726 purete
732 3672 793 3711 csse
812 3656 906 3723 debet3
925 3654 973 3709 sed
991 3654 1128 3709 eiusmodi
1149 3673 1218 3711 mon

361 3750 484 3818 cogitari,
504 3756 534 3802 ut
552 3766 584 3802 ex
602 3753 707 3803 πολλοῦ
724 3748 775 3803 fiat
793 3753 901 3803 σποδοῦ
920 3758 948 3803 et
966 3746 1020 3813 πρὸ
1040 3754 1155 3803 σποδοῦ
1166 3772 1219 3802 xor«

361 3824 512 3910 accipietur
531 3841 564 3896 dc
584 3842 636 3896 soli
652 3842 752 3911 patries
771 3841 930 3896 defensione
957 3840 1046 3907 (qnosi
1074 3840 1156 3896 dices
1185 3860 1219 3911 pr

360 3949 441 3988 vere
466 3936 613 4002 certare)
641 3939 668 3988 et
691 3935 788 3989 deinde
815 3935 859 3989 his
886 3936 1077 4002 interponetur
1102 3950 1137 3987 ex
1161 3936 1219 3990 inte

360 4024 499 4081 codicibus
527 4025 672 4093 δεόμενον,
706 4043 797 4095 neque
823 4034 962 4091 structure
989 4042 1080 4094 neque
1108 4035 1219 4084 sentent

360 4117 475 4185 reliquis
493 4119 552 4174 ullu
570 4135 601 4174 er
619 4126 698 4189 perte
717 4121 900 4188 coniunctum,
920 4119 947 4173 id
966 4135 1032 4173 vero
1051 4135 1108 4173 non
1129 4120 1219 4177 feren«
