2626 5070
515 728 635 784 Velleius
653 728 755 783 Patere.
1061 731 1122 794 307

111 923 186 992 licit
228 930 261 992 et
304 929 489 1011 expugnavit
531 928 652 1006 odium,
706 946 765 1012 quo
811 926 915 993 Sosius
961 923 1166 1011 premebatur,

33 1084 34 1087 ,
105 1033 274 1099 clementie.
289 1035 313 1111 ¹)
360 1033 569 1111 (Sententiam
591 1036 741 1119 attigerat
762 1032 913 1110 Cludius.)

197 1139 246 1203 De
267 1158 294 1204 c.
318 1139 370 1214 88,
392 1139 412 1201 2
434 1140 495 1206 dixi
516 1142 574 1206 vol.
597 1142 611 1204 l
633 1160 662 1223 p.
686 1139 736 1205 35.
758 1138 875 1204 Eodem
897 1141 997 1221 capite
1019 1142 1166 1218 extremo,

38 1261 39 1264 ’
103 1244 243 1325 quonism
273 1244 306 1308 iu
327 1245 428 1309 codice
450 1248 597 1329 scriptum
620 1248 664 1311 sie
685 1248 751 1310 erat
773 1244 810 1308 de
832 1242 990 1310 Servilint·
1012 1266 1167 1328 praema-

105 1351 226 1413 turam
253 1353 413 1416 mortem
435 1352 696 1416 immortalem
712 1348 877 1414 nominis
901 1350 959 1413 sui
981 1352 1167 1431 pensavit

105 1455 338 1529 memoriam,
383 1449 467 1522 recte
505 1457 650 1522 Burerius
687 1456 839 1521 intellexit
869 1454 1065 1520 scribendum
1100 1475 1167 1522 esse

105 1562 340 1640 praemature
367 1565 488 1627 morte
520 1568 569 1641 (er
598 1581 657 1646 quo
679 1565 786 1627 natum
818 1564 866 1626 est
898 1561 1167 1643 praematuram

104 1669 240 1743 morte,
264 1665 373 1732 deiude
397 1670 580 1746 mortem),
603 1668 683 1752 quod
695 1667 788 1733 ceteri
799 1666 1010 1749 neglexerunt,
1028 1664 1167 1731 Kritzius

105 1788 205 1851 pamm
230 1773 321 1836 acute
343 1773 546 1856 reprehendit.
579 1775 605 1838 Ε
627 1794 692 1857 cap.
718 1774 796 1848 115,
816 1772 847 1849 4,
865 1789 954 1854 quern
976 1770 1079 1835 locum
1102 1771 1168 1853 ipse

105 1874 183 1952 citat,
206 1876 286 1941 sutis
307 1876 501 1962 intelligitur,
535 1879 686 1946 Velleinm
704 1897 836 1963 pensare
860 1875 998 1958 posuisse
1021 1896 1090 1941 cunr
1113 1896 1168 1941 ac·

1 1990 3 2076 {
106 1980 239 2046 emutivo
261 1982 384 2058 bonum,
407 1984 488 2068 quod
508 1986 575 2068 quis
598 1985 740 2068 consequi
763 1982 867 2056 vellet,
887 1981 1091 2064 significante,
1113 1983 1169 2047 ab·

107 2083 193 2151 advo
216 2086 460 2168 incommodum,
482 2090 560 2172 quod
582 2110 636 2173 pro
659 2090 756 2173 pretio
779 2089 870 2162 esset,
893 2089 1029 2153 notante.
1077 2087 1168 2152 Com·

110 2191 229 2256 nodum
256 2213 388 2276 pensare
423 2215 492 2256 cnm
526 2196 719 2262 incommodo
748 2195 889 2260 dixerunt
921 2184 1048 2258 Ovidius
1083 2195 1168 2268 (met.

110 2289 186 2373 llll,
200 2297 278 2360 192:
301 2297 452 2364 laudem
474 2303 515 2365 ut
530 2320 610 2366 cum
632 2302 820 2385 sauguine
841 2299 988 2383 penset)
1009 2300 1040 2361 et
1052 2297 1170 2362 Seneca

111 2397 155 2476 loe
174 2402 231 2466 vie
255 2403 335 2468 sear.
358 2405 387 2480 4,
410 2406 453 2484 4),
476 2407 582 2473 cucero
605 2426 797 2492 compensare
823 2404 886 2481 (nn.
909 2404 951 2477 11,
973 2402 1023 2479 ec,
1046 2402 1084 2480 v,
1107 2402 1169 2480 ss).

113 2502 186 2588 (Cap.
209 2506 263 2587 87,
286 2508 305 2570 3
327 2511 565 2594 professioni
588 2513 635 2590 ei,
659 2532 729 2595 qua
750 2509 896 2593 praecepit
918 2508 1068 2583 Cludius.)

1 2615 17 2632 ¹·
200 2612 269 2677 lbd.
301 2615 352 2693 89,
395 2618 430 2681 5:
475 2617 708 2685 Consulatus
745 2614 1014 2681 tantummodo
1053 2631 1170 2695 usqne

115 2715 151 2780 cd
183 2718 450 2800 undecimum,
489 2743 597 2806 quern
633 2725 882 2789 continuaret
914 2720 1052 2793 Caesar,
1088 2737 1169 2782 curn

1 2884 20 2921 ς
115 2835 200 2906 repe
235 2825 423 2893 obnitens
460 2833 730 2914 repugnasset,
776 2825 995 2911 impetrari
1030 2824 1167 2908 potuit.

1 2913 23 2996 ἦ
117 2922 335 3010 ineptissimum
372 2953 485 3016 quem
519 2937 780 3009 continuaret,
818 2951 874 2999 nec
906 2930 1009 2997 minus
1046 2932 1171 3014 impe·

118 3029 201 3098 irari
224 3037 365 3120 potuit.
401 3040 504 3106 unitio
525 3043 625 3125 prims
646 3043 874 3124 impetrare.
911 3036 1022 3120 Agitur
1045 3035 1081 3099 de
1104 3035 1172 3100 Cae·

1 3234 7 3242 ¹
120 3151 173 3205 ure
193 3143 336 3226 Augusto
357 3151 467 3213 uetera
487 3149 630 3216 instituta
651 3148 829 3224 revocante,
865 3146 896 3210 in
931 3162 992 3207 una
1012 3144 1116 3207 tamen
1139 3160 1173 3206 re

123 3354 304 3376 ξ“··-----ι-ο

123 3510 162 3574 ‘')
179 3513 307 3568 Eiusdem
327 3530 384 3583 cap.
405 3520 419 3580 ξ
439 3518 456 3570 2
474 3514 630 3570 incredibile
649 3486 699 3579 est,
718 3513 781 3567 ferri
800 3512 834 3567 ab
853 3510 1001 3566 editoribus
1022 3511 1089 3565 hec:
1118 3509 1174 3577 qni

179 3606 357 3676 deprecari
378 3606 512 3676 quidem
531 3625 590 3679 pro
610 3624 724 3663 senon
744 3606 979 3667 sustinerent,
1000 3601 1174 3655 vitiosissime

180 3700 267 3768 posito
287 3698 432 3769 quidem,
461 3717 520 3755 curn
539 3703 593 3756 ism
611 3701 740 3754 Heinsius
760 3696 931 3768 perspexerit,
963 3697 1026 3749 anto
1045 3694 1085 3748 de
1104 3693 1174 3746 exci-

182 3790 250 3844 disse
269 3808 324 3855 ne,
355 3795 413 3846 tum
432 3793 557 3848 additum
585 3811 652 3848 non
671 3793 739 3861 (qui
763 3808 804 3845 ue
832 3789 1014 3858 deprecari
1040 3785 1175 3855 quidem

184 3901 208 3953 p.
229 3902 251 3940 s.
269 3885 513 3952 sustinerent).
556 3887 617 3941 Non
641 3885 734 3955 paucis
752 3884 816 3938 locis
835 3882 863 3935 in
883 3878 1019 3933 codicibus
1037 3880 1075 3932 sic
1094 3878 1177 3931 muti·

186 3977 269 4032 letum
288 3980 330 4032 est
349 3999 402 4032 ne.
424 4020 430 4032 .
451 4021 456 4032 .
476 3967 578 4046 quidem,
606 3994 718 4047 quorum
747 3978 803 4046 ipse
829 3990 911 4029 unum
930 3976 959 4027 et
976 3971 1089 4024 alterum
1110 3970 1177 4024 alibi

186 4070 272 4140 steigi.
320 4068 377 4126 Cir.
396 4087 418 4125 c.
437 4074 479 4134 68,
510 4075 533 4128 1.
570 4067 648 4142 Apud
667 4071 793 4125 Senecam
813 4068 890 4136 epist
910 4069 952 4123 94.
972 4067 1004 4119 21
1025 4067 1096 4117 recte
1115 4062 1177 4117 ede·

189 4159 263 4217 betur
286 4162 349 4217 indo
373 4163 408 4218 ab
432 4163 555 4219 Erasmo:
582 4163 638 4219 sed
663 4179 729 4216 non
760 4160 838 4214 ideo
867 4174 906 4212 ne
933 4156 1015 4211 aliis
1043 4155 1179 4225 quidem
1282 4142 1283 4149 ἵ

192 4255 319 4311 ediects
336 4256 532 4327 proficiunt
542 4257 670 4318 thoc‘est:
681 4254 726 4308 sed
737 4252 799 4307 inde
813 4267 865 4304 nou
878 4250 1010 4319 sequitur,
1034 4252 1065 4301 ut
1075 4264 1108 4302 ne
1118 4248 1180 4301 aliis

175 4338 176 4341 ¹
194 4348 292 4412 quidem
322 4349 486 4419 proficient).
533 4349 674 4405 Fickertus
698 4343 832 4401 codicibus
850 4343 997 4410 obsequens
1016 4357 1055 4395 ne
1073 4345 1100 4395 et
1119 4358 1181 4396 seu·

197 4439 299 4496 tentiam
319 4444 444 4507 susanne,
482 4443 597 4498 Hessius
624 4457 688 4495 non
716 4438 798 4492 eliis
825 4434 959 4506 quidem
983 4435 1099 4503 scripsit,
1118 4452 1181 4491 con·

200 4530 291 4602 templa
309 4537 437 4592 orationis
456 4536 525 4605 lege.
561 4533 615 4591 Cir.
634 4533 667 4588 ud
688 4532 778 4587 Senec.
797 4532 892 4600 quest.
911 4531 967 4585 nat.
988 4528 1049 4590 Vll,
1069 4531 1112 4592 31,
1131 4530 1156 4582 2.

936 4623 981 4673 eo·
