2662 5062
254 276 316 342 384
610 273 880 346 uroouuupn.

212 476 285 542 dum
312 476 376 542 eet:
421 473 541 540 Nemo
573 473 722 539 diutins
751 472 1050 557 philosophatus
1086 478 1156 544 est
1198 477 1279 543 Non

211 582 355 665 ruptim
377 582 435 646 oet.
458 578 579 662 (vulgoz
601 577 912 662 philosophatus.
955 579 1121 646 Sed‘non
1143 584 1218 661 oet.)

311 686 380 753 Ibd.
404 684 453 761 15,
478 686 493 747 l
517 684 682 750 sententie
704 685 749 750 sio
771 684 948 769 seporeudae
970 688 1057 752 sunt:
1153 689 1277 755 turbe.

211 795 300 860 (lum
332 790 597 876 cogitaveris,
625 840 633 855 .
656 839 664 856 .
687 838 696 858 .
725 790 949 874 splendeat,
971 791 1104 877 egitur
1126 794 1278 862 animus

210 902 282 966 sot
314 897 332 981 §
354 896 373 960 3
396 893 537 961 eodioes:
556 895 595 959 et
616 896 719 962 nihil
740 915 928 982 magnum,
955 897 1057 963 nihil
1079 916 1277 976 severum,

210 1023 255 1069 ne
281 1004 460 1069 misorum
489 999 643 1083 quidem
676 1005 787 1086 putet
818 1003 884 1087 (qui
912 1003 1015 1068 omniu
1040 1003 1144 1083 ridet).
1195 1005 1279 1072 Seri·

210 1109 360 1175 bendum:
390 1105 491 1172 nihil
513 1123 703 1189 mugnum,
725 1107 824 1173 nihil
844 1111 999 1174 serium.
1031 1127 1075 1174 ne
1096 1110 1277 1177 miserum

209 1216 419 1300 quputot.
475 1211 629 1278 Severitus
667 1212 745 1278 nihil
775 1213 825 1279 hio
861 1213 935 1297 ugit
992 1213 1167 1299 §tortu
1194 1221 1277 1284 reete

209 1321 368 1388 liebertus
390 1317 546 1391 iudioeuit
568 1316 628 1383 dno
649 1317 795 1384 voeabula
816 1317 972 1396 (oiohilo
999 1322 1129 1399 nutus)
1152 1321 1185 1385 in
1208 1322 1275 1404 ipso

211 1425 314 1492 oodioe
341 1427 370 1489 Α
397 1425 504 1490 notetu
534 1441 591 1488 neo
617 1422 679 1488 ullo
713 1423 833 1489 vinoulo
848 1428 849 1431 ’
865 1442 935 1489 oum
968 1425 1079 1492 oeteris
1112 1427 1277 1493 ooniunoto

210 1531 392 1614 simplieiter
426 1528 565 1595 tollendo
597 1547 673 1595 esse.
737 1529 894 1596 Inoiderut
927 1530 1071 1597 librarius
1100 1531 1133 1595 in
1164 1532 1274 1599 folium

209 1636 392 1721 mamre
424 1636 557 1702 alienum
589 1635 629 1701 sb
665 1634 728 1700 illis
761 1635 982 1721 incipientem,
1014 1635 1123 1702 deinde
1156 1656 1191 1703 se
1224 1657 1275 1705 re·

209 1742 332 1825 pressit.

309 1835 377 1912 Ibd.
403 1845 451 1921 16,
476 1847 491 1908 1
515 1842 560 1911 sie
581 1845 759 1928 seporundae
780 1847 940 1913 sententio
962 1850 1050 1914 suut:
1159 1847 1275 1914 oddu-

210 1971 304 2019 oore.
345 1951 419 2018 Ubi
440 1951 622 2018 bonorum
644 1952 768 2017 exitus
789 1953 880 2019 meli
901 1956 989 2021 sunt
1011 1955 1064 2034 (ut
1086 1952 1273 2021 Socrates

209 2058 358 2142 cogitur
385 2106 393 2124 .
418 2106 457 2125 ..
485 2057 618 2142 pulum
638 2057 793 2137 faeere),
825 2077 988 2126 neeesse
1021 2060 1081 2126 est
1098 2060 1275 2144 torqueri

208 2165 267 2231 oet.
316 2164 363 2229 Do
383 2164 405 2250 ξ
427 2164 446 2227 2
468 2163 531 2230 dixi
553 2165 615 2231 rol.
637 2164 653 2229 I
674 2185 704 2248 p.
727 2163 812 2243 58.¹)

307 2269 344 2334 In
366 2271 476 2336 oeteris
506 2270 621 2336 libellis
656 2269 718 2336 dixi
739 2287 832 2353 supro
859 2292 910 2338 me
930 2272 1068 2339 ordinem
1090 2272 1201 2340 Hoosii
1222 2292 1273 2340 se·

207 2377 358 2442 outurum.
411 2377 526 2460 Itaque
554 2377 672 2460 primus
707 2376 841 2444 ooourrit
878 2377 927 2451 de,
950 2376 1164 2466 providentis.
1224 2380 1274 2446 Ibi

207 2499 273 2566 oep.
296 2480 328 2562 3,
352 2483 368 2544 1
390 2482 436 2548 sio
457 2482 576 2549 editur:
619 2484 690 2549 His
716 2482 895 2551 ediioium
923 2485 1009 2550 fato
1037 2484 1119 2551 iste
1146 2485 1206 2552 sio
1235 2488 1288 2553 ot'

205 2588 315 2652 reete
338 2587 468 2654 eudem
498 2588 588 2672 lego
609 2589 726 2656 bonis
758 2595 939 2671 evenire,
961 2609 1034 2674 quo
1054 2594 1146 2658 sunt
1167 2593 1270 2659 boni.

204 2692 303 2760 Pruvo
325 2694 520 2779 coniungitur
552 2695 611 2761 sio
633 2696 685 2775 (de
704 2695 773 2777 ipsu
793 2694 839 2760 rei
860 2695 968 2776 lorino)
991 2697 1023 2761 ot
1043 2699 1152 2763 reete
1175 2698 1272 2782 (quod

203 2798 350 2866 iudioium
371 2801 542 2881 contineo:
563 2820 621 2868 neo
640 2801 774 2878 omnino,
806 2800 880 2885 quid
900 2803 982 2867 reete
1003 2802 1073 2878 fiet,
1105 2804 1266 2888 quaeritur,

204 2902 260 2969 sed
286 2924 347 2988 quo
376 2907 406 2972 ri
438 2909 471 2973 et
498 2908 578 2993 lego.
621 2908 658 2973 In
679 2908 708 2971 A
732 2907 1002 2975 enititumiuto
1034 2907 1114 2974 isto
1147 2911 1202 2978 sio
1233 2912 1269 2976 ei

203 3012 305 3076 reete
339 3011 473 3079 eedem
503 3014 602 3098 lege.
654 3012 813 3078 Efficitm:
851 3014 931 3082 fato
962 3014 1040 3080 iste
1069 3014 1126 3081 sio
1151 3016 1210 3080 ire
1238 3026 1270 3079 er

204 3115 336 3182 eadem
357 3116 444 3203 lege
465 3121 575 3188 bonis
598 3119 779 3207 evenire,
801 3138 872 3203 que
893 3122 987 3187 sunt
1007 3122 1141 3205 honi²l

219 3447 242 3517 ¹)
269 3449 399 3517 Quoniam
417 3452 448 3506 ln
464 3451 591 3507 extremis
608 3452 743 3524 oepitibns
765 3451 837 3508 nihil
853 3451 909 3507 fere
932 3450 1048 3522 propris
1065 3451 1264 3508 emendationis

270 3547 319 3611 est,
338 3544 437 3601 nouos
453 3546 600 3601 ontionem
618 3545 653 3601 sb
672 3545 778 3612 Bomio,
808 3541 873 3599 dum
888 3544 1019 3600 oodieeh
1048 3544 1105 3600 solo
1134 3547 1185 3601 rut
1202 3545 1263 3600 eliis

270 3635 402 3692 odiuuetis
420 3637 556 3703 ubututun
575 3641 727 3709 eorrupturn
746 3652 804 3692 esse
821 3635 865 3692 his
883 3636 962 3691 loeis:
974 3638 1023 3700 ¹16,
1042 3635 1264 3706 d(homines],

269 3731 317 3795 17,
341 3731 359 3785 2
381 3733 454 3801 (per
478 3746 513 3787 so
540 3732 713 3797 inornate,
737 3729 917 3801 perileich),
941 3728 996 3784 ibd.
1013 3732 1031 3786 8
1050 3729 1153 3798 (sint),
1172 3729 1263 3786 iudo

269 3821 420 3889 (emissi).

217 3910 241 3978 ¹)
267 3910 333 3982 Cup.
355 3915 386 3979 4,
416 3915 602 3972 dneoeseorio
626 3911 803 3972 revoesndnm
827 3918 883 3981 est,
912 3913 985 3985 qnod
1014 3916 1078 3970 onte
1107 3913 1260 3970 lliohertum

268 4004 373 4059 eratin
397 4004 578 4064 editionibus:
613 4007 724 4066 (ltere
747 4012 800 4067 est
822 4010 946 4064 tenere
971 4007 1119 4065 oerrioi
1135 4008 1258 4076 iugum

267 4095 329 4151 Non
357 4097 449 4166 egitur
474 4098 507 4154 de
533 4101 666 4170 puritate
689 4102 747 4172 iugi
772 4118 819 4172 per
840 4117 880 4169 re,
905 4100 951 4156 sed
974 4101 1067 4156 tenero
1084 4099 1215 4154 animulis
1229 4095 1257 4151 id
