2662 5062
398 699 428 755 Ῑι.
445 697 546 755 &neon
561 697 595 755 ue
611 697 765 759 dementia.
1005 700 1066 765 431

38 896 210 981 pentem
240 895 356 961 etiem
386 914 450 979 pro
479 896 659 980 portione
691 897 741 960 ad
774 897 1045 981 improbandos
1073 903 1111 968 et

14 1000 303 1092 *emendandos
335 1001 547 1068 bonitatem
576 1021 681 1069 onem
713 1002 936 1085 permittet;
960 1007 1111 1073 odilio-

40 1107 95 1172 tie
128 1124 221 1171 vero
251 1109 311 1171 oet
362 1106 438 1173 cnm
471 1127 530 1174 non
564 1108 801 1194 intelligeretur,
835 1110 1111 1194 improbandos

42 1213 81 1278 et
124 1209 382 1279 emendandos
429 1212 492 1280 diei
538 1233 592 1298 per
635 1232 670 1280 ee
717 1213 756 1279 de
797 1233 909 1297 genere
950 1218 1110 1285 hominurn

41 1313 145 1402 (πρὸς
181 1312 263 1390 τούς
304 1313 490 1402 utromodo
531 1321 586 1387 uei
630 1325 940 1403 ineruptionem),
973 1341 1036 1390 non
1072 1324 1112 1390 de

41 1425 178 1502 notione,
216 1422 385 1509 qnaeeitum'
400 1428 450 1492 est
484 1444 607 1502 nomen,
639 1425 680 1491 ed
709 1425 791 1510 qnod
818 1426 987 1511 gerundivo
1014 1430 1112 1512 perti·

42 1532 167 1607 nerent,
199 1529 401 1615 additumque
443 1533 694 1598 oelnmitoeoe
733 1533 766 1596 et
795 1531 835 1597 od
869 1531 902 1597 id
938 1533 1112 1599 neeeeeurio

42 1635 223 1721 praepositio
267 1639 412 1704 retreotu
470 1639 507 1704 ln
550 1637 694 1704 extremis
737 1636 933 1703 scribendum
972 1637 1108 1704 ridetur:

43 1742 230 1809 adflictis
251 1761 346 1808 vero
374 1746 412 1809 et
438 1743 557 1811 sortis
587 1742 804 1806 laborantis
831 1742 1047 1822 (hominibue);
1079 1743 1112 1810 id

43 1867 101 1913 eur
121 1848 280 1913 mutatum
301 1848 344 1914 eit
365 1852 413 1926 (nt
433 1849 605 1916 nlilietio
628 1849 708 1914 ulter
728 1847 850 1914 dotivue
870 1847 1111 1934 edinngeretur),

42 1954 242 2038 perspicuum
264 1955 321 2020 eet.
365 1953 490 2038 Opuene
519 1956 568 2020 eet
588 1954 627 2020 nd
649 1954 891 2039 ooninnotionem
914 1953 1059 2021 ndieotiri
1080 1955 1113 2020 et

41 2058 185 2144 genetivi
218 2058 452 2126 defendendum
476 2060 650 2127 adscribere
680 2080 710 2125 ι.
738 2079 765 2125 o.
789 2059 855 2126 Isiu.
878 2060 952 2138 XL,
983 2060 1044 2137 51,
1075 2060 1111 2125 4:

39 2164 138 2250 plura
168 2173 196 2228 et
222 2165 350 2230 materie
377 2188 464 2241 uene,
496 2165 580 2232 Suet.
610 2166 669 2232 Iul.
691 2165 748 2231 75:
775 2166 895 2232 rmedior
922 2176 950 2233 et
976 2152 1111 2230 ιἰοιιινιιιι

38 2271 167 2357 partie?

148 2375 215 2442 lbd.
236 2376 266 2453 7,
292 2378 326 2442 l:
369 2378 420 2444 At
452 2394 574 2462 quere·
601 2394 672 2444 non
699 2378 904 2461 ignorent?
946 2378 1112 2444 Vennum

42 2483 332 2550 constituemur
361 2503 461 2550 nuno
492 2501 640 2567 quoque
672 2483 762 2566 qnid
796 2483 850 2550 eit
877 2483 1048 2562 renium,
1076 2484 1114 2548 et

43 2589 336 2664 reinmundum
372 2590 481 2656 illem
518 2588 738 2672 neopiente
763 2605 836 2653 non
870 2588 1019 2655 debere.
1062 2587 1114 2654 Sin

42 2695 121 2762 Nun.
163 2695 327 2763 Vennum
363 2697 458 2763 etiem
494 2694 590 2760 oeteri
620 2692 738 2761 codioee
777 2693 907 2769 hebent,
944 2692 1000 2760 eed
1030 2695 1113 2760 reete

42 2801 232 2867 scientie
298 2797 414 2884 Opinor
456 2800 605 2886 seriptum
645 2799 758 2866 mimo:
817 2798 942 2864 Vaouo
984 2799 1113 2865 urimo

43 2908 339 2977 constituemur
370 2892 467 2973 nuno
487 2924 555 2989 qu,
591 2924 647 2989 qu.
678 2923 704 2973 r.
725 2905 917 2983 scientie,
945 2907 985 2971 et
1005 2905 1114 2971 roie-

41 3032 135 3087 mue,
156 3011 244 3078 duri
263 3014 335 3079 dett
368 3011 430 3077 Sed
450 3012 551 3077 heereo
579 3012 612 3076 in
642 3029 746 3077 nuno
766 3030 939 3095 quoque,
971 3010 1053 3094 qnod
1074 3011 1115 3077 ed

44 3138 143 3204 quem
182 3119 374 3202 superiorem
414 3117 663 3185 constitutionem
707 3116 874 3196 refertur,
909 3135 970 3183 non
1012 3115 1112 3183 video.

43 3226 160 3292 Fuitne
182 3225 476 3291 eonstitnomuow
494 3223 535 3288 in
556 3225 809 3307 unoquoque?
833 3222 931 3289 Peulo
951 3224 1039 3307 port,
1061 3223 1116 3289 nbi

43 3333 112 3398 ent:
159 3349 228 3415 ego
269 3333 312 3395 nt
353 3327 532 3396 breviter
573 3332 758 3414 tunquam
800 3328 838 3394 in
882 3328 1017 3395 alieno
1055 3328 1114 3393 iu·

45 3437 152 3504 dioio
191 3435 340 3512 dicum·
375 3438 431 3502 ιιιιι
468 3433 640 3501 tollendum
672 3437 721 3502 eet
753 3437 798 3501 nt
828 3437 888 3502 ιιι,
917 3434 1111 3501 ιιιίιιιιιιιιιιιι

45 3546 193 3609 eutem.

150 3751 370 3829 emunim
400 3749 601 3819 naturalium
636 3750 723 3830 utri,
748 3751 799 3852 ub
831 3749 898 3832 ipso
931 3747 1047 3816 Seneon
1078 3769 1116 3816 er

44 3859 202 3946 mnngim
233 3863 448 3943 excerptorum
480 3856 547 3922 eine
568 3856 672 3922 ordine
702 3859 735 3922 et
766 3857 833 3923 eine
859 3855 1022 3922 intentiore
1043 3875 1116 3922 oure

49 3966 232 4050 onmpoeiti,
270 3964 464 4047 ‘interpositio
504 3961 616 4047 ntique
652 3964 759 4028 oontm
802 3962 899 4028 melos
943 3980 1045 4028 morer
1082 3963 1116 4028 et

46 4073 234 4159 cupiditates
257 4068 532 4137 declamationibus
552 4069 681 4136 tumidis
702 4069 734 4133 et
755 4067 915 4147 contortis,
940 4087 958 4134 n
980 4067 1114 4134 librariis

45 4180 113 4246 inm
135 4177 306 4262 antiquitus
329 4175 467 4260 permnle
488 4173 586 4241 habiti
608 4173 743 4251 (confuso
765 4173 861 4240 etium
885 4174 998 4240 alieubi
1019 4174 1116 4240 libro·

46 4305 118 4352 rum
142 4285 248 4351 ordine
278 4285 311 4349 et
331 4282 459 4359 linibue,
490 4286 526 4347 ut
546 4280 679 4346 Heesiue
710 4278 947 4361 demonstrarit)
977 4282 1010 4346 et
1030 4280 1116 4345 uou-

45 4410 105 4457 nne
127 4391 243 4458 habent
265 4390 315 4474 (nt
334 4389 394 4467 lv,
428 4385 448 4453 3
471 4387 558 4467 init,
583 4386 637 4452 nbi
658 4388 780 4452 tuntum
802 4387 986 4470 argumente
1006 4387 1116 4452 notun·
1202 4419 1203 4423 ι

45 4499 114 4575 tur)
153 4496 185 4562 et
220 4495 320 4561 etiem
351 4494 384 4559 in
421 4493 555 4578 optimo,
590 4492 644 4578 qui
678 4491 777 4558 aduno
810 4492 960 4573 innotuit,
1000 4492 1116 4574 oodioe,
