2662 5046
222 254 284 317 244
578 250 638 308 nn.
657 251 721 306 vn.
739 249 805 320 cap.
819 251 857 305 11.

182 453 296 526 cutio,
319 447 527 534 apparotcxe
543 449 580 510 ll
605 456 699 531 (que
721 447 825 513 enim
844 444 1045 512 venientis
1064 447 1249 511 metuun-

181 563 259 635 tur,
291 556 425 621 eadem
462 554 652 620 afficiunt
678 552 914 637 aegritudine
943 552 1160 629 instantia,
1192 551 1248 616 nbi

182 661 343 746 precedit:
377 663 522 726 metum
552 659 709 736 futuris,
732 658 1006 742 egritudinem
1041 657 1253 742 presenti·

183 770 280 846 bus),
302 767 361 845 ΙΙΙ,
396 766 435 828 14
468 766 633 839 (casdem
665 763 935 848 impendentes
974 766 1014 828 et
1044 764 1252 829 venientes

184 874 389 947 timemus),
428 871 521 937 Acad.
554 871 595 949 ΙΙ,
631 869 699 944 135,
733 871 791 935 oet
841 867 1053 953 Sequentia
1075 871 1178 934 ortum
1203 870 1254 934 eet

186 997 222 1044 er
245 996 291 1051 eo,
314 977 394 1060 qnod
416 977 587 1059 proximum
610 973 755 1059 precedit
775 975 868 1060 longe
890 973 980 1039 aliter
1003 972 1154 1057 positum:
1177 974 1253 1039 dux

186 1083 461 1167 consequentis
483 1081 680 1147 molestie.

151 1329 156 1336 p
287 1249 355 1316 tut.
379 1247 419 1315 ΙΙ.
445 1247 484 1309 14
506 1245 700 1312 scribendum
729 1247 774 1313 sio
802 1265 882 1313 esse:
922 1247 992 1313 ille
1019 1250 1146 1314 antem
1168 1244 1255 1339 Cre-

187 1355 302 1437 pione
324 1355 363 1418 et
383 1352 567 1435 Philippo
589 1353 728 1418 iterum
752 1371 849 1418 coss.
871 1354 1041 1420 mortuus
1067 1353 1143 1428 est,
1167 1370 1255 1416 cnm

187 1479 256 1544 ego
286 1460 460 1544 quinque
498 1458 536 1522 et
569 1459 773 1543 sexaginta
806 1475 931 1526 annos
967 1461 1085 1531 natus
1120 1457 1255 1542 legem

187 1564 395 1631 Voconiam
417 1582 554 1648 magua
575 1582 667 1629 voce
772 1564 887 1628 suasi.
928 1563 1002 1630 sec
1023 1580 1139 1632 unnos
1163 1580 1256 1644 sep·

187 1671 370 1754 tnaginta
392 1671 510 1735 natus
534 1670 592 1734 cet.
625 1674 691 1752 (pro
714 1669 936 1735 suasissem.
997 1673 1126 1760 Annos
1156 1670 1255 1750 sept.

183 1781 244 1853 e),
265 1774 424 1840 admonuit
445 1794 496 1841 me
518 1774 679 1858 aliquando
707 1775 752 1840 lo.
775 1774 1059 1842 Forchhammerns.
1116 1773 1200 1839 Nam
1224 1775 1258 1839 et

189 1897 283 1962 prava
316 1879 498 1962 significatio
533 1881 630 1946 oritur
663 1900 698 1945 ex
730 1880 789 1946 hac
820 1881 1046 1947 coniunctione:
1079 1882 1257 1946 mortuus

191 1985 265 2062 ost,
300 2001 384 2049 cum
417 2001 488 2068 ego
514 1988 743 2062 suasissem,
776 1987 809 2052 et
830 1986 1021 2053 desideratur
1041 1987 1109 2054 sed
1130 1987 1163 2052 in
1185 2005 1257 2051 ora-

189 2088 334 2260 tiongonad
356 2091 545 2173 propositum
580 2093 689 2175 (qnod
722 2110 795 2158 non
817 2093 1048 2159 faciebatis
1071 2095 1148 2174 oet.)
1168 2110 1258 2158 revo-

191 2212 247 2259 can
292 2245 299 2261 .

291 2324 356 2391 lbd.
380 2325 564 2391 assentatu
593 2326 801 2411 geminatione
829 2327 940 2394 littere
973 2324 1167 2394 scribendum
1191 2327 1257 2390 est:

192 2429 257 2495 sed
295 2431 423 2495 tamen
466 2435 525 2497 est
562 2431 723 2497 decorus
766 2432 848 2496 oeni
881 2441 949 2517 (pro
983 2432 1096 2508 senis)
1132 2449 1258 2497 sermo

191 2535 347 2616 quietus
368 2537 406 2602 et
428 2537 628 2602 remissus.

288 2665 452 2730 Postremo
486 2665 550 2729 loco
586 2666 846 2749 fragmentorum
881 2683 999 2751 quoqne
1038 2684 1074 2731 ex
1101 2664 1258 2730 Ciceronis

190 2767 285 2841 libris,
320 2769 371 2851 qni
397 2769 628 2847 interciderunt,
667 2773 868 2838 correctiones
895 2772 1042 2855 panculas
1076 2769 1261 2836 brevissime

192 2872 370 2952 sublicium,
402 2873 532 2959 Kayseri
561 2879 593 2941 et
615 2877 732 2945 Baiteri
759 2877 897 2944 ordinem
927 2897 1068 2963 sequens.
1112 2875 1198 2942 Nam
1227 2876 1260 2941 in

192 2979 229 3043 fr.
261 2976 281 3040 8
306 2982 382 3046 orat.
405 2999 459 3063 pro
482 2981 638 3050 Fundanio
673 2990 721 3062 (er
753 2984 811 3052 lul.
835 2985 1009 3061 Rufiniano,
1040 2983 1136 3068 Kaps.
1173 3002 1205 3065 p·
1230 2982 1262 3055 7)

191 3085 385 3153 scribendum
409 3085 472 3153 est:
495 3087 627 3154 sitini
650 3091 720 3157 hoc
744 3113 764 3153 a
785 3090 1024 3153 Parmenone
1044 3089 1197 3175 uliquis
1218 3106 1263 3154 ac

192 3209 261 3256 non
281 3191 364 3274 ipse
386 3193 571 3260 Parmeno
593 3196 827 3271 nuntiasset;
852 3195 1043 3272 moratione,
1059 3215 1128 3279 quae
1148 3194 1265 3260 inscri-

196 3296 279 3362 bitur
290 3317 345 3380 pro
357 3299 391 3363 L.
404 3299 528 3366 Othone
541 3305 585 3383 (p.
599 3301 651 3377 26)
663 3300 805 3384 ponende
815 3320 851 3367 ex
865 3302 1017 3366 Arusiuno
1029 3298 1148 3365 Messio
1157 3317 1188 3382 p.
1201 3298 1266 3361 245

194 3394 334 3468 Lindcm.
357 3422 429 3469 vera
450 3407 625 3490 inscriptio:
662 3405 787 3471 oum'a
806 3407 910 3473 ludis
933 3406 1149 3473 contionem
1172 3421 1268 3470 avo·

195 3507 677 3591 cavit(clr.Plut.Cic.13);
711 3513 742 3577 in
776 3513 858 3590 inl
882 3511 1026 3580 orationis
1059 3512 1165 3576 contra
1188 3529 1269 3577 con·

195 3611 312 3679 tionem
336 3614 370 3695 Q.
394 3616 512 3681 Metelli
534 3625 576 3702 (p.
607 3616 661 3689 26)
684 3619 750 3684 sine
773 3617 865 3686 dubio
887 3617 1081 3685 scribendum
1104 3617 1168 3681 est:
1208 3616 1268 3681 sic

194 3721 294 3786 cuim
346 3745 473 3806 apum,
519 3726 560 3789 nt
603 3724 757 3807 opinor:
800 3726 985 3810 insequar
1026 3724 1268 3807 fugientem,

196 3828 377 3908 quoniam
399 3833 473 3905 cet,
507 3830 543 3894 fr.
579 3833 681 3895 autem
706 3831 725 3893 9
747 3837 789 3915 (p.
813 3831 865 3910 27)
888 3850 905 3896 e
927 3831 1064 3898 codicum
1081 3828 1273 3908 Quintiliani

197 3934 336 4019 vestgiis
373 3935 568 4001 officiendum
597 3936 734 4002 videtur:
770 3938 837 4021 qui
869 3935 1170 4037 indicabantur,
1208 3955 1273 4002 eos
