2656 5056
240 284 303 347 494
592 278 877 351 susurremus.

201 498 337 552 amam,
466 477 658 560 quomodo
693 480 865 559 patrum*
891 479 1094 560 quomodo
1128 480 1253 544 adhue

184 585 474 650 tamhouosta
504 582 567 647 vol
599 583 821 665 naufragus
845 582 1048 666 navigem.
1097 585 1254 668 Naufragus

201 710 260 756 uon
284 691 423 773 navigat,
460 706 517 753 ueo
541 687 664 761 Ulixes,
698 706 798 769 aquo
820 686 957 769 proxima
980 690 1148 757 nominato
1171 692 1255 773 imago
1295 698 1296 701 ’

202 796 333 871 ducitur,
355 795 393 859 ad
413 795 576 858 Phoeaoum
597 793 732 858 insulam
755 792 902 874 navigans
923 795 1079 875 peruenit
1127 796 1255 861 Suribou·

201 901 275 964 dum
306 902 371 965 sino
391 900 497 964 ·dubio
519 907 669 962 enatem.
712 898 774 972 (Do
805 897 885 978 §25
918 897 988 978 (21)
1014 899 1111 965 huius
1135 901 1268 993 epistola

202 1004 264 1068 dixi
286 1005 345 1069 rol.
369 1005 384 1067 Ι
407 1024 434 1086 p.
460 1004 524 1079 76.)
1052 1049 1057 1055 -

300 1110 357 1191 Ep.
387 1109 442 1183 89,
472 1111 492 1171 4
525 1108 685 1173 amandavi
714 1107 774 1172 rol.
799 1105 815 1168 l
837 1127 867 1189 p.
889 1107 939 1175 28.
984 1109 1161 1192 Superesse
1183 1119 1258 1195 puta·

200 1216 272 1280 bum
294 1216 325 1278 iu
350 1206 459 1285 vorbis,
496 1232 563 1296 quae
586 1212 692 1277 oodom
715 1213 781 1278 looo
802 1212 985 1294 praeooduut,
1009 1215 1171 1297 duplicem
1192 1238 1257 1300 pru·

199 1325 284 1383 torua
304 1318 476 1383 faciundam
499 1318 754 1383 emundationum.
768 1319 795 1394 ²)
814 1407 816 1411 Ι
837 1316 897 1381 Sed
919 1318 1054 1399 priorem
1079 1322 1258 1397 (Primum

201 1425 351 1507 itaquo,
374 1424 408 1487 si
430 1423 589 1488 videtur
612 1424 700 1499 tibi,
724 1423 865 1495 dicam,
885 1424 994 1488 iuter
1014 1428 1258 1508 supioutiau
1309 1455 1310 1459 ¹

201 1535 242 1596 ot
270 1528 563 1612 philosophiam
595 1526 688 1609 quid
719 1527 901 1604 intersit,
932 1529 981 1593 ubi
1014 1531 1136 1597 editur:
1165 1535 1260 1598 siout

200 1636 378 1707 videtur,
412 1634 491 1699 tihi
513 1632 656 1705 diuam,
686 1632 713 1695 B
746 1633 841 1699 habat
861 1635 892 1698 si
921 1639 979 1709 ut,
1012 1636 1117 1702 altura
1152 1623 1260 1723 syllaba

201 1744 267 1805 orba
301 1760 346 1818 or¹
365 1738 539 1820 uidetur)
568 1756 647 1802 uuuo
682 1738 770 1804 video
801 1740 950 1805 Haasium
984 1741 1077 1822 praef..
1094 1763 1125 1825 p.
1149 1743 1258 1808 XXVII

200 1847 387 1929 praeoepisso.
442 1846 571 1920 Restat,
602 1850 637 1908 ut
665 1863 719 1926 pro
748 1863 799 1918 oo,
826 1844 907 1927 quod
934 1845 1082 1912 scribitur
1112 1851 1147 1912 et
1176 1867 1260 1932 prava

199 1954 354 2016 sententia
396 1955 428 2016 ot
470 1951 598 2016 soloeoe:
660 1950 750 2014 Haec
799 1949 1016 2033 (philosophia)
1062 1952 1258 2027 ostendit,

56 2104 66 2118 s
201 2075 271 2139 quo
314 2058 390 2122 illa
434 2055 609 2137 (sapientia)
652 2056 847 2136 persenit,
890 2057 1041 2121 soribatur
1086 2057 1258 2122 discrimino

199 2165 282 2227 route
319 2162 505 2246 significato:
550 2160 722 2225 Habeo
769 2159 905 2232 tendit,
949 2178 1018 2241 quo
1064 2160 1143 2226 illa
1180 2182 1258 2246 per·

277 2271 284 2282 ⁶
326 2271 339 2306 ¹2

199 2273 353 2457 νθῃήΕέ
382 2373 442 2450 90,
474 2373 488 2433 1
514 2370 612 2435 oratio
632 2371 677 2436 sio
698 2371 941 2455 interpungenda
968 2373 1033 2436 est:
1078 2372 1174 2452 Quis
1196 2377 1258 2440 du·

199 2481 341 2557 bibare,
378 2524 442 2551 ...,
476 2478 629 2559 potest,
663 2477 753 2578 quin
787 2478 943 2542 deorum
975 2478 1258 2547 immortalium

198 2604 336 2651 munus
372 2586 438 2658 sit,
482 2581 576 2663 quod
610 2582 792 2659 vivimus,
836 2582 1116 2665 philosophia,
1167 2586 1258 2671 quod

198 2693 293 2757 boue
338 2690 532 2755 vivimus?
590 2687 730 2770 ltaque
773 2690 882 2753 tauto
925 2689 1014 2770 plus
1059 2690 1152 2757 buio
1195 2712 1257 2757 nos

198 2796 343 2861 dobere
365 2811 474 2877 quam
496 2792 573 2870 dis,
611 2795 754 2875 quanto
786 2794 910 2859 maius
935 2795 1177 2863 beneficium
1202 2801 1258 2862 eat

197 2903 292 2967 boua
324 2901 406 2966 rita
432 2918 542 2981 quam
570 2900 668 2974 rita,
707 2918 770 2981 pro
797 2903 906 2964 certo
931 2899 1257 2979 haborotu1,uiai

196 3012 260 3073 oet:
313 3005 396 3070 Infra
418 3006 448 3069 iu
472 3005 528 3070 hac
550 3004 680 3087 opistola
701 3005 718 3086 5
741 3003 760 3064 6
785 3004 831 3080 (5)
855 3004 920 3070 haeo
940 3005 1104 3088 leguntur:
1130 3007 1257 3083 Solon,

196 3114 259 3197 qui
282 3110 456 3176 Athouas
489 3129 592 3193 aequo
625 3111 706 3175 iuro
739 3109 933 3188 fundavit,
971 3112 1078 3177 iuter
1110 3119 1257 3198 soptom

197 3342 390 3350 ὥσ-..-

214 3501 234 3569 ¹)
265 3500 412 3569 Utramque
443 3499 593 3570 significavi
621 3499 722 3563 eodem,
753 3517 806 3571 quo
833 3501 949 3564 tertiam,
977 3500 1044 3566 loeo,
1074 3518 1136 3558 anu.
1162 3503 1255 3574 philol.

264 3592 336 3648 Dan.
365 3591 418 3646 vol.
447 3593 470 3645 V
503 3609 529 3661 p.
554 3595 588 3649 24
614 3594 643 3647 ot
665 3596 725 3649 160.
778 3593 883 3648 Utimur
907 3593 958 3646 iam
983 3592 1046 3647 hino
1069 3593 1136 3650 duco
1171 3597 1255 3652 oodioo

170 3695 175 3704 ·
262 3683 456 3754 Bambergeusi
471 3685 516 3753 (B)
534 3689 564 3740 ot
581 3685 647 3740 iudo
661 3687 697 3741 ab
716 3687 1084 3756 ep.90,18hrgoutoratensi
1105 3689 1254 3757 priorolh.)

221 3810 243 3878 ²)
262 3811 326 3878 Qua
352 3817 368 3877 s
390 3816 423 3869 16
451 3813 509 3883 (15)
536 3813 567 3868 de
592 3813 725 3868 divisione
743 3814 874 3868 naturalis
896 3815 982 3884 partis
1010 3814 1190 3886 philosophia
1218 3815 1255 3870 di·

263 3907 375 3969 cuntur,
403 3905 470 3960 adeo
497 3908 561 3960 suut
578 3905 690 3960 ooulusa
708 3909 736 3960 ot
755 3922 887 3975 pervorsa,
911 3909 942 3960 ut
960 3908 999 3960 sio
1021 3924 1037 3961 a
1056 3907 1158 3964 Sanoua
1177 3908 1255 3964 scribi

261 3998 392 4067 potuisse,
420 3999 542 4068 quamvis
579 3998 728 4053 subtilioris
747 3998 912 4053 decretorum
930 3999 1020 4054 forma
1040 4001 1186 4069 incurioso,
1206 4018 1256 4057 uou

261 4082 363 4158 putam,
384 4082 430 4144 sed
448 4090 568 4160 quadam
586 4091 722 4147 excidisse.
