2678 5016
212 295 253 358 m
571 295 833 365 mmmm

170 495 237 574 bne,
259 514 327 579 qna
348 513 381 560 se
404 493 444 558 ad
465 493 598 576 patriam
628 512 665 558 er
692 493 817 559 oraculo
840 496 928 577 peste
949 493 1142 560 liberandam
1162 497 1235 561 telae

169 599 382 667 instrumentis
408 600 641 678 interemerant)
669 599 713 664 sic
739 599 938 665 scribendum
963 602 1012 665 est
1038 602 1174 684 proxime
1195 601 1235 667 nd

170 705 305 772 codicem
328 707 377 771 M:

290 812 368 876 Ecce
388 810 464 875 lant
486 810 609 888 (Aleon)
631 811 743 875 mediis
764 813 853 876 natas
875 809 986 876 Orione
1007 811 1134 890 Thebis,

291 937 403 1002 agmen
425 916 511 995 (cett.
535 915 620 980 codd.
643 918 675 979 et
698 915 767 980 edd.
791 914 869 977 donc
889 921 962 992 non)
983 915 1166 996 femineum,
1187 918 1236 982 iu-

685 1022 758 1104 gulo
780 1020 853 1085 dare
876 1021 988 1086 vulnus
1010 1023 1133 1103 apert03

292 1126 362 1191 illae
375 1128 459 1203 (cett
476 1125 564 1192 codd.
578 1128 611 1191 et
625 1124 695 1191 cdd.
718 1126 818 1204 ilbm)
833 1125 967 1191 demisso
982 1145 1036 1208 per
1050 1129 1140 1190 merli
1154 1129 1235 1204 (cod.

548 1232 583 1295 M
605 1231 725 1307 inertia,
746 1233 805 1295 cet.
823 1232 937 1314 sctit)
957 1233 1085 1297 vulnera
1105 1233 1168 1298 telo

293 1356 347 1420 pre
370 1337 482 1420 populo
506 1337 651 1402 cecidisse
674 1355 729 1401 suo
752 1337 947 1419 pulchrisque
968 1355 1023 1420 per
1044 1339 1152 1405 urbem

290 1443 450 1509 funeribus
471 1441 545 1507 ferri
567 1442 738 1525 celebrique
761 1443 793 1506 in
814 1444 903 1525 parte
925 1445 1064 1522 cremari,

290 1549 357 1613 tum
375 1548 414 1613 de
436 1549 573 1633 virginea
593 1548 731 1632 geminos
754 1548 835 1612 exire
857 1547 971 1626 favilla,

290 1671 328 1717 ne
349 1672 446 1737 genus
468 1655 608 1727 intereat.
630 1655 766 1730 iuvenes,
791 1654 850 1717 cet.

171 1757 311 1824 Primum
345 1760 454 1824 artifex
493 1763 684 1841 expresserat
717 1758 839 1824 Orionis
872 1758 952 1824 filias
980 1779 1013 1824 se
1034 1760 1117 1843 ipsas
1138 1761 1238 1826 inter·

169 1862 319 1939 imentes;
343 1863 453 1929 deinde
475 1865 536 1930 alia
555 1864 692 1948 imagine
715 1864 861 1940 finxerat,
881 1864 951 1930 illas
973 1865 1152 1931 interiectas
1173 1866 1237 1931 iam

171 1968 340 2050 (cecidc'ese,
368 1968 407 2033 ad
429 1969 515 2034 cuius
537 1970 622 2036 verbi
644 1974 767 2054 tempus
790 1971 922 2036 editores
945 1990 1002 2036 non
1025 1970 1236 2048 attenderunt)

171 2071 304 2155 sepeliri,
336 2075 369 2138 et
399 2075 493 2140 simul
520 2076 647 2141 iuvenes
671 2076 814 2141 efarilla
840 2094 973 2160 surgere.
1022 2075 1111 2137 Iners
1132 2076 1238 2140 autem

172 2175 263 2239 telum
297 2197 353 2260 per
387 2180 515 2246 vulnera
560 2180 769 2256 demiserunt,
805 2181 926 2245 radium
960 2180 1125 2246 tentorium
1160 2174 1240 2265 (τήν

141 2270 142 2278 ¹
172 2284 319 2369 κερκίδα,
339 2286 454 2369 Anton.
476 2287 589 2354 Liber..
605 2287 671 2365 25).
726 2288 847 2371 Aponon
863 2287 1033 2371 femineum
1061 2284 1099 2350 de
1121 2285 1240 2352 duabus

173 2389 266 2455 shnul
287 2390 415 2456 Ovidius
438 2391 515 2457 dixit
536 2393 666 2477 Vergilii
688 2394 827 2475 exemplo
849 2393 919 2457 AEn.
948 2393 1000 2467 11,
1034 2391 1115 2469 212,
1148 2410 1241 2474 quem

171 2495 273 2561 locum
296 2497 353 2563 soli
375 2499 459 2563 reete
493 2503 652 2574 enarrant,
686 2498 738 2582 qni
773 2497 809 2563 de
843 2498 1012 2563 coniunctis
1045 2498 1241 2580 serpentibus

172 2603 257 2667 certa
278 2602 329 2666 ria
345 2602 556 2670 incedentibus
578 2606 743 2687 accipiunt.

273 2708 365 2782 ΧΙΙΙ,
389 2710 471 2783 794„
491 2711 544 2775 ubi
570 2711 699 2795 Cyclops
723 2710 861 2797 Galatsae
882 2711 989 2790 laudes
1012 2709 1241 2792 comparatione

172 2812 338 2895 multiplici
361 2816 489 2894 extollit,
512 2817 578 2881 haec
598 2835 717 2900 qnoque
739 2816 878 2900 ponitur:

324 2920 451 2986 nobilior
472 2922 584 2999 forma,
610 2922 734 3006 platano
757 2921 946 3004 conspectior
967 2922 1039 2986 alta.

176 3022 304 3089 Prorsus
341 3043 482 3108 perverse
513 3026 594 3093 inter
615 3028 734 3093 medias
755 3026 992 3111 pulchritudinis
1019 3029 1051 3091 et
1072 3026 1243 3092 venustatis

176 3129 283 3195 laudes
304 3130 507 3215 interponitur
528 3133 594 3198 haec
616 3135 717 3200 neseio
740 3152 807 3217 quae
829 3133 995 3209 nobilitas,
1017 3151 1155 3217 proque
1176 3150 1244 3197 cer·

174 3235 240 3300 tum
263 3237 312 3301 est
333 3236 500 3313 Ovidium,
533 3258 595 3304 una
622 3240 727 3304 littere
750 3239 840 3304 aliter
862 3239 996 3321 scripte,
1034 3237 1244 3304 mobilitatem

173 3358 446 3419 commemorasse3
487 3363 557 3409 cum
577 3345 687 3427 forma
720 3346 842 3428 quidem
865 3345 1136 3427 comparationem,
1159 3361 1244 3423 quae·

172 3464 305 3531 cumque
326 3448 368 3514 eit
391 3449 475 3527 laus,
507 3450 645 3532 ineptam
667 3468 733 3515 esse
755 3468 860 3515 omues
883 3448 1095 3523 consentiunt;
1133 3447 1244 3512 sedin

175 3552 334 3619 nobilitate
356 3553 482 3621 difficile
506 3557 587 3631 erat,
611 3555 682 3638 quid
704 3556 743 3621 ad
765 3555 1003 3639 comparandum
1020 3554 1244 3631 adsumeretur,

174 3660 322 3741 reperire;
346 3670 545 3745 (quamquam
567 3681 643 3728 rarae
666 3664 766 3728 estet
787 3661 888 3727 omnia
910 3660 1083 3744 superantis
1104 3658 1245 3742 pravita-

174 3764 215 3830 tis
229 3767 360 3851 fordom
381 3767 489 3832 bovem
511 3768 543 3832 in
565 3768 736 3835 nobilitatis
761 3768 986 3851 comparatione
1001 3783 1125 3850 ponere,
1148 3763 1245 3829 etiam

172 3870 300 3952 sordem
330 3875 430 3941 solum
463 3891 518 3956 pro
552 3874 766 3952 substantivo).
821 3875 954 3957 Reperio
978 3873 1010 3938 in
1046 3872 1142 3936 altera
1170 3887 1246 3935 voce

174 3994 247 4042 vero
269 3980 462 4045 scribendum
484 3979 624 4045 ridetur:

526 4084 673 4149 Mobilior
696 4085 799 4151 dama
857 4100 860 4115 ¹
