2678 5018
526 622 670 696 Vergilius.
1045 622 1084 685 37

67 823 237 888 discrimine
259 826 416 907 seperate,
449 823 529 908 quod
551 823 655 888 tenere
684 824 716 887 et
741 821 802 886 illis
830 821 936 897 vitetis
958 823 1126 904 persedere

65 928 280 993 difficillimum
304 931 364 995 est.
416 929 631 996 Nominetivus
663 926 817 1011 (Scylla,¹
848 926 1036 1012 Charybdin),
1072 930 1130 1012 qui·

63 1035 145 1100 nulle
165 1037 234 1100 arte
251 1035 458 1100 tolerabiliter
478 1036 510 1100 in
540 1035 724 1100 structuram
745 1034 858 1101 includi
878 1036 990 1119 potest,
1012 1035 1043 1099 in
1066 1055 1125 1100 nuo
1189 1062 1193 1068 =

64 1147 92 1207 et
121 1142 222 1207 eltero
255 1140 359 1206 codiee
387 1148 442 1207 eut
472 1142 537 1208 solo
563 1160 663 1206 errore
694 1141 805 1205 litterae
826 1164 868 1201 en
901 1141 1001 1206 finalis
1033 1141 1123 1207 omit

62 1247 159 1314 teudae
196 1249 284 1312 ortus
326 1251 373 1314 est
416 1250 530 1334 (itaque
571 1249 602 1312 in
648 1246 752 1330 scyta
794 1266 852 1311 une
888 1247 957 1330 plus
996 1248 1123 1312 testium

62 1355 162 1429 lubet,
198 1372 293 1435 quum
324 1357 357 1420 iu
398 1353 578 1439 Cleomenis,
610 1354 690 1437 quod
721 1357 827 1436 postes
859 1353 1124 1440 accommodatum

62 1464 127 1536 est),
172 1464 229 1525 unt
263 1480 299 1525 en
340 1462 559 1545 praepositionis
597 1461 714 1544 positu,
758 1459 810 1541 qui
841 1459 924 1535 feeit,
966 1461 1001 1522 nt
1034 1478 1125 1541 preve

62 1570 184 1630 lentum
235 1565 276 1630 ed
319 1568 479 1649 sequentia
526 1568 705 1633 traheretur.
769 1566 896 1630 Reieete
944 1567 1045 1630 eutem
1094 1565 1141 1630 in‘

62 1672 195 1735 alterum
235 1691 360 1737 versum
399 1675 571 1758 praepositio
624 1681 707 1748 (nem
745 1661 802 1737 de'
825 1673 963 1737 subieots
1005 1672 1125 1754 utrique

61 1779 179 1843 nomini
228 1778 364 1842 dubitari
406 1779 475 1844 AEn.
509 1781 539 1853 l,
584 1779 777 1863 meamque
824 1779 882 1843 loni
915 1797 974 1842 nou
1008 1779 1124 1852 sinunt)

61 1885 239 1949 defenditur
260 1904 318 1949 uon
341 1886 437 1951 solum
466 1888 617 1953 similibus
646 1886 792 1968 exemplis
819 1884 877 1956 Xl,
910 1884 968 1946 149
996 1887 1027 1946 et
1054 1882 1125 1955 509,

62 1991 275 2075 similioreque
311 1992 382 2058 libri
417 1993 491 2067 VII,
528 1995 587 2056 441
626 1997 657 2060 et
691 1993 770 2055 442:
819 2001 967 2053 etoleno
992 1989 1126 2073 ’11191111

60 2098 136 2159 ester
158 2107 250 2174 (nem
272 2101 353 2181 quod
374 2099 416 2164 ibi
432 2100 570 2165 nonnihil
586 2098 876 2182 positusmitigstur
891 2097 1004 2162 reiecto
1029 2096 1123 2161 etiem

59 2225 166 2287 regrum
189 2205 222 2269 in
247 2204 378 2269 alterum
400 2224 531 2283 versum,
565 2205 694 2270 eandem
723 2205 773 2269 hio
795 2205 857 2268 vim
879 2203 972 2267 hebet
997 2202 1124 2267 adinno-

60 2316 125 2376 tum
147 2310 246 2376 illud:
269 2321 429 2395 utramque
448 2315 530 2373 eiam
553 2311 623 2388 leti),
636 2311 690 2376 sed
712 2330 834 2394 prorsus
856 2310 922 2393 pari
944 2309 1057 2394 Georg.
1083 2309 1125 2387 11⁴

60 2416 119 2479 344
142 2421 178 2482 et
199 2416 279 2480 345:
305 2417 468 2501 friqueqoe
504 2416 693 2501 caloremque
715 2417 808 2482 Inter.
864 2417 924 2480 Sed
946 2436 1008 2481 una
1027 2416 1123 2479 relin-

60 2524 164 2606 quitur
188 2542 311 2587 summa
333 2523 477 2605 pravitas
521 2524 601 2588 Nam
635 2525 715 2589 haec:
755 2522 867 2587 Contra
900 2526 981 2586 iussa
1004 2531 1125 2584 monent

60 2629 174 2692 Heleni
214 2630 260 2694 sio
303 2629 484 2703 inferuntur,
525 2632 672 2713 tunquam
715 2631 777 2695 iam
821 2631 1025 2714 significatum
1073 2628 1124 2700 sit,

60 2736 154 2801 fstele
178 2734 219 2799 ad
241 2736 481 2818 septentrionem
503 2757 607 2802 versus
628 2736 793 2820 navigandi
815 2738 985 2801 consilium.
1029 2735 1125 2816 Atqui

61 2842 135 2906 nihil
162 2841 281 2907 dietum
315 2846 373 2919 est,
409 2843 468 2907 nisi
505 2862 683 2926 quoeunque
714 2844 858 2914 Troianos
890 2844 993 2926 fugere
1034 2841 1123 2906 velle.

61 2948 182 3012 Deinde
221 2950 289 3030 ipsa
324 2948 379 3013 illa
415 2949 534 3013 consilii
578 2950 760 3033 significatio
801 2949 844 3014 sic
876 2949 923 3013 his
962 2948 1123 3014 subiicitur

63 3052 206 3132 (Certum
240 3065 281 3116 eet
302 3055 377 3116 dore
409 3053 504 3136 11),
535 3057 622 3138 quasi
655 3075 689 3119 en
725 3056 799 3138 ipsis
821 3056 931 3120 Heleni
954 3055 1046 3119 iussis
1069 3055 1124 3118 hoo

62 3164 219 3236 uersentur,
241 3161 350 3243 quibus
374 3160 500 3225 adverse
520 3161 790 3246 fronterepugnet.
824 3163 920 3236 Hune,
943 3181 1001 3243 qua
1017 3179 1122 3243 reapse

63 3268 128 3331 sols
151 3267 238 3330 loeus
252 3267 411 3348 premitur,
433 3266 647 3333 difficultatem
670 3268 758 3333 tollet
773 3268 945 3331 unalittera
957 3268 1124 3351 geminate,

62 3392 122 3436 uns
145 3372 278 3437 sdieete.
323 3373 375 3437 Sie
397 3374 478 3437 enim
501 3374 691 3438 scribendum
715 3376 780 3438 est:

467 3482 498 3543 et
518 3480 627 3544 ventis*
641 3481 799 3546 intendere
822 3482 889 3545 vela
911 3479 1061 3544 secundis.

124 3585 255 3659 Contra,
277 3607 313 3647 oe
333 3587 419 3650 iussa
439 3587 566 3649 monent
586 3586 707 3663 Heleni,
744 3586 878 3671 Scyllam
907 3590 998 3670 etque
1020 3584 1102 3651 Che-

933 3691 1053 3774 rybdim

121 3800 219 3870 inter,
242 3799 402 3881 utramque
424 3798 506 3860 nium
528 3797 583 3861 leti
605 3797 781 3862 discrimine
802 3817 902 3880 parvo,

0 3943 10 3995 J
123 3904 157 3967 ui
180 3903 224 3984 (oz
240 3906 289 3981 ne)
312 3903 441 3967 teneant
463 3923 578 3983 eureus,
602 3905 718 3968 eertum
742 3906 790 3969 est
811 3903 883 3968 dare
904 3904 999 3967 lintea
1019 3902 1111 3967 retro.

0 4000 1 4030 ἢ
120 4011 205 4074 Eece
227 4011 330 4074 autem
356 4011 415 4073 111.

158 4117 228 4180 lam
252 4117 357 4181 omnis
378 4117 463 4181 reete
484 4116 661 4200 procedunt.
716 4116 841 4179 Terrore
873 4115 1042 4178 oooaeeeute
1070 4113 1124 4177 ob·

6 4197 10 4282 i*
64 4221 114 4299 lt,
157 4241 226 4305 quae
248 4222 386 4287 Helenus
409 4222 499 4287 vitari
530 4223 679 4298 iussisset,
711 4224 793 4286 retro
823 4221 891 4286 vela
913 4222 984 4285 dare
1006 4220 1120 4286 eonsti-

65 4330 199 4405 1111111,
236 4348 308 4393 eum
340 4328 448 4392 Boreae
473 4329 565 4393 fietus
594 4328 777 4412 supervenit.
833 4327 889 4393 Est
909 4328 959 4392 hie
979 4328 1062 4392 loeus
1085 4346 1120 4390 ex

65 4432 105 4509 iis,
137 4436 168 4500 in
203 4434 318 4517 quibus
341 4434 507 4500 verendum
544 4438 603 4508 est,
638 4454 675 4500 ne
707 4434 840 4499 editores
870 4437 1119 4515 enarratoresque
