2656 5056
427 692 564 747 Ciceronis
584 693 729 748 orationes.
1010 694 1066 756 141

37 887 215 954 orationem
248 907 314 953 osse
349 888 571 954 Mommseuius
608 888 696 960 vidit,
732 890 911 975 corrigendo
949 891 1111 957 aberravit.

37 992 124 1058 Nem
147 997 219 1076 post
239 1014 311 1060 non
336 993 508 1077 denique
530 993 697 1076 requiritur
719 977 903 1078 significatio
926 997 1002 1075 eins,
1030 997 1112 1080 quod

39 1100 211 1166 ruiuimnm
234 1099 402 1183 exspectari
424 1100 574 1166 debuerit.
619 1101 692 1166 Sine
714 1099 809 1167 dubio
831 1103 980 1184 scriptum
995 1103 1111 1169 fueret:

39 1224 117 1271 uon
142 1206 845 1291 denique<uou>edolesosutemq.
882 1207 1113 1274 NoluitOioero

41 1331 179 1378 senem
203 1312 315 1390 dicere,
337 1312 484 1395 quonium
506 1314 581 1378 setis
603 1319 670 1377 eret
692 1313 788 1378 virilis
814 1314 914 1380 notetis
936 1314 1112 1396 pontificem

41 1419 181 1484 affuisse.
217 1418 353 1483 Librurio
375 1418 476 1482 minus
499 1416 665 1502 diligenter
686 1419 859 1487 obtendenti
879 1420 976 1490 altero
990 1422 1112 1506 negotio

43 1508 204 1591 abundare
225 1524 292 1590 viss
313 1525 413 1601 est.*)

136 1652 225 1718 ibid.
259 1654 333 1717 141:
370 1653 499 1733 Quare
536 1654 630 1736 quid
668 1657 730 1720 est
766 1657 923 1733 mirum,
960 1655 994 1720 si
1031 1655 1114 1720 iste

45 1764 177 1825 metus
198 1759 332 1826 furore
355 1760 598 1835 instinctus,
620 1763 776 1827 scetere
792 1780 970 1844 praeceps
988 1780 1115 1843 usquc

45 1866 271 1932 institutus
303 1867 553 1933 coerimonias
586 1867 774 1950 persequi
804 1887 930 1951 nsque
953 1868 1114 1933 verbum

47 1970 174 2035 ullum
197 1970 395 2037 sollemne
416 1973 553 2054 potuit
575 1973 721 2038 effari?
764 1974 873 2056 Neque
902 1975 1014 2038 furor
1036 1991 1113 2037 me·

47 2080 114 2142 tus
136 2077 416 2159 rectediciturpro
439 2096 585 2162 penore
607 2083 726 2162 etque
748 2080 898 2156 furore,
922 2098 1019 2162 neque
1034 2080 1116 2144 nilus

47 2183 195 2248 minimus
225 2184 255 2248 in
278 2183 386 2249 Clodio
414 2184 603 2269 significetur
631 2188 769 2251 metus.
825 2185 1024 2252 Scribendum
1047 2187 1114 2251 est:

47 2288 165 2356 urentis
186 2288 322 2355 furore
343 2291 579 2357 instinctus.

150 2479 195 2544 De
217 2477 352 2564 beuusp.
374 2497 458 2566 rcsp.
482 2482 518 2546 7:
541 2500 632 2547 voce
654 2482 810 2546 tautum
834 2483 962 2567 attigi
985 2483 1118 2566 legum

47 2587 215 2651 initium
247 2589 286 2651 eb
317 2585 472 2651 indicii.
527 2586 588 2666 Qui
610 2586 835 2653 accusationem
857 2587 948 2653 elicui
972 2589 1116 2664 minatur,

46 2710 148 2775 usque
175 2692 338 2757 initium
368 2711 466 2776 usque
495 2692 587 2758 finem
616 2692 720 2778 legum
751 2693 879 2760 diceudo
902 2693 1040 2778 attingit,
1062 2693 1116 2758 sed

45 2799 104 2864 aut
126 2797 308 2881 simpliciter
330 2799 415 2882 leges
430 2801 496 2872 ont.
511 2799 591 2881 quod
607 2799 783 2864 Ciceronem
801 2799 960 2881 scripsisse
976 2800 1116 2875 arbitror,

45 2906 181 2988 legum
215 2907 334 2971 metum
367 2905 406 2970 et
437 2904 595 2970 iudicii.
641 2905 753 2987 (Supra
786 2906 806 2982 ξ
842 2906 858 2967 l
892 2905 1116 2988 periculum

45 3009 197 3077 iudicii
220 3010 374 3089 dixit.)**)

151 3138 231 3205 Ibid.
268 3141 327 3205 46:
371 3139 453 3205 Nou
496 3138 744 3205 sedabuntur
783 3139 1011 3217 discordiae,
1050 3141 1118 3205 sed

45 3245 174 3313 etiam
196 3245 407 3312 crescebat
428 3245 466 3310 iu
489 3263 555 3311 eos
577 3244 728 3324 odium,
750 3265 768 3310 a
790 3245 936 3329 quibus
958 3264 1028 3310 uos
1051 3247 1118 3312 de·

45 3351 163 3418 feudi
185 3352 434 3435 putabamur.
470 3351 507 3416 In
522 3350 679 3418 codicibus
695 3352 830 3436 sutiqnis
853 3353 945 3430 (PG)
965 3352 1119 3422 defensi

44 3456 206 3525 scribitur.
222 3456 421 3523 Scribcudum
435 3457 502 3522 siue
515 3458 609 3526 dubio
621 3461 683 3525 est:
698 3477 717 3524 a
731 3459 876 3541 quibus
892 3461 1118 3542 uos<uou>

46 3563 210 3630 detonsi
233 3563 487 3644 putabamur,
509 3566 566 3632 ant
589 3566 728 3631 tautum:
751 3584 770 3631 n
791 3564 938 3648 quibus
960 3582 1025 3632 uon
1050 3565 1119 3630 de·

44 3671 157 3737 sensi
179 3688 208 3752 p.
262 3668 331 3734 Non
364 3670 395 3734 io
427 3687 459 3734 se
493 3687 623 3751 suesque
655 3671 757 3751 partes
790 3670 913 3734 auctum
937 3674 1008 3754 post
1029 3691 1119 3737 sunm
1185 3688 1186 3691 ’

45 3843 284 3852 -c-——-—-——»

105 3961 131 4027 *t
150 3961 165 4029 ἐ
185 3959 236 4014 132
255 3977 269 4015 c
289 3960 430 4015 codicibus
453 3959 653 4016 restituendum
679 3966 721 4016 cst
749 3978 786 4017 ex
814 3960 939 4014 restris
968 3960 1119 4015 menibus

153 4069 188 4108 ec
207 4053 338 4108 fecibus
356 4055 465 4123 eripui
489 4055 550 4123 (pro
578 4052 753 4122 faucibus).
800 4053 824 4106 E
847 4052 972 4108 faucibus
997 4053 1119 4122 eripitur,

35 4140 41 4146 ’
73 4140 78 4149 ’
155 4146 227 4214 quod
245 4147 306 4215 quis
320 4146 451 4202 devorare
464 4154 588 4214 conatur,
601 4146 674 4216 quod
687 4146 720 4201 de
734 4163 763 4201 re
776 4146 887 4216 publico
899 4146 992 4214 inepte
1006 4146 1118 4215 dicitur3

154 4245 249 4293 orator
275 4239 430 4294 incendium
460 4241 519 4294 urbi
547 4241 710 4296 intentatum
737 4256 754 4294 a
781 4238 947 4294 Catiliuuriis
976 4241 1119 4308 siguificat.

153 4332 195 4387 De
213 4331 229 4401 ξ
248 4331 301 4387 140
319 4331 374 4387 dixi
397 4334 483 4386 lili-ine
500 4335 668 4400 oidolonis-cde
688 4333 809 4399 Scdrr'flen
828 4349 852 4401 p.
873 4333 932 4388 373.

88 4427 135 4492 **)
154 4426 170 4494 ξ
189 4426 232 4490 25,
261 4425 295 4480 ule
322 4442 376 4494 quo
405 4426 465 4481 loco
495 4427 551 4481 dixi
578 4426 648 4482 Adv.
673 4424 738 4479 Cn't
761 4425 789 4478 II
812 4443 838 4494 p.
857 4424 918 4492 225,
942 4426 1061 4482 fortusse
1084 4445 1116 4481 ex

154 4519 321 4574 liberatus
341 4519 442 4573 rectius
461 4518 578 4575 efficitur
597 4517 689 4574 libero
708 4514 795 4573 solito.
845 4565 852 4580 ,

1196 4195 1202 4229 t
