2648 5084
468 763 619 818 Suetonius.
964 763 1032 834 579ι

45 962 183 1028 lesdam
217 961 378 1025 fortunae
408 961 523 1044 atque
560 961 874 1026 existimationis
900 963 1068 1049 'integrae

77 1068 220 1133 iisdem
261 1068 459 1132 ordinibus
496 1067 744 1133 confectores
781 1087 927 1152 quoque
962 1071 1067 1135 scra·

49 1194 99 1249 m,
126 1175 199 1249 oet.)
689 1168 692 1174 ’

105 1279 170 1344 Ibd.
212 1278 265 1367 17:
309 1278 401 1344 item
439 1281 605 1358 (cautum),
649 1282 691 1344 ut
732 1279 961 1365 litigatores
999 1302 1067 1365 pro

45 1385 239 1451 ‚trociuiis
275 1389 417 1450 certam
457 1386 680 1469 iustamque
724 1387 953 1462 mercedem,
996 1408 1066 1470 pro

51 1491 211 1556 bsclliis
234 1492 379 1556 nullam
403 1493 558 1557 omniuo
581 1490 737 1569 darent,
760 1493 954 1575 praebeute
977 1514 1066 1560 aera·

45 1598 414 1682 ogratuita‚·utque
435 1616 559 1661 rerum
583 1580 679 1661 actu
706 1598 778 1674 (hoc
807 1598 864 1673 est,
889 1598 928 1665 iis
950 1601 1066 1665 meusi-

45 1726 70 1783 s,
80 1705 189 1788 quibus
200 1705 314 1770 iudicia
326 1704 542 1769 exercebantur
553 1719 651 1784 neque
662 1704 816 1769 iustitium
828 1707 907 1783 erat)
918 1707 1065 1787 abuera-

45 1831 197 1877 acausae
212 1810 255 1875 ad
277 1811 403 1875 forum
426 1828 467 1875 ac
489 1809 780 1890 reciperatores
802 1804 1064 1880 transferren-

50 1938 74 1983 r.
118 1919 178 1983 Cur
200 1918 258 1982 boc
279 1915 402 1981 additur
423 1935 548 1981 rerum
570 1917 681 1979 actua
736 1915 806 1990 Sed,
839 1919 919 2002 quod
940 1921 1064 2004 gravius

45 2044 62 2101 z,
94 2027 224 2089 anteaue
259 2023 376 2088 iudicia
405 2022 444 2087 ad
473 2022 613 2086 ararium
646 2021 763 2086 liebaut
790 2042 846 2089 nec
872 2027 953 2108 apud
976 2046 1065 2093 recu-

45 2130 179 2194 ratoresl
221 2148 259 2194 an
310 2129 438 2213 prolatis
469 2115 562 2193 rebus
608 2127 720 2192 iudicia
754 2129 786 2193 iu
818 2132 925 2197 aerario
956 2135 1066 2200 eraut?

44 2253 188 2318 amquam
210 2254 309 2301 causae
329 2254 398 2319 ⁴pro
412 2234 542 2299 ¹iudiciis
573 2253 631 2298 nou
664 2237 747 2301 recte
770 2235 922 2305 dicuutur.
965 2240 1064 2320 (Quod

45 2343 161 2406 uastius
194 2341 314 2406 scribit:
349 2359 469 2418 „causae
491 2359 544 2415 eae,
578 2359 646 2423 quaa
679 2340 777 2405 adhuc
810 2344 890 2426 apud
923 2347 1063 2411 amrium
1147 2372 1149 2375 ·
1179 2387 1183 2395 -

45 2450 137 2523 rent“,
169 2447 246 2511 nihil
277 2447 358 2530 apud
381 2447 559 2513 Suetonium
592 2447 631 2512 de
663 2449 747 2511 certo
768 2467 880 2532 genera
902 2469 1063 2518 causarum

45 2554 213 2631 nificatur.)
255 2553 440 2619 Tollendum
462 2572 596 2618 causae.
651 2552 805 2620 Subsellia
825 2556 916 2622 rebus
938 2558 1065 2639 prolatis

54 2662 160 2725 aerario
181 2656 391 2735 satiabantur,
426 2661 517 2724 rebus
539 2658 738 2725 redeuntibus
761 2662 818 2738 (sic
840 2681 959 2746 quoque
980 2665 1064 2729 enim

45 2767 203 2851 luebantur
226 2767 264 2831 de
299 2783 402 2830 rerum
439 2766 510 2830 actu
531 2766 692 2842 redeunte)
716 2767 755 2831 ad
776 2769 874 2833 forum
899 2770 1064 2834 transfere-

45 2877 112 2940 ntur
132 2874 326 2958 gratuitoque
350 2872 572 2955 praebebantur.
628 2871 706 2937 (lum
740 2892 799 2938 nou
829 2875 1063 2959 intelligeretur,

45 2981 78 3046 od
117 2985 201 3047 essct
243 2979 405 3045 sententia
442 2978 633 3050 subiectum,
671 2979 810 3046 additum
851 2983 899 3046 est
931 3000 1060 3048 causa.

44 3108 60 3151 ,·.
86 3085 192 3152 Claud.
217 3086 265 3151 10.
297 3163 299 3167 ¹
389 3156 392 3161 ,
429 3112 435 3123 ·

100 3195 167 3259 Ibd.
201 3193 242 3257 20
273 3213 290 3258 e
322 3192 461 3259 codicum
491 3190 629 3276 vestigiis
662 3191 808 3257 facillime
840 3196 874 3260 eb
900 3194 1062 3276 aptissime

45 3301 146 3365 icitur:
190 3298 538 3367 excellentissimo
577 3301 703 3373 cultu,
740 3301 854 3383 puris
896 3320 937 3366 ac
977 3303 1062 3367 siue

49 3407 114 3471 ulo
137 3405 249 3475 lovis.
300 3407 436 3473 Venerat
458 3406 517 3472 boc
537 3406 569 3471 iu
592 3407 729 3473 mentem
753 3403 976 3488 Oudendorpio,
1008 3405 1062 3470 sed

45 3530 103 3578 rere
125 3531 218 3577 ausus
239 3530 299 3577 non
322 3515 379 3579 est.

99 3617 165 3682 lbd.
188 3617 246 3682 28:
268 3619 526 3695 meretricem,
549 3637 660 3702 quam
686 3619 788 3683 fama
809 3619 895 3683 erat
917 3616 1062 3702 Agrip<-

46 3743 98 3789 nae
148 3724 416 3802 simillimam,
468 3724 576 3790 inter
624 3725 862 3809 concubinas
905 3724 1062 3808 recepit

47 3830 87 3895 od
109 3831 218 3896 abesse
239 3832 362 3915 nequit,
394 3831 510 3896 intere
536 3818 570 3896 xot
598 3832 632 3894 si
663 3831 788 3897 excidit:
832 3828 1062 3913 Agrippina

45 3957 76 3999 sa
97 3935 354 4003 simillimam.
707 3963 709 3966 ·

98 4043 165 4110 Ibd.
198 4041 266 4111 322.
297 4043 399 4108 Ante
435 4043 563 4108 omnia
590 4044 790 4119 instituit,
821 4046 861 4107 ut
889 4060 906 4106 e
931 4042 1062 4107 liber·

44 4170 124 4215 rum
164 4150 435 4215 defunctorum
468 4149 581 4216 bonis
613 4166 679 4232 pro
708 4146 867 4213 semisse
896 4147 1061 4214 dextans

53 4258 274 4341 cogeretur,
297 4257 360 4339 qui
382 4256 465 4322 sine
487 4254 682 4339 probabili
704 4271 822 4318 causa
843 4271 883 4317 eo
905 4255 1060 4320 nomine

45 4366 140 4439 sent,
184 4381 255 4446 quc
290 4363 464 4428 fuissent
500 4361 588 4426 ullae
624 4361 804 4437 familia,
847 4379 942 4443 quas
976 4363 1060 4445 ipse

45 4454 262 4555 utingeret.
315 4468 515 4551 Perspicuum
547 4468 606 4533 erit
635 4468 718 4532 recte
740 4467 913 4533 attendenti
945 4469 1061 4553 aliquid

45 4597 120 4654 esse3
157 4596 229 4671 nam
260 4575 320 4640 duo
352 4575 433 4640 Nero
468 4574 508 4639 ad
546 4574 656 4639 fiscum
693 4562 854 4639 ditandum
890 4574 1060 4652 coustituit,

814 4681 862 4734 er·
