2678 5016
541 618 649 675 Senon

157 821 302 886 leerimne
324 821 506 903 sequentum
528 818 559 884 hi
581 817 740 885 maritales
762 818 869 884 stetim

157 925 314 992 fodiantur
337 925 429 992 oonli.

60 1030 166 1116 Neque
187 1032 347 1122 moriteles
377 1030 457 1096 oenli
483 1033 535 1116 qni
556 1032 633 1106 nint,
657 1033 818 1115 qnisqnnm
841 1032 990 1115 expediet,
1025 1051 1123 1118 neque

63 1133 186 1202 hiferri
207 1139 318 1220 potest.
361 1136 577 1204 Senbendnm:

507 1242 630 1308 sedibus
651 1242 733 1324 pulsi
755 1243 820 1308 euin

127 1360 132 1366 ’
259 1351 403 1416 leerimns
424 1351 606 1433 sequentur!
654 1345 704 1410 Di
723 1348 893 1423 mensales,
915 1348 1023 1413 stetim

258 1456 415 1536 fodientur
426 1456 524 1522 oculi!

162 1564 314 1636 Invocat,
345 1580 422 1646 qnos
448 1563 565 1628 ineesto
586 1557 733 1637 laeserat',
765 1563 801 1625 nt
822 1577 943 1643 penem
966 1557 1122 1643 adiuvent

65 1666 119 1732 Sed
140 1686 272 1751 prorum
294 1669 388 1735 etiem
403 1666 538 1752 strodere
558 1666 591 1730 in
613 1665 810 1750 significando
833 1683 884 1739 eo,
917 1664 998 1747 qnod
1020 1664 1125 1729 hante·

65 1793 116 1839 nm
148 1774 266 1840 fontum
300 1774 429 1858 posthae
468 1772 596 1856 OEdipus
629 1771 696 1836 fieri
729 1788 789 1835 non
821 1770 898 1836 volt.
942 1768 1125 1836 Necessario

65 1881 246 1962 postuletur:
432 1932 437 1937 .

466 1985 624 2050 Haemone
638 1981 779 2065 fundunt
799 1981 899 2046 levem
1015 2064 1022 2069 ἱ

253 2089 343 2156 oeuli
363 2089 527 2172 liquorem!

157 2195 225 2261 Ibd.
250 2194 314 2257 992
330 2194 382 2272 (de
403 2192 567 2277 OEoipodc,
590 2193 642 2277 qui
663 2193 694 2258 vi
716 2194 749 2257 et
768 2210 848 2276 aegre
870 2192 972 2258 oeulos
995 2193 1123 2272 effodit):

191 2301 330 2365 Tantum
352 2303 401 2366 est
422 2300 570 2382 petiolum
591 2299 679 2364 lueis.
728 2297 854 2363 Attollit
875 2301 967 2391 eepnt

194 2406 342 2503 cavisque
363 2407 497 2472 lustr-ens
518 2405 641 2470 orbibus
663 2403 729 2469 oaeli
750 2403 858 2486 plagas
941 2455 946 2464 .

193 2515 318 2578 nortem
341 2513 501 2594 experitur.
895 2517 898 2522 ·

67 2613 144 2694 Qnoo
165 2616 340 2698 perieulum
360 2618 437 2682 lueis
460 2616 674 2701 significetur?
710 2613 858 2681 Mendnm
881 2616 1005 2681 subesse
1027 2612 1125 2679 sensit

67 2717 101 2786 N.
122 2721 282 2797 Heinsius,
303 2721 358 2787 sed
382 2721 559 2805 corrigendo
580 2719 744 2786 aberravit.
791 2721 889 2786 Sem'bi
910 2721 1044 2804 oportet:

266 2828 397 2889 Factum
418 2830 467 2891 ost
487 2825 636 2910 petiolum
657 2826 745 2892 lueis.

157 2933 291 2999 Lnditur
318 2934 445 3015 (inepte,
471 2934 526 2999 sed
552 2935 588 2997 ut
614 2933 644 2997 in
663 2932 727 2997 'his'
749 2933 907 3016 tragoediis
934 2932 1001 2997 fieri
1028 2930 1122 3011 solet)

62 3037 92 3100 in
110 3037 191 3103 loeis
213 3038 348 3121 periculo
362 3039 510 3103 haetenus
532 3038 614 3104 fonto
638 3039 670 3103 et
689 3039 787 3104 noetis
803 3037 1018 3121 experimento,
1041 3034 1123 3120 quod

62 3160 138 3208 nnne
161 3144 292 3228 eapitur.
855 3141 859 3145 ’
1085 3204 1088 3207 ,

56 3245 71 3262 “
157 3248 276 3314 Trono.
300 3249 360 3312 255
383 3251 426 3328 (in
448 3251 559 3335 Pyrrhi
580 3250 620 3316 ed
642 3250 910 3333 Agamemnonem
932 3248 1059 3326 verbim:

158 3355 329 3420 Dubitntur
348 3356 465 3420 etiem?
501 3357 621 3422 Plenite
642 3374 722 3421 nune
744 3356 847 3421 subito·
868 3352 1023 3435 improbae

157 3460 335 3544 Pn'nmique
359 3463 465 3527 notam
488 3460 573 3526 Pelei
596 3462 690 3546 gnato
712 3461 812 3528 ferum
1037 3457 1039 3460 ’

159 3567 298 3632 mantare
320 3566 441 3632 eredis?
1034 3610 1039 3618 -

58 3669 141 3736 Nihil
164 3671 197 3735 in
219 3671 425 3754 superioribus
446 3671 638 3757 significatur
659 3673 698 3737 de
722 3673 812 3755 paeto
833 3674 924 3737 anteo
946 3690 978 3736 re
992 3672 1033 3753 et
1055 3671 1124 3753 plo·

59 3778 128 3856 nite,
153 3778 321 3860 contraque
336 3778 439 3842 omnia
452 3777 497 3842 sie
516 3777 670 3853 dicuntur,
692 3778 728 3842 ut
748 3795 829 3841 nune
844 3775 969 3843 demum
985 3777 1121 3862 Pyrrhus

59 3883 147 3949 hnine
170 3884 216 3949 rei
237 3882 427 3947 mentionem
450 3881 574 3948 iniicere
596 3882 739 3966 fingatur.
787 3881 956 3965 Son’pserat
977 3884 1085 3967 poeta:

460 3980 593 4068 Placido
614 4006 696 4052 nuno
719 3987 819 4052 subito
835 3989 953 4071 probae

256 4093 432 4177 Pn'nmiqne
457 4095 563 4160 notam
585 4094 672 4158 Pelei
693 4094 788 4177 gnato
810 4092 910 4158 ferum

256 4203 393 4266 msetnre
415 4198 536 4265 eredis?

153 4307 220 4373 Ibd.
246 4305 324 4370 288:
