<?xml version="1.0" encoding="UTF-8"?>
<!DOCTYPE html PUBLIC "-//W3C//DTD XHTML 1.0 Transitional//EN"
    "http://www.w3.org/TR/xhtml1/DTD/xhtml1-transitional.dtd">
<html xmlns="http://www.w3.org/1999/xhtml" xml:lang="en" lang="en">
 <head>
  <title>
</title>
<meta http-equiv="Content-Type" content="text/html;charset=utf-8" />
  <meta name='ocr-system' content='tesseract 3.04.00' />
  <meta name='ocr-capabilities' content='ocr_page ocr_carea ocr_par ocr_line ocrx_word'/>
</head>
<body>
  <div class='ocr_page' id='page_1' title='image "./ioniemadvigiiad00madvgoog_0827.png"; bbox 0 0 2656 5056; ppageno 0'>
   <div class='ocr_carea' id='block_1_1' title="bbox 423 729 1061 799">
    <p class='ocr_par' dir='ltr' id='par_1_1' title="bbox 423 729 1061 799">
     <span class='ocr_line' id='line_1_1' title="bbox 423 729 1061 799; baseline 0.02 -15"><span class='ocrx_word' id='word_1_1' title='bbox 423 730 562 788; x_wconf 82' lang='lat' dir='ltr'><strong>Ciceronis</strong></span> <span class='ocrx_word' id='word_1_2' title='bbox 580 729 726 788; x_wconf 85' lang='lat' dir='ltr'><strong>orationes.</strong></span> <span class='ocrx_word' id='word_1_3' title='bbox 1007 732 1061 799; x_wconf 86' lang='lat'><strong>131</strong></span> 
     </span>
    </p>
   </div>
   <div class='ocr_carea' id='block_1_2' title="bbox 1 925 1107 1013">
    <p class='ocr_par' dir='ltr' id='par_1_2' title="bbox 1 925 1107 1013">
     <span class='ocr_line' id='line_1_2' title="bbox 1 925 1107 1013; baseline 0.004 -22"><span class='ocrx_word' id='word_1_4' title='bbox 1 947 4 951; x_wconf 46' lang='lat'><strong><em>¹</em></strong></span> <span class='ocrx_word' id='word_1_5' title='bbox 37 927 99 999; x_wconf 87' lang='lat' dir='ltr'><strong>est,</strong></span> <span class='ocrx_word' id='word_1_6' title='bbox 123 943 198 1009; x_wconf 89' lang='lat' dir='ltr'><strong>quas</strong></span> <span class='ocrx_word' id='word_1_7' title='bbox 214 925 273 1008; x_wconf 90' lang='lat' dir='ltr'><strong>ipsi</strong></span> <span class='ocrx_word' id='word_1_8' title='bbox 289 927 430 1006; x_wconf 78' lang='lat' dir='ltr'>edebant,</span> <span class='ocrx_word' id='word_1_9' title='bbox 447 928 548 994; x_wconf 82' lang='lat' dir='ltr'><strong>fulciri</strong></span> <span class='ocrx_word' id='word_1_10' title='bbox 566 927 718 995; x_wconf 89' lang='lat' dir='ltr'><strong>dicuntur.</strong></span> <span class='ocrx_word' id='word_1_11' title='bbox 754 928 858 995; x_wconf 80' lang='lat' dir='ltr'><strong>(iicero</strong></span> <span class='ocrx_word' id='word_1_12' title='bbox 872 947 938 994; x_wconf 89' lang='lat' dir='ltr'><strong>rem</strong></span> <span class='ocrx_word' id='word_1_13' title='bbox 953 929 1107 1013; x_wconf 81' lang='lat' dir='ltr'>publicam</span> 
     </span>
    </p>
   </div>
   <div class='ocr_carea' id='block_1_3' title="bbox 4 1032 1107 1217">
    <p class='ocr_par' dir='ltr' id='par_1_3' title="bbox 4 1032 1107 1217">
     <span class='ocr_line' id='line_1_3' title="bbox 35 1032 1107 1120; baseline 0.004 -24"><span class='ocrx_word' id='word_1_14' title='bbox 35 1032 199 1097; x_wconf 76' lang='lat' dir='ltr'><strong>labantem</strong></span> <span class='ocrx_word' id='word_1_15' title='bbox 229 1050 265 1099; x_wconf 89' lang='lat' dir='ltr'><strong>ac</strong></span> <span class='ocrx_word' id='word_1_16' title='bbox 291 1036 431 1099; x_wconf 88' lang='lat' dir='ltr'><strong>ruentem</strong></span> <span class='ocrx_word' id='word_1_17' title='bbox 463 1054 496 1103; x_wconf 87' lang='lat' dir='ltr'><strong>se</strong></span> <span class='ocrx_word' id='word_1_18' title='bbox 524 1034 661 1100; x_wconf 87' lang='lat' dir='ltr'><strong>Murenae</strong></span> <span class='ocrx_word' id='word_1_19' title='bbox 690 1035 838 1100; x_wconf 80' lang='lat' dir='ltr'><strong>custodia</strong></span> <span class='ocrx_word' id='word_1_20' title='bbox 868 1035 988 1100; x_wconf 77' lang='lat' dir='ltr'><strong>tradere</strong></span> <span class='ocrx_word' id='word_1_21' title='bbox 1010 1037 1107 1120; x_wconf 80' lang='lat' dir='ltr'><strong>signi·</strong></span> 
     </span>
     <span class='ocr_line' id='line_1_4' title="bbox 4 1139 165 1217; baseline 0.019 -16"><span class='ocrx_word' id='word_1_22' title='bbox 4 1195 8 1201; x_wconf 88' lang='grc'><em>,</em></span> <span class='ocrx_word' id='word_1_23' title='bbox 37 1139 165 1217; x_wconf 80' lang='lat' dir='ltr'><strong>ficat&#39;)</strong></span> 
     </span>
    </p>
   </div>
   <div class='ocr_carea' id='block_1_4' title="bbox 1 1278 1113 3365">
    <p class='ocr_par' dir='ltr' id='par_1_4' title="bbox 1 1278 1113 3365">
     <span class='ocr_line' id='line_1_5' title="bbox 144 1278 1108 1365; baseline 0.004 -22"><span class='ocrx_word' id='word_1_24' title='bbox 144 1279 222 1346; x_wconf 92' lang='lat' dir='ltr'><strong>lbid.</strong></span> <span class='ocrx_word' id='word_1_25' title='bbox 238 1278 295 1345; x_wconf 85' lang='lat'><strong>39:</strong></span> <span class='ocrx_word' id='word_1_26' title='bbox 319 1281 393 1347; x_wconf 85' lang='lat' dir='ltr'><strong>Sed</strong></span> <span class='ocrx_word' id='word_1_27' title='bbox 415 1283 448 1346; x_wconf 91' lang='lat' dir='ltr'><strong>si</strong></span> <span class='ocrx_word' id='word_1_28' title='bbox 469 1285 625 1348; x_wconf 83' lang='lat' dir='ltr'><strong>nosmet</strong></span> <span class='ocrx_word' id='word_1_29' title='bbox 646 1282 741 1365; x_wconf 90' lang='lat' dir='ltr'><strong>ipsi,</strong></span> <span class='ocrx_word' id='word_1_30' title='bbox 765 1281 831 1365; x_wconf 91' lang='lat' dir='ltr'><strong>qni</strong></span> <span class='ocrx_word' id='word_1_31' title='bbox 854 1281 893 1345; x_wconf 92' lang='lat' dir='ltr'><strong>et</strong></span> <span class='ocrx_word' id='word_1_32' title='bbox 914 1280 1108 1347; x_wconf 87' lang='lat' dir='ltr'><strong>abdelec·</strong></span> 
     </span>
     <span class='ocr_line' id='line_1_6' title="bbox 1 1378 1109 1472; baseline 0.003 -22"><span class='ocrx_word' id='word_1_33' title='bbox 1 1378 8 1414; x_wconf 53' lang='lat'><strong>”³</strong></span> <span class='ocrx_word' id='word_1_34' title='bbox 35 1387 202 1452; x_wconf 89' lang='lat' dir='ltr'><strong>tatione</strong></span> <span class='ocrx_word' id='word_1_35' title='bbox 235 1389 340 1453; x_wconf 92' lang='lat' dir='ltr'><strong>omni</strong></span> <span class='ocrx_word' id='word_1_36' title='bbox 371 1387 554 1472; x_wconf 82' lang='lat' dir='ltr'><strong>negotiis</strong></span> <span class='ocrx_word' id='word_1_37' title='bbox 590 1387 833 1470; x_wconf 82' lang='lat' dir='ltr'><strong>impedimur</strong></span> <span class='ocrx_word' id='word_1_38' title='bbox 870 1391 911 1452; x_wconf 91' lang='lat' dir='ltr'><strong>et</strong></span> <span class='ocrx_word' id='word_1_39' title='bbox 945 1387 984 1451; x_wconf 92' lang='lat' dir='ltr'><strong>in</strong></span> <span class='ocrx_word' id='word_1_40' title='bbox 1020 1386 1109 1470; x_wconf 86' lang='lat' dir='ltr'><strong>ipsa</strong></span> 
     </span>
     <span class='ocr_line' id='line_1_7' title="bbox 36 1493 1107 1575; baseline 0 -18"><span class='ocrx_word' id='word_1_41' title='bbox 36 1493 309 1575; x_wconf 89' lang='lat' dir='ltr'><strong>occupatione</strong></span> <span class='ocrx_word' id='word_1_42' title='bbox 332 1493 635 1561; x_wconf 78' lang='lat' dir='ltr'><strong>delectationes</strong></span> <span class='ocrx_word' id='word_1_43' title='bbox 658 1494 764 1560; x_wconf 89' lang='lat' dir='ltr'><strong>alias</strong></span> <span class='ocrx_word' id='word_1_44' title='bbox 786 1494 937 1558; x_wconf 90' lang='lat' dir='ltr'><strong>multas</strong></span> <span class='ocrx_word' id='word_1_45' title='bbox 959 1493 1107 1559; x_wconf 90' lang='lat' dir='ltr'><strong>habere</strong></span> 
     </span>
     <span class='ocr_line' id='line_1_8' title="bbox 36 1598 1108 1681; baseline 0.001 -18"><span class='ocrx_word' id='word_1_46' title='bbox 36 1617 271 1681; x_wconf 89' lang='lat' dir='ltr'><strong>possumus,</strong></span> <span class='ocrx_word' id='word_1_47' title='bbox 295 1599 404 1666; x_wconf 88' lang='lat' dir='ltr'><strong>ludis</strong></span> <span class='ocrx_word' id='word_1_48' title='bbox 426 1600 559 1666; x_wconf 91' lang='lat' dir='ltr'><strong>tamen</strong></span> <span class='ocrx_word' id='word_1_49' title='bbox 583 1600 833 1667; x_wconf 90' lang='lat' dir='ltr'><strong>oblectamur</strong></span> <span class='ocrx_word' id='word_1_50' title='bbox 855 1600 893 1663; x_wconf 90' lang='lat' dir='ltr'><strong>et</strong></span> <span class='ocrx_word' id='word_1_51' title='bbox 915 1598 1108 1678; x_wconf 79' lang='lat' dir='ltr'><strong>ducimur,</strong></span> 
     </span>
     <span class='ocr_line' id='line_1_9' title="bbox 37 1705 1109 1788; baseline 0.002 -19"><span class='ocrx_word' id='word_1_52' title='bbox 37 1705 138 1788; x_wconf 86' lang='lat' dir='ltr'><strong>qnid</strong></span> <span class='ocrx_word' id='word_1_53' title='bbox 160 1707 201 1770; x_wconf 87' lang='lat' dir='ltr'><strong>tu</strong></span> <span class='ocrx_word' id='word_1_54' title='bbox 223 1706 422 1771; x_wconf 77' lang='lat' dir='ltr'><strong>admirere</strong></span> <span class='ocrx_word' id='word_1_55' title='bbox 443 1706 488 1772; x_wconf 93' lang='lat' dir='ltr'><strong>de</strong></span> <span class='ocrx_word' id='word_1_56' title='bbox 510 1705 778 1772; x_wconf 90' lang='lat' dir='ltr'><strong>multitudine</strong></span> <span class='ocrx_word' id='word_1_57' title='bbox 798 1705 986 1771; x_wconf 81' lang='lat' dir='ltr'><strong>indocta?</strong></span> <span class='ocrx_word' id='word_1_58' title='bbox 1018 1707 1109 1771; x_wconf 88' lang='lat' dir='ltr'><strong>Pror-</strong></span> 
     </span>
     <span class='ocr_line' id='line_1_10' title="bbox 37 1810 1108 1896; baseline 0 -21"><span class='ocrx_word' id='word_1_59' title='bbox 37 1831 95 1876; x_wconf 89' lang='lat' dir='ltr'><strong>sus</strong></span> <span class='ocrx_word' id='word_1_60' title='bbox 119 1811 313 1896; x_wconf 87' lang='lat' dir='ltr'><strong>nugatorium</strong></span> <span class='ocrx_word' id='word_1_61' title='bbox 336 1816 383 1877; x_wconf 87' lang='lat' dir='ltr'><strong>est</strong></span> <span class='ocrx_word' id='word_1_62' title='bbox 405 1829 466 1890; x_wconf 91' lang='lat' dir='ltr'><strong>eos,</strong></span> <span class='ocrx_word' id='word_1_63' title='bbox 500 1814 552 1895; x_wconf 92' lang='lat' dir='ltr'><strong>qui</strong></span> <span class='ocrx_word' id='word_1_64' title='bbox 582 1813 621 1878; x_wconf 91' lang='lat' dir='ltr'><strong>ab</strong></span> <span class='ocrx_word' id='word_1_65' title='bbox 644 1810 850 1877; x_wconf 87' lang='lat' dir='ltr'><strong>delectatione</strong></span> <span class='ocrx_word' id='word_1_66' title='bbox 873 1812 955 1876; x_wconf 91' lang='lat' dir='ltr'><strong>omni</strong></span> <span class='ocrx_word' id='word_1_67' title='bbox 977 1811 1108 1893; x_wconf 92' lang='lat' dir='ltr'><strong>impedi-</strong></span> 
     </span>
     <span class='ocr_line' id='line_1_11' title="bbox 37 1914 1108 2001; baseline -0.002 -18"><span class='ocrx_word' id='word_1_68' title='bbox 37 1922 142 1994; x_wconf 90' lang='lat' dir='ltr'><strong>antur,</strong></span> <span class='ocrx_word' id='word_1_69' title='bbox 165 1921 269 1984; x_wconf 90' lang='lat' dir='ltr'><strong>tamen</strong></span> <span class='ocrx_word' id='word_1_70' title='bbox 292 1917 408 1983; x_wconf 86' lang='lat' dir='ltr'><strong>multas</strong></span> <span class='ocrx_word' id='word_1_71' title='bbox 428 1919 539 1984; x_wconf 89' lang='lat' dir='ltr'><strong>habere</strong></span> <span class='ocrx_word' id='word_1_72' title='bbox 562 1917 795 1993; x_wconf 66' lang='lat' dir='ltr'><strong>delectationem</strong></span> <span class='ocrx_word' id='word_1_73' title='bbox 817 1916 949 2001; x_wconf 80' lang='lat' dir='ltr'><strong>augetur</strong></span> <span class='ocrx_word' id='word_1_74' title='bbox 963 1914 1108 1998; x_wconf 85' lang='lat' dir='ltr'><strong>pravitas,</strong></span> 
     </span>
     <span class='ocr_line' id='line_1_12' title="bbox 38 2023 1109 2107; baseline -0.001 -19"><span class='ocrx_word' id='word_1_75' title='bbox 38 2024 126 2107; x_wconf 86' lang='lat' dir='ltr'><strong>qnod</strong></span> <span class='ocrx_word' id='word_1_76' title='bbox 147 2023 364 2090; x_wconf 86' lang='lat' dir='ltr'><strong>delectationes</strong></span> <span class='ocrx_word' id='word_1_77' title='bbox 386 2023 418 2089; x_wconf 92' lang='lat' dir='ltr'><strong>in</strong></span> <span class='ocrx_word' id='word_1_78' title='bbox 440 2023 509 2107; x_wconf 90' lang='lat' dir='ltr'><strong>ipsa</strong></span> <span class='ocrx_word' id='word_1_79' title='bbox 530 2026 729 2107; x_wconf 85' lang='lat' dir='ltr'><strong>occupatione</strong></span> <span class='ocrx_word' id='word_1_80' title='bbox 750 2025 850 2088; x_wconf 91' lang='lat' dir='ltr'><strong>inesse</strong></span> <span class='ocrx_word' id='word_1_81' title='bbox 867 2023 1018 2099; x_wconf 89' lang='lat' dir='ltr'><strong>dicuntur,</strong></span> <span class='ocrx_word' id='word_1_82' title='bbox 1042 2040 1109 2105; x_wconf 86' lang='lat' dir='ltr'><strong>quae</strong></span> 
     </span>
     <span class='ocr_line' id='line_1_13' title="bbox 37 2128 1110 2214; baseline -0.002 -20"><span class='ocrx_word' id='word_1_83' title='bbox 37 2148 165 2194; x_wconf 91' lang='lat' dir='ltr'><strong>omnem</strong></span> <span class='ocrx_word' id='word_1_84' title='bbox 188 2129 425 2196; x_wconf 86' lang='lat' dir='ltr'><strong>delectationem</strong></span> <span class='ocrx_word' id='word_1_85' title='bbox 447 2131 596 2213; x_wconf 91' lang='lat' dir='ltr'><strong>impediat</strong></span> <span class='ocrx_word' id='word_1_86' title='bbox 614 2138 697 2207; x_wconf 91' lang='lat' dir='ltr'><strong>(nam</strong></span> <span class='ocrx_word' id='word_1_87' title='bbox 718 2128 843 2214; x_wconf 83' lang='lat' dir='ltr'><strong>negotia</strong></span> <span class='ocrx_word' id='word_1_88' title='bbox 858 2130 896 2194; x_wconf 92' lang='lat' dir='ltr'><strong>ab</strong></span> <span class='ocrx_word' id='word_1_89' title='bbox 912 2128 1110 2211; x_wconf 87' lang='lat' dir='ltr'><strong>occupatione</strong></span> 
     </span>
     <span class='ocr_line' id='line_1_14' title="bbox 36 2222 1109 2321; baseline -0.001 -21"><span class='ocrx_word' id='word_1_90' title='bbox 36 2254 103 2301; x_wconf 90' lang='lat' dir='ltr'><strong>non</strong></span> <span class='ocrx_word' id='word_1_91' title='bbox 126 2235 292 2313; x_wconf 83' lang='lat' dir='ltr'><strong>differunt).</strong></span> <span class='ocrx_word' id='word_1_92' title='bbox 335 2235 395 2316; x_wconf 79' lang='lat' dir='ltr'><strong>Qui</strong></span> <span class='ocrx_word' id='word_1_93' title='bbox 418 2236 582 2321; x_wconf 82' lang='lat' dir='ltr'><strong>diligenter</strong></span> <span class='ocrx_word' id='word_1_94' title='bbox 604 2234 783 2314; x_wconf 81' lang='lat' dir='ltr'><strong>attenderit,</strong></span> <span class='ocrx_word' id='word_1_95' title='bbox 798 2239 830 2301; x_wconf 92' lang='lat' dir='ltr'><strong>et</strong></span> <span class='ocrx_word' id='word_1_96' title='bbox 844 2222 947 2300; x_wconf 86' lang='lat' dir='ltr'><strong>mendi</strong></span> <span class='ocrx_word' id='word_1_97' title='bbox 963 2235 1109 2300; x_wconf 88' lang='lat' dir='ltr'><strong>indicium</strong></span> 
     </span>
     <span class='ocr_line' id='line_1_15' title="bbox 37 2341 1110 2426; baseline 0 -19"><span class='ocrx_word' id='word_1_98' title='bbox 37 2346 73 2408; x_wconf 89' lang='lat' dir='ltr'><strong>et</strong></span> <span class='ocrx_word' id='word_1_99' title='bbox 95 2345 187 2408; x_wconf 87' lang='lat' dir='ltr'><strong>tenue</strong></span> <span class='ocrx_word' id='word_1_100' title='bbox 210 2343 408 2409; x_wconf 87' lang='lat' dir='ltr'><strong>correctionis</strong></span> <span class='ocrx_word' id='word_1_101' title='bbox 429 2341 621 2408; x_wconf 78' lang='lat' dir='ltr'><strong>invenienda</strong></span> <span class='ocrx_word' id='word_1_102' title='bbox 643 2342 808 2426; x_wconf 87' lang='lat' dir='ltr'><strong>vestigium</strong></span> <span class='ocrx_word' id='word_1_103' title='bbox 828 2341 963 2425; x_wconf 88' lang='lat' dir='ltr'><strong>reperiet</strong></span> <span class='ocrx_word' id='word_1_104' title='bbox 984 2341 1015 2405; x_wconf 92' lang='lat' dir='ltr'><strong>in</strong></span> <span class='ocrx_word' id='word_1_105' title='bbox 1038 2361 1110 2425; x_wconf 90' lang='lat' dir='ltr'><strong>per·</strong></span> 
     </span>
     <span class='ocr_line' id='line_1_16' title="bbox 36 2448 1110 2526; baseline 0 -13"><span class='ocrx_word' id='word_1_106' title='bbox 36 2466 130 2514; x_wconf 85' lang='lat' dir='ltr'><strong>verso</strong></span> <span class='ocrx_word' id='word_1_107' title='bbox 152 2449 255 2514; x_wconf 91' lang='lat' dir='ltr'><strong>ordine</strong></span> <span class='ocrx_word' id='word_1_108' title='bbox 277 2450 451 2526; x_wconf 86' lang='lat' dir='ltr'><strong>verborum,</strong></span> <span class='ocrx_word' id='word_1_109' title='bbox 481 2453 516 2514; x_wconf 91' lang='lat' dir='ltr'><strong>nt</strong></span> <span class='ocrx_word' id='word_1_110' title='bbox 543 2468 624 2515; x_wconf 89' lang='lat' dir='ltr'><strong>nnnc</strong></span> <span class='ocrx_word' id='word_1_111' title='bbox 653 2449 845 2525; x_wconf 63' lang='lat' dir='ltr'><strong>scribentum</strong></span> <span class='ocrx_word' id='word_1_112' title='bbox 875 2448 1007 2514; x_wconf 89' lang='lat' dir='ltr'><strong>debebat</strong></span> <span class='ocrx_word' id='word_1_113' title='bbox 1028 2448 1110 2513; x_wconf 89' lang='lat' dir='ltr'><strong>enim</strong></span> 
     </span>
     <span class='ocr_line' id='line_1_17' title="bbox 37 2553 1108 2626; baseline -0.002 -6"><span class='ocrx_word' id='word_1_114' title='bbox 37 2558 126 2620; x_wconf 87' lang='lat' dir='ltr'><strong>carte</strong></span> <span class='ocrx_word' id='word_1_115' title='bbox 148 2554 226 2620; x_wconf 93' lang='lat' dir='ltr'><strong>dici:</strong></span> <span class='ocrx_word' id='word_1_116' title='bbox 260 2555 306 2620; x_wconf 90' lang='lat' dir='ltr'><strong>ab</strong></span> <span class='ocrx_word' id='word_1_117' title='bbox 339 2556 442 2620; x_wconf 93' lang='lat' dir='ltr'><strong>omni</strong></span> <span class='ocrx_word' id='word_1_118' title='bbox 475 2555 763 2622; x_wconf 87' lang='lat' dir='ltr'><strong>delectatione.</strong></span> <span class='ocrx_word' id='word_1_119' title='bbox 814 2555 874 2620; x_wconf 91' lang='lat' dir='ltr'><strong>Pro</strong></span> <span class='ocrx_word' id='word_1_120' title='bbox 897 2553 1108 2626; x_wconf 88' lang='lat' dir='ltr'><strong>delectatione,</strong></span> 
     </span>
     <span class='ocr_line' id='line_1_18' title="bbox 38 2659 1109 2745; baseline -0.001 -20"><span class='ocrx_word' id='word_1_121' title='bbox 38 2679 112 2744; x_wconf 80' lang='lat' dir='ltr'><strong>quae</strong></span> <span class='ocrx_word' id='word_1_122' title='bbox 144 2679 215 2726; x_wconf 88' lang='lat' dir='ltr'><strong>eum</strong></span> <span class='ocrx_word' id='word_1_123' title='bbox 248 2661 383 2745; x_wconf 80' lang='lat' dir='ltr'><strong>negotiis</strong></span> <span class='ocrx_word' id='word_1_124' title='bbox 415 2680 495 2744; x_wconf 86' lang='lat' dir='ltr'><strong>saepe</strong></span> <span class='ocrx_word' id='word_1_125' title='bbox 527 2661 691 2744; x_wconf 83' lang='lat' dir='ltr'><strong>multiplex</strong></span> <span class='ocrx_word' id='word_1_126' title='bbox 721 2660 925 2744; x_wconf 87' lang='lat' dir='ltr'><strong>coniungitur,</strong></span> <span class='ocrx_word' id='word_1_127' title='bbox 955 2660 1036 2726; x_wconf 86' lang='lat' dir='ltr'><strong>alius</strong></span> <span class='ocrx_word' id='word_1_128' title='bbox 1065 2659 1109 2725; x_wconf 89' lang='lat' dir='ltr'><strong>rei</strong></span> 
     </span>
     <span class='ocr_line' id='line_1_19' title="bbox 37 2766 1112 2852; baseline -0.006 -17"><span class='ocrx_word' id='word_1_129' title='bbox 37 2786 155 2835; x_wconf 90' lang='lat' dir='ltr'><strong>nomen</strong></span> <span class='ocrx_word' id='word_1_130' title='bbox 184 2787 203 2832; x_wconf 92' lang='lat' dir='ltr'><strong>a</strong></span> <span class='ocrx_word' id='word_1_131' title='bbox 232 2767 378 2835; x_wconf 81' lang='lat' dir='ltr'><strong>Cicerone</strong></span> <span class='ocrx_word' id='word_1_132' title='bbox 406 2770 543 2852; x_wconf 88' lang='lat' dir='ltr'><strong>positum</strong></span> <span class='ocrx_word' id='word_1_133' title='bbox 575 2769 653 2845; x_wconf 91' lang='lat' dir='ltr'><strong>erat,</strong></span> <span class='ocrx_word' id='word_1_134' title='bbox 685 2767 819 2851; x_wconf 85' lang='lat' dir='ltr'><strong>negotiis</strong></span> <span class='ocrx_word' id='word_1_135' title='bbox 852 2767 886 2831; x_wconf 92' lang='lat' dir='ltr'><strong>et</strong></span> <span class='ocrx_word' id='word_1_136' title='bbox 919 2766 1112 2849; x_wconf 90' lang='lat' dir='ltr'><strong>occupationi</strong></span> 
     </span>
     <span class='ocr_line' id='line_1_20' title="bbox 36 2871 1112 2957; baseline -0.002 -20"><span class='ocrx_word' id='word_1_137' title='bbox 36 2891 168 2956; x_wconf 84' lang='lat' dir='ltr'><strong>prorsus</strong></span> <span class='ocrx_word' id='word_1_138' title='bbox 201 2874 368 2940; x_wconf 81' lang='lat' dir='ltr'><strong>contraria.</strong></span> <span class='ocrx_word' id='word_1_139' title='bbox 416 2873 585 2957; x_wconf 88' lang='lat' dir='ltr'><strong>Scripserat</strong></span> <span class='ocrx_word' id='word_1_140' title='bbox 617 2873 700 2939; x_wconf 92' lang='lat' dir='ltr'><strong>enim</strong></span> <span class='ocrx_word' id='word_1_141' title='bbox 733 2872 798 2937; x_wconf 88' lang='lat' dir='ltr'><strong>eine</strong></span> <span class='ocrx_word' id='word_1_142' title='bbox 831 2871 941 2938; x_wconf 90' lang='lat' dir='ltr'><strong>dnbio:</strong></span> <span class='ocrx_word' id='word_1_143' title='bbox 975 2872 1049 2937; x_wconf 84' lang='lat' dir='ltr'><strong>Sed</strong></span> <span class='ocrx_word' id='word_1_144' title='bbox 1079 2873 1112 2936; x_wconf 90' lang='lat' dir='ltr'><strong>si</strong></span> 
     </span>
     <span class='ocr_line' id='line_1_21' title="bbox 36 2976 1113 3065; baseline -0.003 -20"><span class='ocrx_word' id='word_1_145' title='bbox 36 2982 201 3046; x_wconf 77' lang='lat' dir='ltr'><strong>nosmet</strong></span> <span class='ocrx_word' id='word_1_146' title='bbox 229 2979 326 3062; x_wconf 80' lang='lat' dir='ltr'><strong>ipsi,</strong></span> <span class='ocrx_word' id='word_1_147' title='bbox 356 2981 422 3065; x_wconf 89' lang='lat' dir='ltr'><strong>qui</strong></span> <span class='ocrx_word' id='word_1_148' title='bbox 449 2982 488 3046; x_wconf 93' lang='lat' dir='ltr'><strong>et</strong></span> <span class='ocrx_word' id='word_1_149' title='bbox 515 2981 561 3046; x_wconf 94' lang='lat' dir='ltr'><strong>ab</strong></span> <span class='ocrx_word' id='word_1_150' title='bbox 582 2977 787 3045; x_wconf 84' lang='lat' dir='ltr'><strong>relaxatione</strong></span> <span class='ocrx_word' id='word_1_151' title='bbox 809 2976 908 3042; x_wconf 90' lang='lat' dir='ltr'><strong>animi</strong></span> <span class='ocrx_word' id='word_1_152' title='bbox 929 2976 1113 3062; x_wconf 81' lang='lat' dir='ltr'><strong>negotiis</strong></span> 
     </span>
     <span class='ocr_line' id='line_1_22' title="bbox 36 3082 1113 3169; baseline -0.006 -17"><span class='ocrx_word' id='word_1_153' title='bbox 36 3086 290 3169; x_wconf 87' lang='lat' dir='ltr'><strong>impedimur</strong></span> <span class='ocrx_word' id='word_1_154' title='bbox 312 3087 352 3152; x_wconf 96' lang='lat' dir='ltr'><strong>et</strong></span> <span class='ocrx_word' id='word_1_155' title='bbox 371 3083 794 3169; x_wconf 87' lang='lat' dir='ltr'><strong>inipsaoccnpatione</strong></span> <span class='ocrx_word' id='word_1_156' title='bbox 810 3082 1113 3149; x_wconf 91' lang='lat' dir='ltr'><strong>delectationes</strong></span> 
     </span>
     <span class='ocr_line' id='line_1_23' title="bbox 35 3188 1113 3275; baseline -0.005 -17"><span class='ocrx_word' id='word_1_157' title='bbox 35 3192 148 3258; x_wconf 80' lang='lat' dir='ltr'><strong>alias</strong></span> <span class='ocrx_word' id='word_1_158' title='bbox 170 3192 321 3258; x_wconf 87' lang='lat' dir='ltr'><strong>multas</strong></span> <span class='ocrx_word' id='word_1_159' title='bbox 342 3193 490 3259; x_wconf 87' lang='lat' dir='ltr'><strong>habere</strong></span> <span class='ocrx_word' id='word_1_160' title='bbox 511 3210 739 3275; x_wconf 87' lang='lat' dir='ltr'><strong>possumus,</strong></span> <span class='ocrx_word' id='word_1_161' title='bbox 761 3188 873 3255; x_wconf 88' lang='lat' dir='ltr'><strong>ludis</strong></span> <span class='ocrx_word' id='word_1_162' title='bbox 896 3191 1027 3255; x_wconf 88' lang='lat' dir='ltr'><strong>tamen</strong></span> <span class='ocrx_word' id='word_1_163' title='bbox 1049 3188 1113 3253; x_wconf 91' lang='lat' dir='ltr'><strong>ob·</strong></span> 
     </span>
     <span class='ocr_line' id='line_1_24' title="bbox 36 3291 1112 3365; baseline -0.006 0"><span class='ocrx_word' id='word_1_164' title='bbox 36 3291 246 3365; x_wconf 87' lang='lat' dir='ltr'><strong>lectamur</strong></span> <span class='ocrx_word' id='word_1_165' title='bbox 268 3304 306 3364; x_wconf 91' lang='lat' dir='ltr'><strong>et</strong></span> <span class='ocrx_word' id='word_1_166' title='bbox 329 3298 511 3364; x_wconf 89' lang='lat' dir='ltr'><strong>ducimur</strong></span> <span class='ocrx_word' id='word_1_167' title='bbox 541 3301 599 3364; x_wconf 88' lang='lat' dir='ltr'><strong>eet.</strong></span> <span class='ocrx_word' id='word_1_168' title='bbox 648 3297 799 3362; x_wconf 82' lang='lat' dir='ltr'><strong>Relaxare</strong></span> <span class='ocrx_word' id='word_1_169' title='bbox 821 3297 959 3363; x_wconf 90' lang='lat' dir='ltr'><strong>animum</strong></span> <span class='ocrx_word' id='word_1_170' title='bbox 981 3298 1013 3361; x_wconf 92' lang='lat' dir='ltr'><strong>et</strong></span> <span class='ocrx_word' id='word_1_171' title='bbox 1034 3295 1112 3359; x_wconf 88' lang='lat' dir='ltr'><strong>nihil</strong></span> 
     </span>
    </p>
   </div>
   <div class='ocr_carea' id='block_1_5' title="bbox 35 3404 973 3492">
    <p class='ocr_par' dir='ltr' id='par_1_5' title="bbox 35 3404 973 3492">
     <span class='ocr_line' id='line_1_25' title="bbox 35 3404 973 3492; baseline -0.004 -19"><span class='ocrx_word' id='word_1_172' title='bbox 35 3423 136 3492; x_wconf 86' lang='lat' dir='ltr'><strong>agere</strong></span> <span class='ocrx_word' id='word_1_173' title='bbox 158 3405 407 3488; x_wconf 86' lang='lat' dir='ltr'><strong>prohibebantur,</strong></span> <span class='ocrx_word' id='word_1_174' title='bbox 431 3404 537 3488; x_wconf 92' lang='lat' dir='ltr'><strong>quiin</strong></span> <span class='ocrx_word' id='word_1_175' title='bbox 559 3404 692 3489; x_wconf 81' lang='lat' dir='ltr'><strong>negotiis</strong></span> <span class='ocrx_word' id='word_1_176' title='bbox 715 3405 854 3486; x_wconf 87' lang='lat' dir='ltr'><strong>occupati</strong></span> <span class='ocrx_word' id='word_1_177' title='bbox 876 3407 973 3469; x_wconf 91' lang='lat' dir='ltr'><strong>erant.</strong></span> 
     </span>
    </p>
   </div>
   <div class='ocr_carea' id='block_1_6' title="bbox 33 3555 1116 3851">
    <p class='ocr_par' dir='ltr' id='par_1_6' title="bbox 33 3555 1116 3851">
     <span class='ocr_line' id='line_1_26' title="bbox 146 3555 1116 3640; baseline -0.004 -18"><span class='ocrx_word' id='word_1_178' title='bbox 146 3556 223 3622; x_wconf 92' lang='lat' dir='ltr'><strong>lbid.</strong></span> <span class='ocrx_word' id='word_1_179' title='bbox 246 3555 304 3619; x_wconf 79' lang='lat'><strong>49:</strong></span> <span class='ocrx_word' id='word_1_180' title='bbox 336 3556 496 3622; x_wconf 84' lang='lat' dir='ltr'><strong>Etenim</strong></span> <span class='ocrx_word' id='word_1_181' title='bbox 529 3560 567 3622; x_wconf 94' lang='lat' dir='ltr'><strong>te</strong></span> <span class='ocrx_word' id='word_1_182' title='bbox 598 3557 807 3640; x_wconf 89' lang='lat' dir='ltr'><strong>inquirere</strong></span> <span class='ocrx_word' id='word_1_183' title='bbox 840 3555 1035 3620; x_wconf 83' lang='lat' dir='ltr'><strong>ridebant</strong></span> <span class='ocrx_word' id='word_1_184' title='bbox 1057 3599 1064 3616; x_wconf 92' lang='lat'><em>.</em></span> <span class='ocrx_word' id='word_1_185' title='bbox 1088 3576 1116 3628; x_wconf 85' lang='lat'><strong>.;</strong></span> 
     </span>
     <span class='ocr_line' id='line_1_27' title="bbox 34 3660 1115 3741; baseline -0.006 -8"><span class='ocrx_word' id='word_1_186' title='bbox 34 3661 373 3738; x_wconf 82' lang='lat' dir='ltr'><strong>observationes,</strong></span> <span class='ocrx_word' id='word_1_187' title='bbox 395 3663 744 3741; x_wconf 78' lang='lat' dir='ltr'><strong>testificationes,</strong></span> <span class='ocrx_word' id='word_1_188' title='bbox 767 3660 1029 3728; x_wconf 87' lang='lat' dir='ltr'><strong>seductiones</strong></span> <span class='ocrx_word' id='word_1_189' title='bbox 1050 3660 1115 3726; x_wconf 91' lang='lat' dir='ltr'><strong>te·</strong></span> 
     </span>
     <span class='ocr_line' id='line_1_28' title="bbox 33 3766 1116 3851; baseline -0.008 -13"><span class='ocrx_word' id='word_1_190' title='bbox 33 3771 188 3847; x_wconf 86' lang='lat' dir='ltr'><strong>stium,</strong></span> <span class='ocrx_word' id='word_1_191' title='bbox 218 3770 488 3835; x_wconf 84' lang='lat' dir='ltr'><strong>secessionem</strong></span> <span class='ocrx_word' id='word_1_192' title='bbox 511 3769 836 3851; x_wconf 89' lang='lat' dir='ltr'><strong>subscriptorum</strong></span> <span class='ocrx_word' id='word_1_193' title='bbox 858 3766 1116 3833; x_wconf 83' lang='lat' dir='ltr'><strong>animadver-</strong></span> 
     </span>
    </p>
   </div>
   <div class='ocr_carea' id='block_1_7' title="bbox 96 4105 1116 4729">
    <p class='ocr_par' dir='ltr' id='par_1_7' title="bbox 96 4105 1116 4641">
     <span class='ocr_line' id='line_1_29' title="bbox 96 4105 1114 4176; baseline -0.002 -14"><span class='ocrx_word' id='word_1_194' title='bbox 96 4110 129 4175; x_wconf 80' lang='lat'><strong>*)</strong></span> <span class='ocrx_word' id='word_1_195' title='bbox 149 4112 164 4171; x_wconf 70' lang='grc' dir='ltr'><strong>δ</strong></span> <span class='ocrx_word' id='word_1_196' title='bbox 184 4108 201 4162; x_wconf 86' lang='grc'>8</span> <span class='ocrx_word' id='word_1_197' title='bbox 227 4123 288 4176; x_wconf 85' lang='lat' dir='ltr'><strong>quae</strong></span> <span class='ocrx_word' id='word_1_198' title='bbox 314 4107 452 4161; x_wconf 86' lang='lat' dir='ltr'><strong>sententia</strong></span> <span class='ocrx_word' id='word_1_199' title='bbox 473 4107 564 4176; x_wconf 85' lang='lat' dir='ltr'><strong>posita</strong></span> <span class='ocrx_word' id='word_1_200' title='bbox 587 4123 604 4162; x_wconf 93' lang='lat' dir='ltr'><strong>a</strong></span> <span class='ocrx_word' id='word_1_201' title='bbox 626 4107 757 4163; x_wconf 85' lang='lat' dir='ltr'><strong>Cicerone</strong></span> <span class='ocrx_word' id='word_1_202' title='bbox 778 4106 871 4174; x_wconf 84' lang='lat' dir='ltr'><strong>luerit,</strong></span> <span class='ocrx_word' id='word_1_203' title='bbox 893 4122 944 4161; x_wconf 89' lang='lat' dir='ltr'><strong>nec</strong></span> <span class='ocrx_word' id='word_1_204' title='bbox 970 4105 1114 4160; x_wconf 90' lang='lat' dir='ltr'><strong>obscurum</strong></span> 
     </span>
     <span class='ocr_line' id='line_1_30' title="bbox 149 4199 1116 4268; baseline -0.001 -13"><span class='ocrx_word' id='word_1_205' title='bbox 149 4208 192 4255; x_wconf 85' lang='lat' dir='ltr'><strong>est</strong></span> <span class='ocrx_word' id='word_1_206' title='bbox 211 4209 239 4256; x_wconf 83' lang='lat' dir='ltr'><strong>et</strong></span> <span class='ocrx_word' id='word_1_207' title='bbox 262 4218 279 4256; x_wconf 92' lang='lat' dir='ltr'><strong>a</strong></span> <span class='ocrx_word' id='word_1_208' title='bbox 301 4199 394 4254; x_wconf 87' lang='lat' dir='ltr'><strong>multis</strong></span> <span class='ocrx_word' id='word_1_209' title='bbox 417 4199 599 4268; x_wconf 83' lang='lat' dir='ltr'><strong>intellectum3</strong></span> <span class='ocrx_word' id='word_1_210' title='bbox 628 4200 760 4255; x_wconf 85' lang='lat' dir='ltr'><strong>orationis</strong></span> <span class='ocrx_word' id='word_1_211' title='bbox 777 4200 875 4254; x_wconf 71' lang='lat' dir='ltr'><strong>dorma</strong></span> <span class='ocrx_word' id='word_1_212' title='bbox 902 4199 1116 4254; x_wconf 81' lang='lat' dir='ltr'><strong>universahaec</strong></span> 
     </span>
     <span class='ocr_line' id='line_1_31' title="bbox 147 4293 1115 4362; baseline 0.001 -16"><span class='ocrx_word' id='word_1_213' title='bbox 147 4293 216 4347; x_wconf 83' lang='lat' dir='ltr'><strong>luit:</strong></span> <span class='ocrx_word' id='word_1_214' title='bbox 238 4323 268 4333; x_wconf 93' lang='lat'><em>-</em></span> <span class='ocrx_word' id='word_1_215' title='bbox 289 4299 424 4362; x_wconf 86' lang='lat' dir='ltr'><strong>quanta</strong></span> <span class='ocrx_word' id='word_1_216' title='bbox 442 4300 541 4348; x_wconf 86' lang='lat' dir='ltr'><strong>antea</strong></span> <span class='ocrx_word' id='word_1_217' title='bbox 558 4294 693 4361; x_wconf 89' lang='lat' dir='ltr'><strong>nemini,</strong></span> <span class='ocrx_word' id='word_1_218' title='bbox 712 4294 764 4348; x_wconf 91' lang='lat' dir='ltr'><strong>sic</strong></span> <span class='ocrx_word' id='word_1_219' title='bbox 778 4296 948 4360; x_wconf 86' lang='lat' dir='ltr'><strong>cen&lt;seo,</strong></span> <span class='ocrx_word' id='word_1_220' title='bbox 967 4308 1049 4360; x_wconf 88' lang='lat' dir='ltr'><strong>quos</strong></span> <span class='ocrx_word' id='word_1_221' title='bbox 1067 4293 1115 4347; x_wconf 88' lang='lat' dir='ltr'><strong>la·</strong></span> 
     </span>
     <span class='ocr_line' id='line_1_32' title="bbox 148 4383 1115 4456; baseline 0 -15"><span class='ocrx_word' id='word_1_222' title='bbox 148 4389 247 4442; x_wconf 89' lang='lat' dir='ltr'><strong>bores</strong></span> <span class='ocrx_word' id='word_1_223' title='bbox 266 4385 429 4442; x_wconf 74' lang='lat' dir='ltr'><strong>beneficii</strong></span> <span class='ocrx_word' id='word_1_224' title='bbox 448 4383 675 4456; x_wconf 85' lang='lat' dir='ltr'><strong>adipiscendi</strong></span> <span class='ocrx_word' id='word_1_225' title='bbox 699 4400 755 4455; x_wconf 86' lang='lat' dir='ltr'><strong>ape</strong></span> <span class='ocrx_word' id='word_1_226' title='bbox 779 4386 1017 4454; x_wconf 89' lang='lat' dir='ltr'><strong>sus&gt;ceperis‚</strong></span> <span class='ocrx_word' id='word_1_227' title='bbox 1046 4403 1115 4452; x_wconf 89' lang='lat' dir='ltr'><strong>eos,</strong></span> 
     </span>
     <span class='ocr_line' id='line_1_33' title="bbox 149 4478 1115 4550; baseline -0.001 -16"><span class='ocrx_word' id='word_1_228' title='bbox 149 4496 221 4535; x_wconf 90' lang='lat' dir='ltr'><strong>cum</strong></span> <span class='ocrx_word' id='word_1_229' title='bbox 249 4480 396 4550; x_wconf 85' lang='lat' dir='ltr'><strong>adeptus</strong></span> <span class='ocrx_word' id='word_1_230' title='bbox 424 4480 489 4545; x_wconf 92' lang='lat' dir='ltr'><strong>sis,</strong></span> <span class='ocrx_word' id='word_1_231' title='bbox 517 4478 685 4547; x_wconf 89' lang='lat' dir='ltr'><strong>deponere</strong></span> <span class='ocrx_word' id='word_1_232' title='bbox 718 4493 796 4533; x_wconf 87' lang='lat' dir='ltr'><strong>esse</strong></span> <span class='ocrx_word' id='word_1_233' title='bbox 822 4479 974 4533; x_wconf 89' lang='lat' dir='ltr'><strong>hominis</strong></span> <span class='ocrx_word' id='word_1_234' title='bbox 1002 4520 1035 4533; x_wconf 90' lang='lat'><strong>..</strong></span> <span class='ocrx_word' id='word_1_235' title='bbox 1064 4480 1115 4533; x_wconf 90' lang='lat' dir='ltr'><strong>in·</strong></span> 
     </span>
     <span class='ocr_line' id='line_1_34' title="bbox 148 4573 249 4641; baseline -0.01 -14"><span class='ocrx_word' id='word_1_236' title='bbox 148 4573 249 4641; x_wconf 81' lang='lat' dir='ltr'><strong>grati.</strong></span> 
     </span>
    </p>

    <p class='ocr_par' dir='ltr' id='par_1_8' title="bbox 876 4664 914 4729">
     <span class='ocr_line' id='line_1_35' title="bbox 876 4664 914 4729; baseline 0 -28"><span class='ocrx_word' id='word_1_237' title='bbox 876 4664 914 4729; x_wconf 75' lang='lat'><strong>9*</strong></span> 
     </span>
    </p>
   </div>
   <div class='ocr_carea' id='block_1_8' title="bbox 0 0 1333 5056">
    <p class='ocr_par' dir='ltr' id='par_1_9' title="bbox 0 0 1333 5056">
     <span class='ocr_line' id='line_1_36' title="bbox 0 0 1333 5056; baseline 0 0"><span class='ocrx_word' id='word_1_238' title='bbox 0 0 1333 5056; x_wconf 95' lang='lat' dir='ltr'><strong> </strong></span> 
     </span>
    </p>
   </div>
  </div>
 </body>
</html>
