2580 5054
503 687 667 747 Herodotus.
1037 691 1078 755 25

6 944 8 948 ,
50 887 88 948 ἐν
111 885 157 969 τῷ
180 888 215 949 αι’
238 884 430 968 πυραμίδες
459 891 574 960 ἔνεισι,
600 877 702 972 οὖρος
729 884 811 953 ἄλλο
835 891 994 974 πέτρινον
1017 889 1127 957 τείνει

50 982 185 1077 ψῶμμρι
203 994 447 1076 κατειλυμένον
463 1019 491 1059 κ.
506 1019 535 1058 τ.
552 995 580 1058 λ.
624 995 706 1075 Apte
728 995 903 1061 Herodotus
924 996 963 1061 ab
981 998 1122 1062 orientali

49 1098 141 1180 parte
162 1096 290 1182 AEgypti
312 1099 351 1163 ad
384 1099 607 1166 occidentalem
641 1101 794 1169 transiens
827 1101 971 1167 admonet
999 1103 1032 1167 iu
1063 1103 1121 1168 hac

49 1205 141 1285 parte
171 1204 345 1287 pyramides
374 1204 450 1270 sitas
479 1224 554 1272 esse.
585 1227 661 1289 quas
683 1207 790 1273 statim
814 1206 986 1291 legentium
1008 1209 1119 1275 animis

48 1308 168 1393 obiicit,
190 1312 376 1396 precipuum
409 1315 440 1379 et
472 1313 505 1377 in
538 1314 687 1378 lectorum
714 1314 939 1396 exspectatione
971 1316 1004 1379 et
1024 1313 1124 1397 ipsius

49 1417 228 1482 narratione
249 1418 352 1484 locum
375 1419 527 1485 tenentes.
673 1506 677 1511 q

154 1524 233 1590 ibid.
249 1526 308 1590 252
330 1523 461 1602 διεξιών
484 1528 545 1611 τῆς
567 1521 706 1612 Λιβύης
728 1524 770 1595 τοί
793 1524 862 1594 ἄνω
885 1521 904 1594 ὁ
926 1524 1021 1614 η”λιος
1040 1521 1121 1595 τώδε

50 1635 171 1697 ποιέοι·
193 1627 253 1698 α’ἱτε
282 1627 337 1699 διαί
366 1627 497 1707 παντός
526 1636 589 1701 ταῶ
618 1628 740 1720 χρόνου
767 1637 910 1718 αἰθρίου
938 1661 975 1700 τε
1007 1628 1122 1708 ἐόντος

48 1738 115 1804 τοῦ
137 1731 235 1822 ἠέρος
256 1740 317 1806 eod
340 1735 426 1806 ιιατοί
459 1724 568 1807 ταῦτα
601 1736 643 1807 sc*
675 1742 776 1829 χωρία
807 1747 861 1810 καί
884 1736 1039 1826 α’λιεινῆς
1061 1743 1123 1826 της

48 1838 161 1931 χώρης
188 1837 308 1931 ἐούσης
335 1849 389 1913 καί
420 1841 556 1931 ῶνέμαιν
583 1851 731 1935 ψυχρῶν,
762 1845 892 1927 διεξιών
920 1852 1026 1914 ποιέοι
1049 1843 1123 1914 οἷόν

50 1978 118 2037 περ
154 1955 207 2019 καί
241 1949 279 2020 τῶ
311 1957 416 2039 θέρος
449 1947 554 2022 ἐώθεε
589 1960 717 2022 ποιέειν
751 1951 813 2022 ι’ῶν
845 1955 883 2023 τῶ
918 1958 1026 2041 μέσον
1059 1957 1122 2022 eoo

51 2054 205 2145 ου’ρανοῶ
228 2081 235 2096 ·
258 2061 344 2127 ἕλκοι
367 2057 432 2148 χῶρ
456 2055 508 2128 ἐπ’
531 2057 657 2130 ἑωυτῶν
677 2062 717 2130 τῶ
740 2057 830 2147 ὕδωρ
854 2089 883 2128 ιι.
908 2089 938 2129 τ.
962 2064 991 2128 λ.
1035 2062 1131 2128 Hanc

52 2169 193 2234 codicum
216 2167 401 2249 scripturam
423 2168 558 2235 Steinius
578 2188 674 2252 nuper
694 2171 857 2244 revocavit,
873 2173 903 2235 et
916 2170 1003 2252 quasi
1020 2170 1132 2234 omnia⁴

52 2276 147 2357 plana
168 2293 203 2339 ac
225 2276 384 2357 perspicua
399 2276 510 2348 essent,
526 2276 557 2340 in
575 2277 795 2343 commentario
811 2276 992 2343 Germanice
1007 2273 1120 2358 scripto

52 2400 93 2446 ne
130 2382 223 2445 verto
260 2381 386 2463 quidem
423 2380 591 2458 admonuit,
625 2365 885 2465 quemadmodum
920 2381 1125 2466 intelligenda

54 2490 160 2553 essent
182 2487 237 2552 illa
268 2489 321 2553 nui
345 2481 482 2571 α’νέμον
505 2489 651 2575 ψυχρῶν,
675 2488 706 2553 in
726 2489 837 2571 quibua
862 2507 902 2554 ne
917 2490 983 2569 ipsa
999 2488 1123 2571 quidem

54 2593 201 2659 orationis
234 2594 331 2659 forma
363 2597 501 2671 constatr
540 2614 639 2678 neque
672 2582 753 2661 enirn
791 2594 836 2659 illi
873 2588 1029 2679 α’λεεινῆς
1061 2597 1123 2680 τῆς

53 2692 163 2786 χώρης
185 2692 306 2787 ἐούσης
333 2703 415 2767 recte
444 2703 631 2785 adiungitur,
664 2711 700 2766 ut
726 2701 870 2767 audiatur
900 2693 1035 2778 ἐόντων,
1057 2700 1122 2763 sine

55 2807 187 2873 articulo
209 2807 268 2873 hoo
297 2809 351 2874 uni
368 2802 504 2894 α’νέμων
522 2808 670 2895 ψυχρῶν.
713 2806 774 2872 Sed
795 2806 854 2871 hoc
876 2806 942 2870 leve
965 2807 1022 2880 est,
1045 2804 1120 2870 illud

54 2912 272 2998 gravissimum
297 2916 329 2979 et
351 2915 514 2995 eiusmodi,
548 2915 583 2978 ut
604 2912 794 2978 occultandae
816 2911 979 2994 pravitatis
1006 2910 1124 2975 nullum

55 3019 233 3102 perfugium
257 3021 456 3103 relinquatur,
479 3020 561 3105 quod
584 3019 763 3084 Herodotus
785 3018 921 3101 primum
935 3018 967 3081 in
983 3017 1125 3083 interiore

58 3126 162 3192 Africa
195 3125 323 3212 frigidos
355 3129 463 3192 ventos
485 3128 601 3210 spirare
624 3127 737 3205 narrat,
769 3144 860 3207 quanr
890 3123 1045 3208 regionem
1074 3141 1133 3188 ca-·

54 3232 242 3298 lidissimam
269 3234 333 3315 ipse
362 3231 475 3314 ubique
505 3234 662 3307 describit,
690 3232 801 3297 deinde
830 3216 886 3296 hos
914 3233 996 3314 ipsos
1018 3229 1125 3295 ventos

54 3340 122 3406 rim
156 3338 230 3405 solis
261 3339 404 3404 adiuvare
434 3343 465 3403 iu
488 3339 658 3405 attollenda
679 3357 769 3423 aqua.
826 3339 901 3403 Hrec
928 3356 999 3402 cum
1024 3354 1127 3401 rerum

54 3447 177 3511 naturae
209 3464 267 3509 non
290 3447 392 3508 minus
415 3463 508 3526 quam
529 3445 678 3512 Herodoti
708 3444 869 3510 sententiae
898 3461 1067 3525 repugnare
1089 3460 1125 3506 ac

54 3570 182 3635 prorsus
204 3550 389 3616 contrarium
414 3551 475 3616 dici
499 3551 608 3617 debers
624 3552 793 3635 superiores
809 3551 940 3615 editores
955 3548 1126 3613 intellexis-

55 3663 137 3732 sent,
159 3676 214 3740 pro
237 3659 292 3724 not
315 3650 452 3740 α’νέμαν
477 3656 672 3740 scripserant,
704 3657 833 3722 licenter
860 3673 933 3721 sane
958 3656 1125 3720 orationem

54 3764 294 3846 interpolantes:
331 3757 393 3830 ουίι
430 3757 555 3830 ἐόντων
586 3757 724 3847 α’νέμυιν
757 3762 904 3848 ψυχρῶν.
956 3761 998 3825 nt
1023 3761 1138 3824 tamen

58 3872 209 3953 quantum
242 3871 316 3937 hrec'
340 3870 467 3936 licentia
499 3869 603 3936 stulta
635 3869 777 3954 religioni
815 3869 949 3950 praestat,
987 3863 1126 3929 codicum

57 3980 242 4059 scripturam
275 3997 335 4044 nou
368 3995 437 4042 oum
471 3978 543 4040 nota
574 3975 681 4040 mendi
714 3973 869 4057 retinenti,
891 3972 945 4037 sed
968 3973 1127 4053 tamqnam

56 4101 167 4149 sanam
202 4084 296 4149 tacite
336 4082 478 4166 ponenti!
528 4083 586 4145 Sed
625 4086 708 4147 recta
743 4080 799 4146 itta
835 4077 997 4150 sententia,
1034 4096 1127 4160 quam

58 4189 195 4255 editores
217 4190 451 4273 requisiverant,
474 4186 621 4254 facillime
644 4191 676 4253 et
698 4190 868 4253 certissime
887 4184 1028 4253 efficitur,
1045 4202 1127 4247 erro-

56 4297 163 4378 risque
185 4296 269 4380 origo
291 4293 450 4378 perspicue
472 4297 607 4376 aperitur
629 4294 686 4358 hac
708 4292 940 4358 emendatione:
971 4284 1133 4375 α’λεανης

56 4404 120 4488 της
142 4395 250 4488 χώρης
273 4398 394 4486 ἐοῶοης
415 4393 792 4485 καί<ῶνου>ῶνέμοιν
814 4397 962 4484 ψυχρῶν.
1007 4395 1139 4462 Excidit.

55 4507 236 4591 praepositio
259 4508 331 4573 ante
352 4507 535 4573 vocabulum
557 4526 575 4572 a
597 4508 695 4572 tribus
709 4505 823 4571 titteris
837 4505 950 4571 iisdem
965 4505 1134 4586 incipiens,
