2654 5010
242 261 303 322 m
602 256 873 326 mmmm

201 455 370 521 terenda
412 453 618 536 superiori
662 456 872 536 potestate
915 454 1137 520 nobilitati
1170 453 1245 519 mibi

202 563 435 646 propinquae
481 577 592 643 quam
641 562 729 642 ipsa
761 562 978 642 potestate
1016 561 1152 627 videor
1182 581 1249 626 esse

205 667 405 734 sublimis.
442 666 694 751 sententiaque
711 666 870 743 nullust,
892 667 1032 733 allicitur
1053 672 1136 733 recta
1153 671 1252 749 otapta
1286 653 1287 656 ¹

205 774 269 839 leui
291 774 458 839 admodum
486 774 687 838 correctione:
719 773 857 841 ductam
883 772 1029 857 glorian
1055 792 1156 841 nean
1180 792 1254 838 con·
1289 806 1290 809 π

208 882 348 957 t'iteor‚
372 880 448 965 quia
469 879 586 945 iustius
613 879 652 943 in
682 880 901 945 deferenda
931 880 1141 962 superiori
1161 883 1255 962 pote·

208 990 317 1052 state
353 985 570 1051 nobilitati
617 986 714 1051 mibi
757 987 995 1069 propinquae
1042 1007 1154 1069 quam
1187 988 1256 1070 ipsa

209 1095 416 1174 potestate
439 1091 579 1157 videor
600 1111 689 1157 esse
711 1091 910 1157 eublimis.
1293 1088 1295 1171 s

309 1196 386 1261 ibid.
413 1197 459 1274 10,
484 1200 519 1260 ll
538 1199 583 1276 (iu
600 1198 667 1264 loco
683 1198 719 1263 de
736 1199 917 1264 Hannibalis
933 1218 991 1281 per
1005 1200 1104 1280 Alpes
1119 1199 1259 1274 transitutz
1299 1279 1300 1282 Ἴ

210 1303 428 1385 excisaque
458 1322 554 1385 rupo
576 1304 615 1368 in
638 1305 872 1369 immensum
894 1303 1024 1380 elata,
1059 1324 1171 1387 quam
1190 1323 1261 1370 cre·

210 1409 349 1474 maudo
387 1409 424 1472 vi
458 1429 597 1492 magua
628 1411 879 1476 flammarum
912 1416 1115 1494 acetoque
1147 1411 1260 1475 inluso
1299 1419 1300 1423 ’

211 1516 337 1580 iosoli
367 1516 578 1594 dissolvit,
608 1536 676 1600 per
705 1517 940 1582 Druantiam
964 1516 1121 1583 flumen
1142 1522 1197 1583 cet.
1234 1518 1260 1580 ln

210 1622 268 1686 hac
290 1622 429 1689 codicum
451 1624 635 1705 optimorum
657 1624 806 1706 scriptura
829 1626 951 1689 tantum
967 1625 1086 1690 rectius
1102 1622 1262 1689 dirimenda

213 1729 326 1794 litterae
357 1731 440 1804 sunt,
471 1733 506 1794 ut
533 1730 701 1795 scribatur:
734 1733 929 1814 acetoque
963 1730 1105 1796 inluso
1133 1729 1261 1798 insolidit

210 1834 314 1902 solvit
370 1835 501 1901 Acetum
530 1837 665 1901 materiae
694 1836 756 1901 iam
783 1836 978 1902 flammarum
1008 1837 1040 1903 ri
1069 1838 1208 1903 insolida
1226 1836 1263 1900 in·

212 1943 313 2005 lusum
335 1960 403 2006 esse
425 1941 546 2007 dicitur.

314 2059 558 2137 uio.xv1,1,1
588 2061 639 2137 (de
662 2061 814 2138 luliaco):
837 2060 1038 2144 colligere
1063 2062 1264 2146 provincie

211 2164 441 2249 fragmenta
472 2169 547 2235 iam
580 2187 743 2251 paraus,
776 2170 810 2234 si
839 2168 1041 2234 affuisset
1064 2171 1171 2234 flatu
1192 2174 1266 2233 tan·

215 2271 299 2335 dem
323 2275 506 2339 secundo.
560 2276 682 2341 Excidit
707 2276 738 2340 in
770 2275 817 2339 bis
844 2277 1009 2357 postremis
1038 2275 1202 2340 fortuna
1225 2277 1268 2338 aut

216 2377 319 2444 simile
341 2399 460 2446 nomen.
499 2383 564 2462 [sic
585 2383 647 2446 iam
670 2381 911 2465 Wagnerus.]*)
1111 2458 1113 2461 v

315 2486 392 2551 lbid.
418 2488 466 2564 12,
490 2489 524 2554 6:
557 2488 659 2572 quod
693 2487 882 2554 trudente
912 2489 1002 2570 ipsa
1027 2488 1268 2554 necessitate

216 2590 400 2675 digresso
433 2595 631 2676 periculis
663 2614 746 2660 cum
776 2595 931 2677 paucis,
962 2593 1066 2660 licet
1088 2594 1267 2663 fortibus,

216 2699 427 2779 populosis
456 2704 647 2784 gentibus
676 2720 887 2768 occurrere
910 2702 1147 2784 cogebatur.
1200 2699 1269 2765 Scri·

215 2804 365 2870 bendum:
393 2806 580 2890 digresso
597 2809 763 2892 <socio>
777 2807 923 2894 periculi.
967 2807 1178 2891 Significatu,
1200 2804 1268 2889 quod

215 2929 307 2992 supra
329 2916 488 2978 narratum
512 2918 578 2980 orat
599 2917 636 2980 de
658 2916 780 2981 scutarii
804 2915 842 2979 ad
872 2914 976 2979 hostes
1007 2913 1152 2979 transitu.
1192 2912 1269 2977 Error

216 3020 300 3082 ortus
323 3024 370 3084 est
392 3038 427 3083 er
450 3020 570 3104 syllaba
598 3041 638 3088 ao
667 3022 762 3088 semel
792 3020 915 3101 scripta,
945 3020 1094 3085 cumbis
1117 3020 1206 3085 scribi
1226 3017 1268 3080 de·

215 3125 307 3188 beret.
1027 3150 1030 3153 ·
1098 3146 1100 3150 ’

315 3229 395 3296 inid.
426 3236 444 3316 ξ
474 3236 529 3298 69:
573 3234 781 3300 laureatas
824 3233 992 3298 litteras
1029 3232 1077 3297 ad
1121 3230 1270 3314 prosin-

215 3337 366 3402 ciarum
389 3340 530 3407 damna
550 3343 757 3418 mittebat,
780 3359 820 3405 se
842 3340 949 3404 inter
971 3337 1174 3420 primores
1194 3355 1269 3401 ver·

213 3450 343 3510 satum
376 3465 460 3512 com
493 3451 633 3515 odiosa
665 3449 727 3514 sui
760 3445 987 3512 iactatione
1021 3443 1270 3528 siguificare

215 3551 356 3618 Ridicule
379 3555 490 3621 litterae
511 3557 614 3622 missae
637 3557 778 3621 dicuntur
799 3550 838 3618 ad
867 3551 1009 3616 damna
1039 3550 1269 3632 provinciarum:

213 3657 304 3742 longe
331 3661 412 3726 enim
441 3662 526 3728 aliud
560 3668 608 3729 ost
637 3663 747 3728 missas
769 3679 844 3726 esse
874 3676 958 3723 cum
988 3658 1131 3724 damno
1161 3654 1271 3741 proriu-

214 3764 339 3846 ciarum,
363 3769 388 3832 si
419 3770 488 3852 quis
515 3770 593 3836 forte
622 3771 737 3854 cogitat
765 3767 803 3834 de
830 3764 968 3850 pecuniis
999 3767 1138 3830 extremo
1167 3759 1274 3845 imperii

265 4013 292 4079 *l
310 4011 379 4069 Ibid.
399 4015 424 4081 8,
446 4017 478 4070 18
495 4021 560 4085 post
577 4013 704 4070 lacunam
723 4008 908 4066 scribendum:
929 4005 1001 4073 <cll
1022 4012 1177 4079 φημι.
1194 4020 1273 4061 m.

311 4108 473 4164 latiouem
492 4108 680 4178 posteritas
698 4104 844 4161 tendens
864 4110 914 4158 cet
