2662 5046
456 695 566 752 ceses
585 695 653 751 usu.
672 674 732 752 cst.
903 675 942 775 ⁵.
1029 696 1090 760 205

157 892 232 965 lbd.
259 893 314 957 64:
349 893 578 959 cernebatur
612 893 810 976 equitatus
842 895 970 962 uestri
997 894 1132 980 prelio

61 1001 294 1068 nouissimus
316 998 473 1064 illorum
492 998 614 1082 premi
635 999 886 1064 vehementer
906 1016 950 1067 uc
965 1020 1132 1068 nonnun-

64 1126 169 1191 quem
205 1106 401 1172 sustinere
445 1106 653 1171 extremum
686 1122 818 1187 agmen
852 1107 965 1188 utque
1003 1107 1135 1173 iuter·

65 1214 192 1296 rumpi.
238 1211 299 1291 Qui
320 1211 500 1294 premuntur
514 1209 574 1291 ipsi
595 1208 766 1288 novissimi,
787 1209 835 1274 illi
856 1212 1007 1293 quomedo
1020 1215 1134 1281 entre·
1259 1265 1268 1287 ,

66 1337 144 1382 unm
166 1336 295 1402 agmen,
316 1314 397 1398 quud
418 1313 478 1397 ipsi
499 1318 581 1391 sunt,
604 1315 756 1381 sustinere
778 1314 929 1394 dicentur,
954 1337 1015 1384 nun
1037 1321 1133 1386 intel-

66 1423 132 1507 ligc;
165 1440 223 1488 nec
245 1421 338 1504 primi
358 1419 586 1502 insequentium
608 1423 639 1486 et
660 1418 875 1485 lacessentium
900 1441 1128 1508 nonnunquam,

9 1569 10 1590 1
68 1527 113 1592 sed
132 1545 260 1610 semper
282 1524 453 1590 sustinendi
475 1527 577 1602 erent3
613 1524 801 1590 nominativo
826 1543 897 1590 essu
920 1530 1128 1594 extremum

68 1652 193 1718 ugmen
215 1632 318 1714 accipi
339 1630 424 1696 nullu
447 1631 537 1698 mede
558 1631 670 1713 potest.
721 1629 926 1695 Scribendnm
955 1633 1051 1716 igitur
1080 1635 1128 1697 in·

68 1739 138 1804 tice:
175 1757 220 1803 sc
245 1754 513 1820 nonnunquam
534 1737 743 1800 subsistere
764 1737 975 1801 extremum
996 1754 1127 1820 agmen

68 1846 175 1927 etque
199 1843 275 1905 iter
295 1843 547 1925 interrumpi,
575 1842 693 1907 adscite
714 1842 746 1905 in
768 1841 996 1925 interrumpi
1017 1842 1128 1908 Forct-

68 1947 210 2014 hemmeri
245 1949 309 2013 mei
333 1947 522 2024 coniectura,
553 1965 644 2030 quum
675 1946 857 2012 Dnebnetus
891 1967 1009 2031 queque
1040 1966 1129 2013 secu-

66 2056 107 2118 tus
127 2055 189 2118 est.
228 2052 473 2137 [Subsistere
495 2052 714 2136 Vsscesuuns]
728 2052 754 2134 ¹)

155 2159 226 2224 lbd.
251 2157 306 2223 71:
358 2156 595 2224 Afranianos
617 2161 750 2223 contre
772 2157 908 2223 multis
930 2158 1044 2223 rebus
1066 2159 1126 2223 sni

65 2265 212 2330 timoris
245 2263 357 2348 signs
386 2264 552 2330 misisse.
609 2263 696 2329 Nihil
722 2265 772 2330 est
797 2263 948 2329 timeris
978 2263 1126 2349 signnm

62 2371 232 2448 mittere,
260 2369 518 2453 scribendumque
541 2362 712 2435 certissime
734 2370 851 2454 signu
872 2369 1037 2449 dedisse,
1062 2370 1125 2436 icr-

1 2524 2 2567 ,
61 2477 138 2542 tesse
171 2476 289 2560 signu
326 2474 405 2537 iam
436 2475 595 2539 dedisse.
649 2474 746 2540 Peulo
769 2473 857 2557 pust
895 2474 1022 2540 ridicule
1060 2475 1125 2540 haec

61 2582 302 2665 coniunguntur:
347 2579 457 2659 Quod
493 2580 526 2646 si
561 2579 817 2662 iniquitatem
846 2579 921 2644 loci
949 2578 1127 2654 timeret,

59 2687 190 2755 dutum
212 2686 265 2751 iri
296 2688 425 2751 temen
458 2687 591 2769 sliqno
622 2685 705 2750 loco
726 2684 923 2768 pugnandi
948 2684 1124 2749 iecultu·

57 2795 145 2866 tem,
170 2789 272 2874 quod
293 2793 401 2856 certe
421 2791 511 2857 iude
533 2790 802 2857 discedendum
835 2794 938 2855 esset
959 2789 1128 2854 Afranio
1177 2821 1182 2832 ·

56 2915 124 2963 nec
146 2897 234 2962 sine
256 2914 354 2978 eque
375 2914 603 2979 permanere
633 2883 775 2979 posset.
833 2893 909 2973 Quis
931 2893 1013 2958 eninr
1036 2893 1128 2958 dubi-

56 3005 152 3081 tubet,
176 3003 251 3086 quin
262 3000 369 3087 ulique
381 3003 504 3067 omnino
522 3003 590 3067 lucc
601 3001 757 3085 pugnandi
768 3002 899 3066 facultas
916 2999 1020 3065 future
1032 3001 1125 3076 esset,

57 3108 174 3193 etquid
195 3108 256 3172 hcc
278 3094 465 3173 centrarium
487 3107 581 3174 hebet
595 3108 698 3191 inique
721 3109 812 3173 lucc?
855 3104 921 3170 Nec
942 3104 1052 3169 melius
1067 3106 1125 3179 est,

56 3214 136 3298 qnod
159 3233 197 3278 ex
217 3231 279 3278 uno
303 3198 515 3280 recentissimo
537 3213 639 3279 codice
662 3213 881 3289 substituitur,
914 3211 991 3277 elic
1026 3211 1123 3276 lcco.

57 3318 123 3400 Qun
144 3322 253 3385 eutem
274 3319 411 3401 pertinet
431 3322 591 3385 temen?
632 3318 812 3401 Scripserst,
833 3319 864 3382 ni
885 3317 986 3393 fuller,
1008 3314 1130 3381 Osset:

56 3426 187 3493 dutum
223 3425 274 3489 iri
295 3424 370 3486 iam
398 3445 502 3508 equo
534 3426 620 3491 loco
652 3424 852 3508 pugnandi
877 3422 1125 3487 fucultatem.

56 3531 118 3611 Qui
138 3548 277 3615 pugnem
299 3531 483 3614 poscebant,
510 3531 537 3596 si
559 3530 661 3596 Gaeser
686 3530 848 3614 iniquitute
869 3528 929 3594 loci
951 3528 1126 3593 deterrere-

56 3755 260 3764 ...μ-ι

74 3914 98 3978 ¹)
130 3912 210 3968 0.δῖ
227 3911 330 3969 editur:
349 3918 389 3993 ut
403 3916 540 3986 equites
558 3957 566 3972 .
585 3957 593 3974 .
612 3957 620 3974 .
639 3921 786 3987 possent
805 3922 920 3973 temen
938 3917 1045 3984 etque
1063 3930 1130 3968 eu·

127 4005 250 4084 derunt
277 4007 408 4062 flumen
432 4009 606 4075 transire,
633 4012 772 4080 pedites
791 4021 866 4066 ve'rc
885 4005 1131 4064 tantummode

129 4114 336 4155 ...summo
355 4105 492 4171 pectore
511 4105 649 4157 crstsre
667 4106 703 4157 et
722 4143 728 4157 .
748 4143 754 4156 .
774 4142 782 4156 .
802 4101 1056 4172 impedirentur
1074 4105 1129 4153 cet..

128 4190 248 4267 Nescius,
269 4197 480 4264 ntrnmprssius
498 4195 543 4259 sit,
562 4197 712 4265 possent
733 4198 768 4249 et
786 4184 962 4252 auderent
980 4197 1126 4256 exstere,

127 4302 179 4340 en:
197 4285 369 4341 cuderent
388 4327 395 4342 .
414 4328 421 4342 .
441 4332 446 4345 .
465 4291 502 4342 et
520 4287 792 4357 impedirentur.
836 4288 935 4343 Eecd.
954 4287 1029 4343 Lcid
1050 4291 1063 4344 1
1084 4305 1129 4341 re-

126 4378 283 4447 cipiendum
302 4380 554 4435 exsistentium
572 4381 700 4437 Davisius
718 4381 863 4452 limusque
881 4386 909 4437 et
926 4383 974 4437 elii
994 4381 1126 4437 uiderent.
