2656 5056
385 679 408 734 L
436 679 540 735 Senecae
561 680 697 751 Epistola.
958 685 1036 760 ,497
1055 710 1068 719 ·

113 878 161 941 De
184 896 231 960 ep.
255 874 313 949 92,
347 876 384 936 ll
417 876 486 953 (10)
516 876 577 942 dixi
605 878 663 944 vol.
695 879 760 963 lp.
789 881 965 967 68,‚de§
989 885 1027 945 l‘l
1048 904 1078 966 p.
1114 950 1118 958 ,

24 982 82 1048 03.
94 984 123 1059 ¹)
174 981 320 1065 Superest
342 982 432 1047 huius
455 983 591 1066 epistole
613 984 699 1050 locus
721 984 923 1052 difficillimus
944 988 976 1051 in
998 986 1018 1073 ξ
1039 987 1079 1050 28

24 1089 102 1167 26),
137 1088 169 1153 in
209 1106 267 1170 quo
301 1087 434 1152 Haasins
467 1088 702 1171 transpositione
740 1091 818 1156 nihil
849 1093 933 1157 eliud
967 1088 1079 1170 effecit,

24 1194 69 1258 isi
92 1195 131 1257 ιιι
154 1210 200 1268 en,
223 1211 289 1275 ane
312 1194 396 1257 extra
418 1192 484 1258 vitii
506 1196 682 1262 contectum
705 1197 805 1278 posite
827 1198 904 1263 bene
926 1202 957 1264 et
974 1218 1080 1263 neces·

24 1299 92 1363 ario
112 1298 312 1375 cohererent,
333 1297 494 1362 divelleret
508 1317 543 1364 ac
554 1300 710 1365 turbaret:
734 1301 851 1367 Ratio
941 1303 1081 1367 inillis

24 1404 83 1481 dis)
119 1406 383 1469 consummate
420 1407 496 1481 est,
531 1404 568 1468 in
600 1405 711 1471 nobis
734 1409 1079 1473 consummabilisi

24 1511 80 1576 ed
119 1508 166 1572 ad
202 1508 532 1592 desperationem
571 1510 727 1579 nos-lde
758 1531 795 1577 ea
829 1511 1081 1589 consummanda)

24 1614 112 1680 'itia
151 1614 283 1678 nostra
315 1613 545 1697 perducunt.
599 1615 767 1699 Postquam
804 1617 919 1682 Seneca
946 1616 1081 1698 proxime

24 1719 52 1785 le
75 1719 192 1785 virtute
214 1719 279 1783 sole
309 1718 430 1783 beatam
465 1719 560 1784 vitam
592 1719 744 1786 eliciente
774 1722 819 1786 ita
847 1723 1025 1805 dispulerit,
1047 1724 1081 1787 ut

24 1826 123 1890 entra
160 1823 327 1905 Epicureos
354 1825 386 1888 et
415 1823 582 1906 voluptatis
610 1824 650 1888 ad
677 1826 823 1891 virtutem
851 1828 1080 1893 adiunctionem

24 1930 150 2002 liceret,
182 1929 261 1993 redit
290 1929 328 1994 ad
359 1929 408 2002 id,
440 1928 522 2010 ‚quod
548 1928 610 2014 §5
639 1932 670 1996 et
697 1931 717 1993 6
745 1934 905 2014 posuerat,
933 1950 1000 2005 eos,
1029 1933 1080 2014 qui

24 2030 204 2122 ἰοχλησίαν
225 2033 264 2098 ad
283 2034 430 2102 virtutem
453 2033 578 2119 adiungi
600 2036 800 2117 postularent,
823 2036 894 2101 ferri
917 2040 1080 2120 utcumque

24 2160 115 2224 nosse.
172 2141 279 2222 ltaque
318 2138 394 2202 ille
433 2138 551 2214 alter,
588 2141 640 2223 qui
680 2141 781 2206 subito
814 2160 894 2207 nnnc
929 2141 1079 2217 obiicitur,

24 2246 214 2331 philosophus
245 2245 277 2308 et
309 2243 355 2307 vir
387 2243 535 2333 honestos
569 2246 653 2312 illius
686 2247 808 2330 generis
842 2250 874 2311 et
903 2248 994 2311 sectae
1023 2250 1079 2311 est.
1174 2275 1177 2284 ,

24 2353 61 2416 lle
85 2353 143 2416 hoc
163 2351 259 2434 igitur
282 2348 325 2412 sic
347 2347 463 2413 Seneca
493 2349 631 2432 scripsit,
664 2351 725 2414 nisi
753 2351 858 2424 sallom
891 2352 918 2416 si
947 2370 1006 2416 non
1029 2372 1080 2416 us-

24 2473 220 2541 unoquoque,
253 2457 357 2518 tamen
390 2454 533 2518 universe
569 2455 666 2520 forma
698 2459 731 2520 et
765 2458 933 2523 sententia:
982 2457 1077 2521 Nem

24 2562 89 2627 ‚lle
111 2561 215 2625 alter
237 2557 430 2641 ferundae
453 2559 554 2633 (codd.
578 2563 609 2623 et
628 2559 695 2623 edd.
725 2563 934 2639 secundus)
956 2565 1079 2626 estut
1140 2550 1144 2555 ’

24 2665 167 2750 eliquis
209 2670 344 2746 parum
380 2663 571 2729 constans
617 2665 662 2728 ed
705 2666 971 2731 custodienda
1013 2684 1080 2747 op·

24 2773 130 2846 time,
166 2770 276 2835 onius
309 2769 497 2833 iudicium
537 2768 651 2833 labat
686 2769 915 2835 etiamnunc
947 2774 989 2836 et
1021 2771 1082 2836 in·

24 2881 166 2943 eertum
189 2878 257 2940 est.
303 2874 516 2940 Desiderat
549 2875 605 2950 (sic
634 2875 708 2951 edd.
739 2875 911 2957 superiores
940 2876 1012 2940 inde
1044 2876 1082 2940 ab

24 2982 136 3047 llmsm.
159 2980 206 3054 ll;
230 2979 435 3044 desideret
457 2979 506 3043 vix
528 2979 573 3043 ita
595 2979 667 3043 ferri
689 2984 807 3062 potest,
831 2984 866 3044 ut
886 2982 1082 3064 permittatur

24 3202 216 3212 —-..--·-

42 3368 65 3438 ¹)
83 3368 125 3421 De
145 3372 161 3432 5
183 3369 193 3418 1
215 3368 287 3428 (non
307 3362 470 3422 refertur,
499 3362 555 3416 sed
586 3375 628 3416 ...·
652 3362 771 3426 refert)
797 3357 938 3418 dicendum
961 3380 1013 3418 non
1032 3367 1085 3427 est,

86 3458 140 3514 etei
159 3455 230 3511 idem
249 3469 322 3509 error
340 3454 505 3523 (perierat
526 3469 574 3523 pro
592 3454 732 3522 referat)
751 3455 779 3508 in
798 3471 840 3524 ep.
857 3457 899 3518 95,
917 3457 953 3512 45
970 3455 1083 3510 iteratus

86 3554 131 3606 est
147 3565 165 3604 a
182 3548 307 3602 Fickerto
325 3549 353 3601 et
370 3537 471 3601 Haecin
491 3553 557 3611 (non
575 3549 665 3600 tamen
684 3545 836 3601 refertur
929 3546 1083 3616 perfert),

89 3659 140 3699 nec
157 3640 190 3695 de
207 3641 265 3694 loon
283 3639 424 3694 sanissimo
446 3640 475 3693 in
493 3641 507 3706 ς
525 3641 543 3696 4
561 3640 595 3694 ab
615 3639 715 3693 Hassis
732 3637 832 3693 lacunae
850 3641 914 3693 nom
942 3639 1085 3695 maculato.

87 3735 147 3803 (,Si
170 3735 228 3787 sine
255 3732 298 3786 his
315 3730 395 3786 rebus
417 3730 476 3784 rita
501 3729 580 3784 beata
601 3746 656 3785 non
682 3733 737 3795 est,
764 3729 835 3799 quod
852 3729 887 3784 ad
905 3745 963 3784 eam
981 3731 1084 3800 aliquid
1126 3798 1128 3800 Υ

87 3826 238 3889 conferunt,
257 3825 286 3878 in
304 3824 340 3878 iis
357 3823 444 3893 posita
464 3823 517 3877 erit
535 3826 563 3875 et
581 3820 615 3876 ab
633 3823 670 3876 iis
687 3820 854 3892 pendebit“.)
891 3819 932 3874 Ne
951 3822 1012 3887 523
1027 3823 1084 3890 (21)

88 3918 199 3990 quidem
219 3918 376 3971 restitutum
393 3932 410 3971 a
430 3915 535 3968 Mureto
554 3913 616 3983 qui
634 3913 709 3968 labi
737 3914 840 3983 coepit
866 3928 913 3983 pro
940 3913 996 3982 qui
1020 3913 1086 3966 illa

88 4011 200 4080 coepit
227 4009 311 4064 ullam
338 4007 450 4063 hebebit
478 4006 549 4077 apud
577 4004 763 4075 intelligentes
781 4003 987 4060 dubitationem.
1035 4005 1086 4060 Sed

88 4103 212 4158 revolvor
229 4101 321 4157 subito
339 4117 377 4166 ec,
408 4116 461 4170 qno
487 4097 553 4152 mihi
579 4097 771 4152 interdixeram
797 4113 830 4150 ne
856 4095 1022 4175 devenirem,
1052 4096 1087 4152 ad

89 4196 206 4251 eliorum
226 4195 336 4249 inventa
360 4196 388 4246 et
399 4182 516 4246 errores.
564 4189 660 4258 Itaque
678 4188 741 4242 finis
759 4189 840 4243 huius
859 4190 1021 4258 egressionis
1040 4189 1084 4251 sit,

89 4292 123 4343 nt
141 4287 260 4343 admirer
278 4287 307 4340 in
319 4288 339 4352 ἐς
358 4287 392 4340 26
412 4286 469 4353 (25)
495 4282 654 4351 scripturam
678 4281 746 4335 hene
769 4281 930 4349 optimomm
954 4281 1087 4337 codicum:

88 4383 189 4439 stans
219 4394 283 4433 non
315 4380 433 4447 potest
462 4376 572 4444 (rinna)
595 4373 692 4429 mitti
710 4376 752 4439 (ex
778 4373 931 4438 certamine,
958 4372 1088 4440 dimitti):

80 4474 152 4551 ‘aut
169 4471 331 4525 vincatur
348 4470 494 4539 oportet
513 4472 576 4521 ant
593 4467 713 4520 vincet
737 4465 836 4519 tentori
855 4465 982 4533 potuisse.

65 4562 180 4598 nantuel!
192 4565 269 4598 Amas.
281 4563 332 4596 cen.
355 4562 376 4595 ll.
855 4562 888 4607 ῃ
