2656 5056
441 625 456 647 ’
518 685 684 754 oeneus.
1024 666 1086 752 535'
1178 733 1189 757 ‚

63 887 168 972 posuit
198 885 322 970 copie,
371 887 403 951 st
436 884 573 950 abdndat
603 903 660 950 nec
691 884 781 950 facile
812 884 844 949 in
879 888 965 953 sola
995 890 1128 956 tramite

62 993 175 1076 potuit.
219 991 316 1058 Scrib.
349 1009 443 1056 omn.
476 1009 602 1056 rerum
634 989 721 1054 eolo
742 991 894 1058 fertilis
916 996 1022 1078 regio
1052 999 1128 1072 est,

64 1100 124 1164 boo
147 1098 206 1177 est,
225 1116 246 1167 e
268 1098 349 1175 solo;
385 1097 522 1162 omnium
544 1114 646 1161 rerum
668 1097 767 1165 solum
788 1097 888 1165 fertile
912 1100 1014 1168 babet.
1068 1101 1129 1168 Sed

63 1205 212 1289 praecepit
233 1203 477 1285 emendationem
498 1202 629 1269 Modius.

168 1311 234 1377 Lib.
257 1310 303 1391 X,
337 1310 377 1372 22
406 1310 440 1387 <7
450 1357 457 1386 ,
493 1309 526 1387 5)
548 1308 682 1374 notanda
703 1312 769 1376 erat
790 1312 839 1388 (ut
859 1310 917 1389 111,
946 1311 999 1392 26)
1019 1314 1130 1380 lacuna

65 1417 125 1482 hoc
146 1417 249 1482 modo:
295 1415 404 1481 Haud
435 1415 615 1499 ambigue
648 1413 861 1507 iuuenem,¹
887 1419 949 1483 cui
970 1438 1129 1504 regnum

65 1522 365 1597 destinabatur,
389 1521 406 1560 *
430 1521 448 1560 *
473 1521 491 1560 *
514 1521 686 1604 impense
708 1523 869 1604 probra,
903 1544 981 1608 quae
1016 1526 1129 1592 obie-

64 1630 196 1704 cerat,
228 1628 351 1713 magis
384 1631 451 1702 cet
496 1626 579 1692 Nam
612 1627 693 1710 quod
720 1628 838 1712 Ieepius
866 1650 921 1712 pro
952 1632 1130 1716 impense

66 1733 162 1800 scribi
183 1733 274 1799 iussit
295 1732 478 1817 scripsitque
500 1733 668 1799 Hedickius
699 1733 891 1818 impetiit,
920 1735 1000 1814 ssd,
1033 1755 1131 1820 neque

64 1840 99 1906 id
121 1841 248 1905 verbum
282 1857 299 1903 e
330 1839 435 1922 paucis
467 1843 627 1922 poetarum
652 1839 729 1905 locis
750 1839 790 1904 ad
812 1839 952 1907 Curtium
973 1843 1132 1909 transferri

67 1945 177 2011 debuit
207 1964 305 2029 neque
336 1946 506 2030 perlectum
534 1946 617 2029 poni,
645 1948 685 2021 et,
713 1945 793 2029 quod
814 1949 907 2030 eaput
928 1950 996 2028 eet,
1033 1947 1131 2014 multo

66 2053 157 2136 plura
186 2051 406 2118 desiderantur.
470 2051 552 2117 Nam
584 2051 763 2134 probrorum
790 2051 914 2118 illorum
941 2072 1025 2119 nunc
1047 2054 1132 2120 nulla
1210 2109 1213 2117 .

67 2158 250 2244 significatio
272 2158 440 2242 praecessit,
475 2158 659 2242 omninoque
681 2158 820 2225 Pitbonie
841 2160 985 2226 orationis
1006 2159 1130 2226 initium
1255 2233 1259 2243 ‚

66 2265 191 2329 tantum
211 2265 243 2329 et
262 2264 421 2350 ingressus
443 2264 583 2347 ponitur;
607 2264 757 2347 quomodo
778 2263 849 2330 binc
870 2265 988 2332 flexerit
1009 2270 1041 2335 et
1058 2285 1131 2332 sen·

67 2371 201 2435 tentiam
224 2370 405 2453 exposuerit,
430 2389 488 2437 non
509 2370 631 2438 dieitur.

171 2580 402 2656 Quintilianum
428 2581 545 2665 perlegi
576 2580 710 2647 studiose
732 2584 764 2648 et
783 2584 903 2649 attente
926 2583 1025 2667 primo
1046 2584 1132 2650 Lati·

69 2706 125 2753 nas
158 2686 278 2753 litteras
310 2685 440 2752 docendi
471 2689 629 2770 tempore,
661 2689 769 2770 postea
808 2688 930 2753 tentum
966 2689 1132 2771 particulae

39 2858 40 2861 ,
69 2793 177 2878 relegi.
214 2792 375 2859 Habebam
397 2796 501 2859 tamen
541 2794 704 2858 annotatas
735 2792 963 2860 emendationes
996 2814 1056 2860 non
1089 2796 1134 2862 ita

68 2918 201 2983 paucas,
232 2900 399 2984 exquibus
434 2919 527 2965 unam
557 2902 589 2965 et
619 2899 748 2964 alteram
770 2898 861 2964 edidi.
905 2899 967 2967 Sed
988 2920 1060 2967 cum
1080 2915 1133 2969 sas

68 3023 139 3069 oum
172 3003 290 3069 Halmii
324 3006 463 3089 exemplo
491 3024 711 3089 compararem,
745 3024 805 3070 non
838 3006 903 3071 sine
931 3006 1041 3074 laetitia
1070 3009 1133 3076 ridi

67 3109 217 3193 pleraque
238 3110 312 3189 iam,
335 3130 402 3195 quae
424 3112 516 3178 scribi
538 3112 705 3189 volueram,
741 3111 797 3176 aut
818 3130 854 3176 ex
875 3112 999 3195 optimis
1021 3113 1132 3179 codici·

68 3217 128 3282 bus
162 3215 308 3282 restituta
329 3236 396 3284 esse
418 3220 472 3283 aut
492 3217 619 3294 Halmii,
657 3216 783 3284 Christii
805 3217 993 3303 aliorumque
1014 3219 1133 3290 coniec-

68 3321 149 3389 turis
183 3325 350 3406 occupata,
387 3324 647 3408 quemadmodum
690 3324 802 3390 eccidit
833 3325 866 3389 in
898 3325 1015 3391 duobus
1047 3326 1133 3404 locis,

68 3445 145 3511 quos
177 3427 236 3492 vol.
268 3429 283 3493 Ι
316 3450 346 3513 p.
373 3430 414 3492 45
450 3431 581 3497 tractari
613 3438 692 3514 (quae
721 3448 793 3513 pars
825 3449 930 3497 mense
958 3430 1084 3497 Octobri
1104 3450 1132 3498 a.

70 3533 153 3596 1868
176 3533 258 3617 typis
280 3535 433 3620 descripta
455 3538 532 3615 est);
565 3554 668 3601 eorum
698 3537 780 3602 enim
806 3538 968 3621 utrumque
990 3538 1133 3604 Halmius

68 3639 178 3705 eodem
216 3643 270 3705 aut
301 3641 458 3707 simillimo
491 3642 582 3708 modo
619 3641 805 3721 emendavit,
840 3642 972 3709 alterum
1006 3662 1023 3708 e
1056 3642 1161 3708 Iulio
1275 3704 1289 3723 ,

68 3746 204 3821 Victore,
227 3746 359 3812 alterum
392 3749 609 3842 coniectura¹l
663 3748 771 3831 Itaque
803 3748 984 3832 relinquitur
1015 3750 1148 3847 penori-5„
1205 3842 1207 3846 μ
1263 3767 1269 3784 ²

68 3871 166 3937 gnum
188 3851 220 3916 in
242 3853 328 3918 tanto
352 3873 441 3939 opere
464 3855 667 3939 spicilegium.

171 3958 238 4024 Lib.
259 3959 284 4034 Ι,
316 3959 352 4033 4,
384 3960 419 4025 3:
456 3960 552 4026 Nam
586 3960 625 4024 et
657 3958 862 4025 scribendi
894 3962 1004 4028 ratio
1036 3980 1133 4027 eon·
1227 4016 1230 4023 .

70 4181 271 4191 m

99 4313 121 4378 ¹)
140 4312 174 4366 In
200 4311 271 4366 libro
297 4310 357 4376 v11,
388 4312 412 4377 7,
442 4313 459 4368 9
489 4327 646 4368 eonsensum
675 4326 764 4366 meum
794 4311 918 4367 Halmius
947 4311 977 4367 in
1004 4311 1132 4368 addendis

142 4404 290 4460 annotarit.
824 4421 827 4425 ·
