2678 5018
258 284 299 350 68
612 281 670 336 Lib.
690 281 738 338 VI.
757 279 823 351 Cap.
841 280 877 336 11.

316 483 382 550 Ihd.
405 484 430 559 Ι,
465 480 513 559 13,
551 481 589 544 19
611 485 643 546 et
664 481 713 543 20.
770 482 836 545 Hoe
858 478 1007 544 distichon
1038 478 1199 553 inoodioe
1221 499 1275 564 op-

217 591 296 657 h'mo
319 589 346 654 P
367 587 517 668 (Parisino
539 586 709 669 Puteaneo)
731 587 776 651 sio
797 586 955 652 scribitur:

316 697 421 779 Atque
442 694 548 760 eadem
570 711 715 776 sponsum
738 692 837 758 cultos
859 693 930 758 anto
953 691 1032 758 atria
1053 693 1161 767 mittis,

357 802 448 866 nnius
469 803 505 865 ut
525 799 611 865 verbi
631 800 759 883 grandia
780 799 893 865 damna
913 799 1028 876 lerant;

219 907 272 991 qui
307 907 335 972 ei
366 907 521 990 proximus
554 907 611 983 est,
648 905 669 970 S
702 904 945 988 (Sangallensis)‚
980 926 1123 989 sponsum
1148 906 1278 969 consulti

217 1013 321 1080 hahet
379 1011 470 1092 Quod
498 1012 664 1077 Merkelius
697 1031 714 1075 e
743 1011 931 1076 Lachmanni
969 1011 1143 1076 oonieotura
1174 1013 1277 1095 posuit

218 1141 331 1205 sponsu
363 1119 486 1192 vinctos,
519 1137 616 1202 neque
638 1119 750 1183 usitate
782 1117 893 1182 dieitur
926 1119 957 1181 et
989 1120 1124 1202 tempore
1147 1139 1276 1203 pravum

217 1227 289 1305 est;
325 1228 443 1290 Aurora
468 1225 548 1290 enim
571 1244 630 1290 non
663 1225 725 1289 iam
758 1224 918 1307 sponsione
949 1224 1092 1309 alligatos
1125 1225 1167 1290 ad
1197 1227 1277 1290 atria

218 1334 317 1399 mittit
338 1334 382 1411 (in
405 1350 463 1415 quo
494 1350 554 1397 non
576 1334 708 1408 Aurora,
736 1330 791 1396 sed
812 1331 844 1395 id
865 1331 999 1412 tompus,
1030 1351 1089 1414 quo
1110 1350 1143 1396 so
1165 1331 1276 1416 alliga·

199 1427 354 1515 ²vissent,
390 1437 571 1520 reprehendi
602 1440 733 1520 posset),
766 1437 820 1501 sed
853 1438 888 1501 ut
920 1433 1112 1518 sponsionem
1149 1438 1275 1512 faciant,

216 1546 296 1612 undo
317 1548 386 1629 post
410 1543 557 1608 damnum
578 1545 702 1608 oriatur.
734 1544 842 1626 ltaque
863 1543 946 1608 omni
967 1543 1058 1609 modo
1080 1544 1275 1609 retinendum

213 1673 367 1737 sponsum.
425 1649 497 1715 Veri
521 1649 713 1715 simillimum
735 1648 870 1715 ridetur:

313 1760 416 1841 Atque
438 1756 545 1821 eadem
566 1774 711 1838 sponsum
732 1755 868 1818 incaene
889 1756 960 1819 ante
977 1755 1056 1820 atria
1077 1756 1186 1821 mittis.

215 1863 324 1930 Prima
357 1862 476 1947 syllaba
503 1862 640 1926 vocabuli
667 1863 802 1925 incautos
824 1862 933 1925 hausta
954 1865 1001 1925 est
1021 1862 1211 1943 praeeedente
1234 1885 1277 1926 m.

214 1969 305 2036 Atria
326 1971 399 2035 sunt
418 1965 544 2038 Licinia,
565 1967 758 2032 auctionaris

314 2074 381 2140 Ihd.
404 2075 430 2150 Ι,
453 2071 502 2150 13,
524 2072 580 2136 39:

350 2182 396 2245 ht
416 2181 451 2255 si,
473 2198 565 2263 quem
586 2180 687 2255 malis,
710 2178 878 2262 Cephalum
900 2178 1058 2260 oomplera
1079 2181 1200 2245 teneres

393 2285 558 2351 clamares:
601 2286 699 2350 Lente
721 2284 845 2359 currite,
867 2285 965 2349 noctis
991 2285 1078 2368 equi!

216 2392 333 2458 Prarns
356 2391 567 2457 ooninnotirus
582 2392 647 2468 ost;
670 2390 789 2456 oodioes
811 2391 925 2476 ’παρίῃ
948 2393 1143 2457 scribendum
1165 2391 1276 2476 igitur:

218 2519 306 2583 quern
326 2497 433 2559 mauu.

316 2602 382 2668 Ibd.
404 2603 446 2677 ΙΙ,
471 2603 499 2675 9,
523 2603 559 2666 1:

357 2708 384 2774 Ο
407 2725 650 2790 ηιιωῳιηω,ρτο
671 2727 721 2775 me
742 2711 817 2777 satis
838 2711 996 2796 indignate
1019 2709 1145 2794 Cupido,

402 2815 473 2879 oin
496 2813 585 2879 eorde
607 2833 675 2880 meo
696 2811 847 2883 desidiose
868 2836 953 2900 puer,

358 2919 431 3004 quid
452 2939 502 2985 me
524 2920 581 2984 eet
710 2918 712 2923 ’
962 2996 965 3001 ,

317 3021 475 3106 Quomodo
496 3027 588 3110 poeta
608 3028 754 3110 postulat,
778 3031 813 3095 ut
834 3027 949 3112 Cupido
970 3047 1024 3111 pro
1045 3046 1078 3093 se
1100 3026 1278 3112 indignetur

218 3133 266 3214 (et
288 3131 325 3196 de
346 3150 406 3216 qua
426 3135 503 3209 rel),
526 3133 567 3208 et,
587 3133 666 3216 quod
689 3154 747 3200 non
770 3137 845 3202 satis
867 3134 899 3199 id
921 3133 1038 3208 feeerit,
1060 3133 1279 3216 reprehendit?

220 3238 259 3304 Se
280 3239 382 3323 ipsum
404 3257 558 3321 nunquam
580 3239 656 3304 satis
676 3258 731 3326 prp
752 3259 798 3318 eo,
820 3259 855 3306 so
877 3240 995 3317 debeat,
1015 3239 1169 3324 indignari
1189 3258 1278 3323 posse

220 3344 259 3409 de
280 3343 330 3424 iis,
351 3363 418 3427 quae
441 3343 555 3430 Cupido
578 3346 610 3411 in
632 3364 664 3410 se
686 3346 794 3411 lecerit
813 3346 973 3430 faciatque,
994 3347 1086 3413 dioit:

217 3573 413 3582 ——u—

287 3727 342 3782 alia
367 3743 448 3798 rugas
470 3746 561 3795 quoqne
585 3729 705 3782 excutere
728 3727 812 3798 (quod
835 3732 905 3783 esset
928 3731 1060 3798 aplhnre)
1083 3730 1205 3796 iubetur,
1231 3727 1277 3783 sed

213 3893 215 3899 y
288 3819 370 3875 otium
397 3818 586 3883 eustominus,
614 3836 672 3891 qus
698 3820 866 3876 severitatem
893 3821 1026 3891 affectent
1053 3826 1185 3880 excutere.
1222 3821 1278 3877 Neo

287 3911 377 3966 minus
394 3910 463 3967 lude
481 3929 506 3968 r.
525 3916 560 3970 65
577 3913 740 3985 relinquitur
757 3917 929 3981 quinquatria,
948 3931 1008 3973 oum
1026 3917 1096 3972 nihil
1115 3917 1214 3972 eortius
1232 3932 1276 3971 oo·

288 4003 372 4074 piari
389 4007 475 4074 possit
492 4022 573 4076 quum
591 4007 652 4063 hoo:
681 4009 736 4061 Nee
753 4020 774 4060 te
793 4009 914 4076 decipn'oat
931 4023 1018 4063 oetam
1035 4015 1102 4064 circo
1121 4013 1188 4064 atrio
1206 4027 1274 4072 oeroe,

290 4096 420 4152 maiorum
437 4098 568 4170 imagines
581 4103 610 4155 et
627 4099 763 4156 nobilitas.
