2678 5016
244 264 288 341 m
604 281 867 352 mmmm

302 477 359 554 XI,
378 475 440 542 393
459 476 492 540 in
514 476 669 541 codicibus
693 469 854 537 scribitur:

750 573 942 639 Erat'ardua
962 573 1067 652 turris,

336 702 405 748 arce
424 677 509 748 locus
532 701 662 758 summa,
685 681 774 747 fessis
795 679 863 744 loca
885 679 974 762 grata
995 681 1113 744 carinis.

200 788 385 871 Oormptum
406 786 579 853 assebruc
611 785 816 862 comestilem
850 785 905 852 sed
937 785 1030 849 tuuis
1063 787 1128 851 alta
1149 789 1181 851 et
1204 805 1267 859 arx,

199 893 354 977 adquam
376 892 574 959 adscenditur
606 891 701 969 (394),
723 911 784 956 non
816 892 865 954 est
896 891 981 955 locus
1008 894 1117 974 gratus
1138 891 1266 972 (nedum

200 998 268 1064 loca
285 999 388 1083 ignata)
410 989 543 1064 carinis(
571 996 710 1063 Describi
725 997 854 1080 phamm
878 996 940 1060 iam
963 996 1017 1060 alii
1037 999 1266 1063 intellexerunt.

199 1103 274 1188 Eius
297 1086 481 1189 iignificatio
502 1102 649 1168 facillime
673 1101 790 1166 eruitur
808 1101 944 1183 'primum
965 1102 998 1166 in
1021 1101 1122 1176 locru,
1156 1102 1267 1167 deinde

199 1211 231 1275 in
254 1210 330 1285 loon
355 1211 455 1293 priore
478 1208 545 1273 loco
567 1207 688 1290 reperta
709 1205 771 1269 ium
795 1204 834 1269 ab
856 1205 941 1270 aliia:

751 1312 826 1375 Erat
848 1312 943 1376 ardua
961 1311 1065 1385 turris,

333 1437 402 1483 arce
416 1418 511 1502 focus
534 1400 665 1494 summa,
687 1417 776 1482 fessis
798 1427 870 1478 nola
884 1421 980 1510 'grata
1001 1418 1120 1483 carinis.

203 1524 294 1599 (Cum
318 1543 346 1589 a.
371 1523 452 1586 1869
473 1524 506 1588 in
529 1523 714 1590 bibliotheca
728 1522 936 1586 Laurentiana
958 1522 1094 1588 codicem
1118 1542 1189 1588 cnm
1214 1544 1267 1589 ex-

198 1631 300 1714 emplo
314 1616 555 1694 'lanchnitniauo
577 1647 604 1694 a.
631 1628 711 1691 1868
734 1629 902 1694 conferrem
925 1646 985 1693 nec
1003 1629 1099 1694 ullum
1116 1630 1267 1712 praeterea

198 1735 513 1806 libmm'adlriberem,
529 1734 674 1800 annotavi
689 1754 717 1800 r.
734 1734 794 1794 618
809 1753 863 1815 pro
878 1755 967 1796 camo
982 1732 1177 1798 scribendum
1199 1752 1267 1799 esse

199 1850 288 1913 otrc3
311 1839 406 1904 redux
420 1839 452 1903 id
467 1839 596 1904 Heinsio
612 1841 675 1904 iam
698 1840 729 1902 in
751 1842 887 1904 mentem
911 1833 1032 1906 uenisse
1053 1839 1126 1905 uidi.
1166 1838 1268 1903 Sacra

197 1945 308 2011 domus
338 1945 439 2010 somni
468 1964 522 2010 cur
556 1947 745 2028 appelletur,
779 1945 864 2010 nulla
895 1964 988 2012 causa
1013 1948 1075 2018 est3
1105 1946 1268 2029 aptissime

198 2050 399 2116 condomus
428 2052 529 2116 subito
549 2052 644 2118 vestis
670 2053 786 2138 fulgore
809 2051 956 2117 reluxisse
981 2052 1100 2117 dicitur.
1144 2052 1181 2118 V.
1205 2052 1268 2114 714

188 2157 684 2228 adolescentulus,annotaveram
707 2155 872 2239 legendum
895 2177 975 2223 esse:

230 2310 234 2317 .
365 2246 505 2345 'dumque
527 2264 634 2328 notata
655 2262 729 2326 locis
750 2263 958 2329 reminiscitur
979 2269 1059 2340 acta,
1099 2283 1100 2286 ’

198 2367 244 2431 ita
265 2369 300 2429 ut
323 2367 468 2449 exemplis
489 2367 588 2434 tribus
610 2367 760 2433 universae
772 2370 816 2433 rei
839 2363 1021 2453 significatio
1046 2368 1267 2451 superaddere·

199 2472 271 2549 tur,
333 2470 619 2556 adscripseramque
672 2474 911 2540 confirmationis
960 2493 1051 2540 causa
1107 2475 1268 2556 (quonism

113 2586 115 2589 ’
199 2577 346 2659 philologi
381 2578 570 2652 testimoniis
600 2579 719 2644 utimur
751 2582 782 2644 iu
813 2581 925 2652 rebus,
957 2583 1033 2663 quas
1066 2582 1176 2645 natura
1198 2579 1269 2661 ipsa

202 2685 235 2747 et
256 2683 427 2748 communis
449 2702 556 2750 sensns
581 2685 681 2767 docet)
704 2684 886 2764 Quintiliani
919 2685 1011 2751 uerba
1032 2684 1099 2759 Xl,
1122 2686 1173 2760 ³2,
1208 2687 1247 2748 l'l
1258 2708 1267 2751 r

200 2808 270 2849 cum
296 2788 328 2848 in
362 2788 429 2850 loca
460 2786 580 2874 aliqac'
593 2802 667 2875 pout
690 2801 805 2874 lempna
835 2792 947 2853 reversi
976 2813 1089 2864 sumus,
1108 2792 1267 2867 ...etiam

199 2911 269 2978 qum
291 2893 324 2953 in
343 2892 389 2954 bis
400 2894 577 2976 fecerimus,
601 2897 824 2959 reminiscimur
840 2917 1039 2981 personaque
1061 2897 1189 2960 scoemr
1209 2900 1279 2962 cet

200 2996 306 3082 Neque
328 3016 409 3063 nunc
428 3000 520 3065 aliter
541 3002 659 3079 sentio;
694 3003 746 3067 sed
774 3003 805 3067 in
835 3003 990 3068 codicibus
1012 3003 1130 3087 aliquot
1161 3020 1269 3067 emen·

199 3099 358 3169 Monam
380 3108 565 3189 praeceptam
587 3107 701 3193 uideo.)
969 3096 971 3099 ’

297 3210 367 3285 Xll,
392 3211 447 3277 23:
515 3216 519 3224 '
549 3276 553 3279 ,
617 3293 619 3297 ἢ

320 3315 388 3395 Ille,
410 3320 445 3381 ut
467 3319 542 3392 erat,
564 3317 677 3383 virides
700 3321 857 3403 amplexus
873 3321 910 3386 'in
934 3321 1040 3387 arbore
1060 3340 1164 3387 ramos

319 3420 355 3485 fit
379 3423 458 3505 lapis
482 3426 514 3488 et
535 3424 639 3488 servat
660 3427 808 3508 serpentia
830 3426 966 3510 imagine
988 3446 1106 3493 aarum.

198 3523 338 3591 Ridicule
360 3538 484 3611 serpens
506 3529 572 3611 ipae
602 3531 739 3596 mutatus
772 3534 820 3596 sui
841 3532 977 3616 imagine
1010 3551 1118 3597 aarum
1133 3526 1268 3598 'seruare

198 3630 318 3724 dicitur,
342 3649 412 3697 cum
437 3633 495 3699 hoc
515 3634 715 3728 significetur,
737 3657 844 3703 aarum
867 3656 988 3703 semare
1009 3639 1177 3723 imaginem
1199 3658 1267 3703 ser-

199 3739 299 3819 pentis
322 3740 390 3819 (aut
411 3743 585 3822 serpentem
608 3742 641 3806 in
663 3762 734 3807 saro
755 3744 803 3808 sui
824 3743 992 3827 imaginem
1014 3749 1158 3821 servare).
1204 3744 1268 3812 Sed

198 3861 237 3908 na
258 3836 382 3928 cuperat
403 3844 537 3929 quidem,
558 3847 640 3931 quod
661 3868 758 3932 nuper
779 3849 955 3916 coniectura
975 3851 1178 3916 substitutum
1206 3854 1267 3934 eat,

193 3948 273 4021 ,satis
303 3950 410 4033 aptum
443 3953 506 4027 est;
538 3970 612 4019 nam
639 3955 773 4039 imagine
803 3956 948 4040 repentia
978 3978 1088 4019 aarum
1119 3978 1269 4041 superare

196 4051 317 4118 videtur
357 4072 424 4120 esse
471 4057 686 4139 perfectiorem
717 4060 885 4144 imaginem
918 4062 1081 4144 serpentis
1122 4061 1266 4143 reddere,
