2626 5070
238 115 300 178 316
594 92 742 170 ummrr.
756 113 821 184 cap.
839 116 861 171 1.

197 315 260 380 Gir
281 314 339 379 hoo
361 332 427 395 cap
455 313 490 376 Ε.
516 314 531 374 1
561 311 751 390 (deflexis)
785 314 904 394 etcap.
927 311 946 374 8
976 312 1011 378 Ε.
1041 314 1253 395 5(admira·

196 420 287 486 bilis
309 419 397 498 luit)
419 417 458 482 al.

287 523 365 588 Ibd.
379 523 417 601 (Ι,
441 521 521 601 7)8:
556 522 836 606 Propioribust
843 539 964 601 amen,
984 524 1050 588 ut
1041 524 1099 589 ιιι
1124 525 1245 598 dicam,

198 628 317 693 lineis
350 628 502 692 Haterii
534 626 638 704 Ruri,
672 628 815 711 equitis
853 630 1034 705 Romani,
1069 631 1246 696 somnium

195 735 302 799 certo
336 736 476 799 eventu
508 733 744 799 admonitum
777 736 845 799 est.
872 734 981 814 Quid
1005 736 1048 800 sit
1074 736 1246 801 somnium

197 839 306 903 certo
328 842 467 904 eventu
488 839 778 905 admonitumt
747 842 778 904 et
796 840 1040 923 propioribus
1062 841 1183 907 lineis
1203 840 1246 904 ad·

200 945 362 1023 monitum,
383 963 506 1027 prorsus
523 944 1002 1042 noniutelligoscribendumque
1023 943 1092 1010 dico
1115 943 1248 1008 eventui

199 1051 389 1114 admotum
410 1053 482 1129 est,
503 1050 561 1117 hoc
592 1053 653 1126 est,
673 1051 812 1115 celeriter
834 1052 924 1114 event
924 1069 977 1113 nm
999 1050 1116 1117 habuit.
1147 1051 1247 1117 Etiam

202 1157 256 1234 lV,
281 1159 296 1218 1
320 1158 355 1221 Ε
378 1157 451 1221 8in
474 1158 501 1221 B
523 1158 623 1239 prima
644 1174 738 1220 manu
770 1154 976 1219 admonuit
1006 1174 1062 1239 pro
1095 1154 1248 1221 admovit

203 1262 352 1345 scriptum
376 1269 432 1327 est.
469 1261 565 1345 [Sic
557 1281 619 1326 ram
642 1261 789 1345 Lipsius]

300 1367 366 1434 Ibd.
393 1367 427 1432 Ε.
462 1368 496 1431 2:
533 1366 803 1432 veneficii
846 1366 1103 1447 suspicionem
1140 1370 1248 1432 animo

198 1474 353 1539 retulit.
395 1475 447 1540 Sic
469 1474 514 1552 B,
550 1475 642 1556 pauci
664 1472 829 1538 deteriores
859 1472 1016 1554 repulit.
1064 1471 1248 1538 Scribendun

200 1581 327 1644 animo
357 1579 519 1663 pepulit.
562 1579 687 1655 (Animo
722 1577 922 1661 despicientia
955 1580 1113 1643 retundere
1147 1580 1184 1645 de
1215 1597 1249 1653 eo,

203 1684 256 1765 qui
278 1685 401 1765 deponit
422 1687 454 1749 et
473 1685 606 1768 expellit,
630 1683 709 1749 nihil
730 1685 799 1759 est.)

302 1788 361 1866 (De
382 1789 417 1852 Ε.
441 1788 461 1850 4
484 1788 546 1854 diri
567 1790 627 1856 vol.
650 1789 665 1853 l
687 1810 716 1873 p.
739 1789 789 1868 58,
812 1790 864 1855 ubi
887 1808 956 1854 curn
980 1791 1172 1873 pertinaci
1202 1808 1251 1855 oa·

202 1910 264 1958 sus
286 1893 478 1960 violentia
499 1899 636 1978 poteram
658 1913 835 1977 comparare
867 1895 1110 1987 pertinacem
1133 1915 1250 1963 neces·

200 2000 356 2064 sitalem
379 2001 410 2063 in
434 2020 460 2065 o.
482 2000 501 2064 8
523 2002 559 2064 Ε.
583 2002 646 2077 10.)

223 2160 227 2167 2
300 2105 365 2171 Ibd.
388 2107 424 2171 Ε.
447 2106 482 2171 8:
516 2108 775 2186 (Hamilcar)
803 2108 965 2189 perinde
994 2128 1039 2174 ac
1073 2110 1250 2176 divinitus

202 2213 397 2294 promissa
416 2214 582 2279 victoria
604 2212 812 2277 exercitum
844 2232 978 2297 pugnae
999 2215 1252 2298 comparabat:

200 2319 239 2381 in
261 2336 330 2400 quo
352 2319 458 2385 inter
479 2309 633 2384 Siculos
666 2320 702 2381 et
732 2319 863 2383 Poenos
895 2319 983 2384 orta
1004 2319 1254 2390 dissensione,

201 2425 343 2489 castris
382 2430 464 2489 eius
509 2423 741 2508 Syracusani
781 2423 911 2490 subita
946 2425 1163 2509 irruptione
1201 2445 1256 2508 op·

143 2541 147 2548 ’
200 2531 350 2612 pressis
373 2531 501 2615 ipsum
523 2531 628 2595 intra
659 2531 798 2595 moenia
831 2548 897 2595 sua
919 2530 1091 2595 vinctum
1113 2535 1258 2615 pertra-

200 2638 346 2699 xerunt.
404 2636 615 2714 scribendum,
650 2636 686 2700 ut
721 2635 893 2719 opinorr.
917 2639 1259 2721 ..comparabat

165 2723 172 2732 ’
203 2762 312 2825 quom
332 2743 391 2807 int
376 2741 575 2809 terSio...
588 2740 913 2825 Syracusani..
926 2746 1245 2824 ‚pertraxerunt

303 2846 368 2912 lbd.
400 2848 436 2927 8,
468 2848 489 2909 4
516 2851 581 2913 rest
567 2847 707 2913 tituenda
735 2847 873 2912 codicum
901 2847 1053 2930 scriptura
1076 2853 1134 2928 est,
1163 2850 1264 2916 notata

202 2952 419 3037 antiquissima
447 2954 557 3019 lacuna
572 2960 655 3030 (nam
681 2954 776 3018 etiam
798 2953 830 3017 in
850 2951 921 3017 Iulii
943 2950 1064 3019 Paridis
1087 2960 1118 3022 et
1141 2959 1268 3023 fortasse

204 3059 371 3142 Augustini
394 3059 605 3132 codioefuitlr
639 3059 809 3125 Fortuna
832 3060 948 3124 etiam
979 3062 1185 3128 Muliebris
1219 3063 1270 3128 si·

202 3164 706 3243 mulacrum...non'semel,
726 3165 791 3231 sed
813 3165 871 3230 bis
892 3165 1062 3232 locutum
1081 3169 1272 3242 constitit,

203 3266 310 3349 prins
331 3269 390 3335 bis
412 3273 553 3337 verbis:
576 3272 651 3337 rite
674 3290 745 3348 me,
768 3274 962 3349 matronae,
985 3271 1153 3339 dedistis
1175 3275 1274 3339 rite·

203 3393 273 3456 quo
300 3374 529 3456 dedicastis,
564 3378 715 3463 [deinde
749 3377 879 3460 ***].
935 3377 1022 3442 Nihil
1046 3383 1094 3444 est
1116 3379 1149 3442 in
1173 3379 1275 3470 verbis

204 3479 313 3560 prisci;
338 3491 424 3557 (nam
447 3483 592 3549 Halmius
614 3485 756 3567 priscis
778 3483 837 3548 his
859 3483 986 3549 verbis
1008 3486 1156 3568 scripsit).

305 3587 372 3653 lbd.
389 3589 423 3652 ιε
451 3588 636 3654 ...fidem
658 3588 1076 3664 auctoresvindioent3
1098 3589 1278 3654 nostrum

205 3690 259 3754 sit
280 3688 435 3760 inclitis
459 3696 685 3761 litterarum
703 3693 959 3760 monumentis
982 3696 1276 3761 consecrata...

203 3814 276 3861 uon
309 3798 514 3882 refugisse.
565 3799 660 3866 Scrib.
694 3802 918 3867 nostrumst.
972 3799 1160 3866 Auctoribus
1183 3801 1285 3868 Vale·
