2656 5056
455 701 593 756 Ciceronis
613 701 745 771 epistole.
1036 702 1095 765 165

33 884 175 963 'mortis
209 916 298 964 casus
330 897 475 982 rapuerit,
509 898 584 981 quid
617 902 688 980 post
719 900 882 981 parentum
912 902 1044 964 mortem
1072 899 1136 965 lilio

60 1005 203 1069 futurum
227 1004 278 1082 sit,
301 1002 455 1087 quaeritur.

5 1136 31 1223 ,Δ
169 1131 246 1196 lbid.
269 1130 334 1212 XV,
360 1134 408 1211 17,
432 1132 468 1199 2:
490 1120 669 1198 Mindius
693 1132 912 1200 Marcellus
935 1133 974 1198 et
996 1132 1137 1197 Attius

29 1239 367 1322 ‘pigmentarius
396 1238 515 1304 valde
542 1238 774 1322 gaudebant
794 1258 834 1303 se
856 1237 1136 1305 adversarium

57 1342 275 1427 perdidiss
285 1362 311 1410 e.
355 1344 453 1412 Pravo
468 1343 587 1410 Mindio
609 1362 779 1429 cognomen
795 1345 994 1411 nobilissimae
1010 1343 1136 1409 iamiliae

58 1450 199 1515 additur.
269 1450 404 1534 Uterque
440 1451 531 1517 homo
574 1451 778 1534 contemptim
815 1454 895 1529 (sino
934 1450 1136 1533 prenomine)

60 1558 204 1640 quaestua
224 1575 333 1641 genere
348 1558 490 1624 notatur:
514 1556 693 1622 Mindius
716 1557 921 1625 macellarius
944 1561 983 1622 et
1003 1555 1137 1623 Attius

59 1662 378 1746 pigmentarius.

167 1851 303 1938 Epistol.
340 1850 384 1918 ad
418 1851 518 1920 hatra.
554 1853 578 1931 l,
613 1853 641 1932 1,
675 1854 711 1916 2:
753 1851 917 1918 Nostris
959 1850 1136 1916 rationi·

60 1958 141 2023 bus
169 1960 336 2023 marimo
365 1958 590 2025 conducere
619 1958 782 2024 videtur
803 1957 1013 2023 Thermum
1038 1955 1136 2021 fieri

61 2081 154 2127 cnm
185 2062 354 2144 Cesare3
384 2084 496 2130 nemo
529 2066 591 2130 est
624 2065 726 2129 onim
762 2083 804 2129 er
832 2062 901 2142 iis,
936 2063 1001 2146 qui
1035 2081 1137 2128 nune

61 2168 229 2252 petunt,
265 2170 347 2253 qni,
390 2171 423 2235 si
460 2171 500 2236 in
537 2171 717 2236 nostrum
748 2188 889 2235 annum
920 2168 1136 2248 reciderit,

61 2269 229 2335 firmior
269 2276 516 2342 candidatus
552 2278 636 2342 tore
672 2275 878 2353 videatur,
921 2276 1138 2359 propterea

62 2376 170 2459 quod
200 2384 364 2449 curator
396 2385 457 2449 est
489 2383 560 2449 riae
593 2382 817 2459 Flaminia,
848 2401 929 2465 quae
951 2401 1036 2448 cnm
1058 2382 1138 2448 erit

63 2482 259 2551 absoluta
286 2508 380 2555 sane
408 2489 532 2555 facile
561 2507 646 2554 eum
673 2488 855 2554 libenter
884 2507 986 2554 nunc
1008 2488 1138 2555 ceteri

63 2591 227 2657 consuli
260 2594 491 2660 acciderim.
546 2591 718 2660 Minucium
747 2594 917 2659 Thermum
945 2593 1050 2660 Cicero
1078 2593 1138 2660 hoc

62 2713 148 2760 anno
182 2715 251 2761 cum
283 2697 402 2765 Caesare
433 2700 590 2767 consulem
623 2700 690 2765 fieri
722 2701 815 2782 cupit,
851 2701 931 2783 quia,
961 2699 989 2765 si
1011 2702 1041 2765 in
1066 2718 1138 2766 eum

62 2819 183 2866 annum
204 2804 348 2870 reciderit
369 2805 561 2885 candidatus,
592 2825 651 2889 qno
682 2807 747 2889 ipse
777 2803 882 2870 eicere
909 2805 1063 2887 petiturus
1084 2804 1135 2883 ait,

61 2908 217 2974 absolute
238 2911 296 2975 riae
319 2910 481 2976 Flaminiae
507 2913 609 2996 gratia
635 2911 774 2978 adiutum
803 2930 875 2976 enm
895 2912 935 2976 iri
957 2912 989 2975 et
1011 2926 1137 2992 grauem

61 3016 303 3097 competitorem
326 3017 389 3082 lore
410 3016 567 3101 providet.
622 3019 720 3084 Pravo
753 3035 931 3082 concurrere
957 3014 1082 3081 laeile
1105 3016 1137 3080 et

61 3118 248 3188 libenter
271 3123 303 3189 et
317 3124 356 3188 ab
372 3124 549 3206 pronomine
572 3142 657 3189 eum
675 3142 787 3191 nouam
802 3123 936 3206 incipere
951 3121 1136 3188 sententiam

60 3227 203 3308 apparet.
251 3229 327 3294 Haeo
351 3231 505 3295 sententia
526 3230 704 3296 huiusmodi
726 3228 800 3295 luit:
834 3229 928 3295 llum
955 3228 1137 3294 libenter

60 3349 169 3397 nunc
203 3332 320 3402 daesari
352 3335 514 3403 consulem
543 3337 735 3404 accuderim.
782 3337 887 3401 Iocoso
910 3334 1015 3402 Cicero
1044 3333 1136 3398 verbo

58 3438 166 3503 utitur
199 3440 237 3505 de
269 3442 335 3525 pari
368 3443 527 3507 consulum
562 3441 730 3508 conflando.
784 3441 871 3507 Prior
895 3440 1050 3507 sententia
1073 3438 1137 3505 rim

58 3544 216 3610 absolute
244 3547 303 3613 riae
333 3547 495 3613 Flaminiae
522 3549 560 3614 ad
589 3548 758 3614 Thermum
781 3546 1058 3614 commendandum
1082 3545 1137 3611 de·

58 3650 217 3731 clarabat;
247 3653 377 3719 fortasse
407 3652 555 3737 seriptum
577 3653 692 3720 iuerat:
726 3672 808 3737 que
841 3672 924 3718 enm
958 3654 1038 3719 erit
1068 3653 1136 3718 ab·

58 3757 220 3838 soluta,
257 3778 352 3825 sane
388 3758 500 3837 faciet,
536 3760 594 3825 hoc
630 3764 686 3837 est,
724 3779 797 3825 sane
833 3761 905 3844 aget
939 3760 971 3824 et
1002 3759 1137 3823 multum

56 3861 190 3944 valebit,
212 3864 272 3930 nisi
294 3865 409 3950 aliquid
431 3868 503 3948 post
524 3866 649 3931 facile
671 3866 794 3933 excidit.
833 3867 884 3948 [In
906 3863 1135 3931 accuderim

56 3968 218 4036 inciderat
240 3971 360 4052 Rosius,
388 3972 441 4056 qui
463 3975 495 4037 in
518 3973 627 4039 ceteris
648 3974 738 4057 longe
760 3974 850 4054 abit]

166 4087 243 4154 lbid.
270 4092 317 4169 14,
340 4091 379 4156 b:
402 4090 493 4156 Cum
523 4091 814 4157 decerneretur
843 4088 1051 4172 frequenti
1072 4105 1134 4152 se·

58 4195 177 4275 natu,
201 4200 341 4261 contra
361 4197 565 4281 pugnante
586 4196 751 4278 Pisone,
767 4196 947 4279 adpedes
963 4193 1134 4259 omnium

56 4300 319 4385 singillatim
352 4303 564 4369 accidente
588 4302 747 4381 clodio,
777 4306 819 4368 ut
850 4300 1039 4368 eonsules
1067 4319 1134 4384 po·

54 4407 198 4490 pulum
230 4409 544 4475 cohortarentur
572 4410 617 4475 ad
647 4408 901 4494 rogationem
930 4406 1135 4490 accipien-

56 4512 167 4595 dam,
207 4513 391 4581 homines
427 4515 472 4580 ad
513 4515 743 4600 quindecim
777 4515 944 4582 Curioni
980 4514 1136 4581 nullum
