<?xml version="1.0" encoding="UTF-8"?>
<!DOCTYPE html PUBLIC "-//W3C//DTD XHTML 1.0 Transitional//EN"
    "http://www.w3.org/TR/xhtml1/DTD/xhtml1-transitional.dtd">
<html xmlns="http://www.w3.org/1999/xhtml" xml:lang="en" lang="en">
 <head>
  <title>
</title>
<meta http-equiv="Content-Type" content="text/html;charset=utf-8" />
  <meta name='ocr-system' content='tesseract 3.04.00' />
  <meta name='ocr-capabilities' content='ocr_page ocr_carea ocr_par ocr_line ocrx_word'/>
</head>
<body>
  <div class='ocr_page' id='page_1' title='image "./ioniemadvigiiad00madvgoog_0787.png"; bbox 0 0 2656 5056; ppageno 0'>
   <div class='ocr_carea' id='block_1_1' title="bbox 352 721 1065 787">
    <p class='ocr_par' dir='ltr' id='par_1_1' title="bbox 352 721 1065 787">
     <span class='ocr_line' id='line_1_1' title="bbox 352 721 1065 787; baseline 0.003 -11"><span class='ocrx_word' id='word_1_1' title='bbox 352 722 491 776; x_wconf 81' lang='lat' dir='ltr'><strong>Ciceronis</strong></span> <span class='ocrx_word' id='word_1_2' title='bbox 510 721 544 776; x_wconf 94' lang='lat' dir='ltr'><strong>de</strong></span> <span class='ocrx_word' id='word_1_3' title='bbox 563 728 672 778; x_wconf 84' lang='lat' dir='ltr'><strong>oratore</strong></span> <span class='ocrx_word' id='word_1_4' title='bbox 691 723 737 777; x_wconf 93' lang='lat' dir='ltr'><strong>lib.</strong></span> <span class='ocrx_word' id='word_1_5' title='bbox 758 724 793 777; x_wconf 92' lang='lat' dir='ltr'><strong>ll.</strong></span> <span class='ocrx_word' id='word_1_6' title='bbox 1026 725 1065 787; x_wconf 86' lang='lat'><strong>91</strong></span> 
     </span>
    </p>
   </div>
   <div class='ocr_carea' id='block_1_2' title="bbox 0 917 1110 2908">
    <p class='ocr_par' dir='ltr' id='par_1_2' title="bbox 0 917 1110 2908">
     <span class='ocr_line' id='line_1_2' title="bbox 16 917 1108 1003; baseline 0.005 -21"><span class='ocrx_word' id='word_1_7' title='bbox 16 917 110 999; x_wconf 31' lang='lat' dir='ltr'><strong>phoc</strong></span> <span class='ocrx_word' id='word_1_8' title='bbox 132 934 278 1000; x_wconf 88' lang='lat' dir='ltr'><strong>genere</strong></span> <span class='ocrx_word' id='word_1_9' title='bbox 300 935 401 1000; x_wconf 82' lang='lat' dir='ltr'><strong>saepe</strong></span> <span class='ocrx_word' id='word_1_10' title='bbox 423 918 509 1002; x_wconf 89' lang='lat' dir='ltr'><strong>ipse</strong></span> <span class='ocrx_word' id='word_1_11' title='bbox 530 919 632 995; x_wconf 86' lang='lat' dir='ltr'><strong>vidi,</strong></span> <span class='ocrx_word' id='word_1_12' title='bbox 655 940 737 986; x_wconf 92' lang='lat' dir='ltr'><strong>cum</strong></span> <span class='ocrx_word' id='word_1_13' title='bbox 765 939 991 1003; x_wconf 82' lang='lat' dir='ltr'><strong>expersona</strong></span> <span class='ocrx_word' id='word_1_14' title='bbox 1017 921 1108 987; x_wconf 91' lang='lat' dir='ltr'><strong>mihi</strong></span> 
     </span>
     <span class='ocr_line' id='line_1_3' title="bbox 6 1023 1108 1110; baseline 0.009 -28"><span class='ocrx_word' id='word_1_15' title='bbox 6 1023 1108 1110; x_wconf 64' lang='lat' dir='ltr'><strong>‚erdereoculihominishistrionisvidereuturspon·</strong></span> 
     </span>
     <span class='ocr_line' id='line_1_4' title="bbox 26 1127 1108 1216; baseline 0.006 -24"><span class='ocrx_word' id='word_1_16' title='bbox 26 1130 148 1195; x_wconf 62' lang='lat' dir='ltr'><strong>,dulia</strong></span> <span class='ocrx_word' id='word_1_17' title='bbox 169 1130 248 1195; x_wconf 87' lang='lat' dir='ltr'><strong>ille</strong></span> <span class='ocrx_word' id='word_1_18' title='bbox 270 1127 465 1196; x_wconf 89' lang='lat' dir='ltr'><strong>dicentis:</strong></span> <span class='ocrx_word' id='word_1_19' title='bbox 489 1130 714 1216; x_wconf 88' lang='lat' dir='ltr'><strong>Segregare</strong></span> <span class='ocrx_word' id='word_1_20' title='bbox 737 1133 805 1197; x_wconf 85' lang='lat' dir='ltr'><strong>ebs</strong></span> <span class='ocrx_word' id='word_1_21' title='bbox 827 1133 864 1197; x_wconf 91' lang='lat' dir='ltr'><strong>te</strong></span> <span class='ocrx_word' id='word_1_22' title='bbox 885 1134 1020 1199; x_wconf 87' lang='lat' dir='ltr'><strong>ausu&#39;s</strong></span> <span class='ocrx_word' id='word_1_23' title='bbox 1042 1136 1108 1198; x_wconf 86' lang='lat' dir='ltr'><strong>aut</strong></span> 
     </span>
     <span class='ocr_line' id='line_1_5' title="bbox 8 1235 1106 1322; baseline 0.005 -22"><span class='ocrx_word' id='word_1_24' title='bbox 8 1235 124 1318; x_wconf 61' lang='lat' dir='ltr'><strong>ysiue</strong></span> <span class='ocrx_word' id='word_1_25' title='bbox 159 1235 234 1301; x_wconf 92' lang='lat' dir='ltr'><strong>illo</strong></span> <span class='ocrx_word' id='word_1_26' title='bbox 266 1235 472 1302; x_wconf 82' lang='lat' dir='ltr'><strong>Salamina</strong></span> <span class='ocrx_word' id='word_1_27' title='bbox 503 1236 688 1318; x_wconf 82' lang='lat' dir='ltr'><strong>ingredi?</strong></span> <span class='ocrx_word' id='word_1_28' title='bbox 730 1238 866 1322; x_wconf 81' lang='lat' dir='ltr'>Neque</span> <span class='ocrx_word' id='word_1_29' title='bbox 898 1240 1106 1322; x_wconf 89' lang='lat' dir='ltr'><strong>paternum</strong></span> 
     </span>
     <span class='ocr_line' id='line_1_6' title="bbox 18 1343 1109 1429; baseline 0.003 -23"><span class='ocrx_word' id='word_1_30' title='bbox 18 1343 242 1429; x_wconf 72' lang='lat' dir='ltr'><strong>aspectum</strong></span> <span class='ocrx_word' id='word_1_31' title='bbox 267 1361 307 1407; x_wconf 91' lang='lat' dir='ltr'><strong>es</strong></span> <span class='ocrx_word' id='word_1_32' title='bbox 329 1344 509 1407; x_wconf 81' lang='lat' dir='ltr'><strong>veritus?</strong></span> <span class='ocrx_word' id='word_1_33' title='bbox 552 1343 680 1409; x_wconf 78' lang='lat' dir='ltr'><strong>Frustra</strong></span> <span class='ocrx_word' id='word_1_34' title='bbox 702 1345 741 1410; x_wconf 90' lang='lat' dir='ltr'><strong>ad</strong></span> <span class='ocrx_word' id='word_1_35' title='bbox 762 1343 822 1411; x_wconf 89' lang='lat' dir='ltr'><strong>hoo</strong></span> <span class='ocrx_word' id='word_1_36' title='bbox 837 1363 943 1410; x_wconf 83' lang='lat' dir='ltr'><strong>omues</strong></span> <span class='ocrx_word' id='word_1_37' title='bbox 958 1345 1109 1410; x_wconf 87' lang='lat' dir='ltr'><strong>machinae</strong></span> 
     </span>
     <span class='ocr_line' id='line_1_7' title="bbox 23 1448 1108 1532; baseline 0.003 -20"><span class='ocrx_word' id='word_1_38' title='bbox 23 1448 172 1513; x_wconf 80' lang='lat' dir='ltr'><strong>admota</strong></span> <span class='ocrx_word' id='word_1_39' title='bbox 207 1451 288 1519; x_wconf 85' lang='lat' dir='ltr'><strong>suut,</strong></span> <span class='ocrx_word' id='word_1_40' title='bbox 325 1450 362 1513; x_wconf 87' lang='lat' dir='ltr'><strong>ut</strong></span> <span class='ocrx_word' id='word_1_41' title='bbox 396 1449 515 1532; x_wconf 91' lang='lat' dir='ltr'><strong>aliquid</strong></span> <span class='ocrx_word' id='word_1_42' title='bbox 551 1450 712 1516; x_wconf 73' lang='lat' dir='ltr'><strong>tolerabile</strong></span> <span class='ocrx_word' id='word_1_43' title='bbox 753 1449 927 1515; x_wconf 83' lang='lat' dir='ltr'><strong>efficeretur</strong></span> <span class='ocrx_word' id='word_1_44' title='bbox 958 1470 994 1515; x_wconf 82' lang='lat' dir='ltr'><strong>ex</strong></span> <span class='ocrx_word' id='word_1_45' title='bbox 1031 1451 1108 1515; x_wconf 92' lang='lat' dir='ltr'><strong>miro</strong></span> 
     </span>
     <span class='ocr_line' id='line_1_8' title="bbox 16 1553 1108 1640; baseline 0.003 -22"><span class='ocrx_word' id='word_1_46' title='bbox 16 1553 295 1637; x_wconf 85' lang='lat' dir='ltr'><strong>spondalium</strong></span> <span class='ocrx_word' id='word_1_47' title='bbox 327 1555 486 1634; x_wconf 80' lang='lat' dir='ltr'><strong>vocabulo,</strong></span> <span class='ocrx_word' id='word_1_48' title='bbox 521 1557 603 1640; x_wconf 88' lang='lat' dir='ltr'><strong>qnod</strong></span> <span class='ocrx_word' id='word_1_49' title='bbox 633 1575 732 1640; x_wconf 88' lang='lat' dir='ltr'><strong>neque</strong></span> <span class='ocrx_word' id='word_1_50' title='bbox 754 1556 975 1621; x_wconf 82' lang='lat' dir='ltr'><strong>derivationem</strong></span> <span class='ocrx_word' id='word_1_51' title='bbox 997 1557 1108 1639; x_wconf 86' lang='lat' dir='ltr'><strong>probe·</strong></span> 
     </span>
     <span class='ocr_line' id='line_1_9' title="bbox 19 1659 1106 1750; baseline 0.002 -27"><span class='ocrx_word' id='word_1_52' title='bbox 19 1660 133 1750; x_wconf 53' lang='lat' dir='ltr'><strong>,bilem</strong></span> <span class='ocrx_word' id='word_1_53' title='bbox 166 1678 264 1742; x_wconf 90' lang='lat' dir='ltr'><strong>neque</strong></span> <span class='ocrx_word' id='word_1_54' title='bbox 296 1659 555 1743; x_wconf 88' lang='lat' dir='ltr'><strong>significationem</strong></span> <span class='ocrx_word' id='word_1_55' title='bbox 589 1660 653 1727; x_wconf 87' lang='lat' dir='ltr'><strong>ulle</strong></span> <span class='ocrx_word' id='word_1_56' title='bbox 687 1667 835 1744; x_wconf 84' lang='lat' dir='ltr'><strong>exparte</strong></span> <span class='ocrx_word' id='word_1_57' title='bbox 864 1665 970 1743; x_wconf 86' lang='lat' dir='ltr'><strong>aptam</strong></span> <span class='ocrx_word' id='word_1_58' title='bbox 1005 1661 1106 1728; x_wconf 80' lang='lat' dir='ltr'><strong>habet,</strong></span> 
     </span>
     <span class='ocr_line' id='line_1_10' title="bbox 13 1765 1108 1857; baseline 0.007 -32"><span class='ocrx_word' id='word_1_59' title='bbox 13 1783 136 1857; x_wconf 65' lang='lat' dir='ltr'><strong>meque</strong></span> <span class='ocrx_word' id='word_1_60' title='bbox 168 1765 338 1848; x_wconf 85' lang='lat' dir='ltr'><strong>corrigendi</strong></span> <span class='ocrx_word' id='word_1_61' title='bbox 372 1768 498 1839; x_wconf 75' lang='lat' dir='ltr'><strong>corradus</strong></span> <span class='ocrx_word' id='word_1_62' title='bbox 532 1766 637 1832; x_wconf 86' lang='lat' dir='ltr'><strong>felices</strong></span> <span class='ocrx_word' id='word_1_63' title='bbox 674 1767 807 1832; x_wconf 87' lang='lat' dir='ltr'><strong>fuerunt.</strong></span> <span class='ocrx_word' id='word_1_64' title='bbox 857 1766 986 1832; x_wconf 78' lang='lat' dir='ltr'><strong>Attendi</strong></span> <span class='ocrx_word' id='word_1_65' title='bbox 1012 1768 1108 1833; x_wconf 81' lang='lat' dir='ltr'><strong>uelim</strong></span> 
     </span>
     <span class='ocr_line' id='line_1_11' title="bbox 38 1870 1108 1947; baseline 0.001 -12"><span class='ocrx_word' id='word_1_66' title='bbox 38 1870 185 1936; x_wconf 88' lang='lat' dir='ltr'><strong>orationis</strong></span> <span class='ocrx_word' id='word_1_67' title='bbox 207 1872 340 1937; x_wconf 89' lang='lat' dir='ltr'><strong>colorem</strong></span> <span class='ocrx_word' id='word_1_68' title='bbox 364 1874 395 1936; x_wconf 90' lang='lat' dir='ltr'><strong>in</strong></span> <span class='ocrx_word' id='word_1_69' title='bbox 417 1872 471 1938; x_wconf 92' lang='lat' dir='ltr'><strong>illo</strong></span> <span class='ocrx_word' id='word_1_70' title='bbox 505 1873 681 1939; x_wconf 91' lang='lat' dir='ltr'><strong>hominis</strong></span> <span class='ocrx_word' id='word_1_71' title='bbox 715 1872 952 1947; x_wconf 80' lang='lat' dir='ltr'><strong>histrionis3</strong></span> <span class='ocrx_word' id='word_1_72' title='bbox 987 1873 1108 1938; x_wconf 88' lang='lat' dir='ltr'><strong>adiecto</strong></span> 
     </span>
     <span class='ocr_line' id='line_1_12' title="bbox 40 1977 1106 2062; baseline 0 -20"><span class='ocrx_word' id='word_1_73' title='bbox 40 1979 122 2042; x_wconf 92' lang='lat' dir='ltr'><strong>enim</strong></span> <span class='ocrx_word' id='word_1_74' title='bbox 145 1977 244 2061; x_wconf 88' lang='lat' dir='ltr'><strong>priore</strong></span> <span class='ocrx_word' id='word_1_75' title='bbox 265 1978 411 2044; x_wconf 86' lang='lat' dir='ltr'><strong>vocabulo</strong></span> <span class='ocrx_word' id='word_1_76' title='bbox 432 1999 520 2062; x_wconf 87' lang='lat' dir='ltr'><strong>paene</strong></span> <span class='ocrx_word' id='word_1_77' title='bbox 536 1979 737 2060; x_wconf 82' lang='lat' dir='ltr'><strong>contemptim</strong></span> <span class='ocrx_word' id='word_1_78' title='bbox 753 1977 943 2062; x_wconf 80' lang='lat' dir='ltr'><strong>significatur</strong></span> <span class='ocrx_word' id='word_1_79' title='bbox 958 1979 988 2043; x_wconf 95' lang='lat' dir='ltr'><strong>iu</strong></span> <span class='ocrx_word' id='word_1_80' title='bbox 1004 1980 1106 2043; x_wconf 91' lang='lat' dir='ltr'><strong>tenuis</strong></span> 
     </span>
     <span class='ocr_line' id='line_1_13' title="bbox 39 2082 1108 2176; baseline 0.003 -28.897"><span class='ocrx_word' id='word_1_81' title='bbox 39 2082 227 2149; x_wconf 89' lang='lat' dir='ltr'><strong>condicionis</strong></span> <span class='ocrx_word' id='word_1_82' title='bbox 260 2084 385 2149; x_wconf 89' lang='lat' dir='ltr'><strong>homine</strong></span> <span class='ocrx_word' id='word_1_83' title='bbox 418 2089 449 2150; x_wconf 92' lang='lat' dir='ltr'><strong>et</strong></span> <span class='ocrx_word' id='word_1_84' title='bbox 480 2087 519 2151; x_wconf 92' lang='lat' dir='ltr'><strong>ab</strong></span> <span class='ocrx_word' id='word_1_85' title='bbox 552 2086 619 2169; x_wconf 89' lang='lat' dir='ltr'><strong>ipso</strong></span> <span class='ocrx_word' id='word_1_86' title='bbox 647 2085 1030 2176; x_wconf 83' lang='lat' dir='ltr'><strong>veritatelongeremoto</strong></span> <span class='ocrx_word' id='word_1_87' title='bbox 1052 2085 1108 2151; x_wconf 86' lang='lat' dir='ltr'><strong>hoc</strong></span> 
     </span>
     <span class='ocr_line' id='line_1_14' title="bbox 39 2189 1110 2274; baseline 0.003 -21"><span class='ocrx_word' id='word_1_88' title='bbox 39 2189 192 2265; x_wconf 86' lang='lat' dir='ltr'><strong>eccidere;</strong></span> <span class='ocrx_word' id='word_1_89' title='bbox 223 2189 331 2254; x_wconf 90' lang='lat' dir='ltr'><strong>eodem</strong></span> <span class='ocrx_word' id='word_1_90' title='bbox 358 2192 502 2273; x_wconf 88' lang='lat' dir='ltr'><strong>pertinet,</strong></span> <span class='ocrx_word' id='word_1_91' title='bbox 537 2192 618 2274; x_wconf 91' lang='lat' dir='ltr'><strong>quod</strong></span> <span class='ocrx_word' id='word_1_92' title='bbox 643 2192 700 2257; x_wconf 92' lang='lat' dir='ltr'><strong>sub</strong></span> <span class='ocrx_word' id='word_1_93' title='bbox 720 2189 776 2255; x_wconf 92' lang='lat' dir='ltr'><strong>illo</strong></span> <span class='ocrx_word' id='word_1_94' title='bbox 798 2191 1012 2273; x_wconf 90' lang='lat' dir='ltr'><strong>spondalia</strong></span> <span class='ocrx_word' id='word_1_95' title='bbox 1033 2193 1110 2258; x_wconf 90' lang='lat' dir='ltr'><strong>latet</strong></span> 
     </span>
     <span class='ocr_line' id='line_1_15' title="bbox 8 2296 1107 2381; baseline 0.003 -21"><span class='ocrx_word' id='word_1_96' title='bbox 8 2357 19 2368; x_wconf 58' lang='grc'><em>,</em></span> <span class='ocrx_word' id='word_1_97' title='bbox 38 2296 78 2361; x_wconf 91' lang='lat' dir='ltr'><strong>ad</strong></span> <span class='ocrx_word' id='word_1_98' title='bbox 100 2315 167 2360; x_wconf 92' lang='lat' dir='ltr'><strong>rem</strong></span> <span class='ocrx_word' id='word_1_99' title='bbox 188 2296 415 2379; x_wconf 79' lang='lat' dir='ltr'><strong>exprimendam</strong></span> <span class='ocrx_word' id='word_1_100' title='bbox 438 2297 652 2379; x_wconf 80' lang='lat' dir='ltr'><strong>aptissimum3</strong></span> <span class='ocrx_word' id='word_1_101' title='bbox 681 2316 806 2381; x_wconf 87' lang='lat' dir='ltr'><strong>prorsus</strong></span> <span class='ocrx_word' id='word_1_102' title='bbox 829 2298 910 2362; x_wconf 89' lang='lat' dir='ltr'><strong>enim</strong></span> <span class='ocrx_word' id='word_1_103' title='bbox 933 2297 1107 2363; x_wconf 82' lang='lat' dir='ltr'><strong>Ciceronem</strong></span> 
     </span>
     <span class='ocr_line' id='line_1_16' title="bbox 14 2390 1110 2489; baseline 0.003 -25"><span class='ocrx_word' id='word_1_104' title='bbox 14 2390 19 2399; x_wconf 77' lang='grc'><em>’</em></span> <span class='ocrx_word' id='word_1_105' title='bbox 38 2401 198 2484; x_wconf 83' lang='lat' dir='ltr'><strong>scripsisse</strong></span> <span class='ocrx_word' id='word_1_106' title='bbox 220 2402 311 2484; x_wconf 93' lang='lat' dir='ltr'><strong>puto:</strong></span> <span class='ocrx_word' id='word_1_107' title='bbox 334 2405 478 2489; x_wconf 84' lang='lat' dir='ltr'><strong>sponte</strong></span> <span class='ocrx_word' id='word_1_108' title='bbox 500 2403 638 2470; x_wconf 87' lang='lat' dir='ltr'><strong>aliena</strong></span> <span class='ocrx_word' id='word_1_109' title='bbox 659 2404 736 2469; x_wconf 88' lang='lat' dir='ltr'><strong>ille</strong></span> <span class='ocrx_word' id='word_1_110' title='bbox 758 2403 948 2469; x_wconf 91' lang='lat' dir='ltr'><strong>dicentis.</strong></span> <span class='ocrx_word' id='word_1_111' title='bbox 972 2401 1110 2467; x_wconf 91' lang='lat' dir='ltr'><strong>Nonsua</strong></span> 
     </span>
     <span class='ocr_line' id='line_1_17' title="bbox 41 2507 1109 2591; baseline 0.003 -19"><span class='ocrx_word' id='word_1_112' title='bbox 41 2509 161 2590; x_wconf 88' lang='lat' dir='ltr'><strong>sponte,</strong></span> <span class='ocrx_word' id='word_1_113' title='bbox 183 2508 238 2572; x_wconf 88' lang='lat' dir='ltr'><strong>sed</strong></span> <span class='ocrx_word' id='word_1_114' title='bbox 260 2507 360 2572; x_wconf 89' lang='lat' dir='ltr'><strong>aliena</strong></span> <span class='ocrx_word' id='word_1_115' title='bbox 383 2509 439 2574; x_wconf 89' lang='lat' dir='ltr'><strong>illa</strong></span> <span class='ocrx_word' id='word_1_116' title='bbox 461 2509 585 2576; x_wconf 83' lang='lat' dir='ltr'><strong>dicebat</strong></span> <span class='ocrx_word' id='word_1_117' title='bbox 607 2510 726 2580; x_wconf 86' lang='lat' dir='ltr'><strong>histrio,</strong></span> <span class='ocrx_word' id='word_1_118' title='bbox 749 2528 768 2574; x_wconf 95' lang='lat' dir='ltr'><strong>a</strong></span> <span class='ocrx_word' id='word_1_119' title='bbox 790 2511 881 2591; x_wconf 90' lang='lat' dir='ltr'><strong>poeta</strong></span> <span class='ocrx_word' id='word_1_120' title='bbox 903 2509 962 2573; x_wconf 89' lang='lat' dir='ltr'><strong>sibi</strong></span> <span class='ocrx_word' id='word_1_121' title='bbox 984 2508 1023 2574; x_wconf 93' lang='lat' dir='ltr'><strong>ad</strong></span> <span class='ocrx_word' id='word_1_122' title='bbox 1046 2508 1109 2575; x_wconf 93' lang='lat' dir='ltr'><strong>elo·</strong></span> 
     </span>
     <span class='ocr_line' id='line_1_18' title="bbox 0 2602 1109 2697; baseline -0.005 -13"><span class='ocrx_word' id='word_1_123' title='bbox 0 2602 19 2685; x_wconf 64' lang='lat' dir='ltr'>J</span> <span class='ocrx_word' id='word_1_124' title='bbox 39 2613 197 2696; x_wconf 88' lang='lat' dir='ltr'><strong>quendum</strong></span> <span class='ocrx_word' id='word_1_125' title='bbox 220 2612 300 2680; x_wconf 89' lang='lat' dir='ltr'><strong>data.</strong></span> <span class='ocrx_word' id='word_1_126' title='bbox 355 2615 500 2681; x_wconf 84' lang='lat' dir='ltr'><strong>Alione</strong></span> <span class='ocrx_word' id='word_1_127' title='bbox 533 2619 676 2697; x_wconf 88' lang='lat' dir='ltr'><strong>sponte</strong></span> <span class='ocrx_word' id='word_1_128' title='bbox 709 2616 815 2680; x_wconf 81' lang='lat' dir='ltr'><strong>Cicero</strong></span> <span class='ocrx_word' id='word_1_129' title='bbox 848 2614 926 2680; x_wconf 83' lang='lat' dir='ltr'><strong>dixit</strong></span> <span class='ocrx_word' id='word_1_130' title='bbox 953 2615 1047 2679; x_wconf 87' lang='lat' dir='ltr'><strong>etium</strong></span> <span class='ocrx_word' id='word_1_131' title='bbox 1072 2614 1109 2679; x_wconf 89' lang='lat' dir='ltr'><strong>de</strong></span> 
     </span>
     <span class='ocr_line' id='line_1_19' title="bbox 38 2720 1110 2804; baseline 0.002 -21"><span class='ocrx_word' id='word_1_132' title='bbox 38 2720 137 2804; x_wconf 83' lang='lat' dir='ltr'><strong>Legg.</strong></span> <span class='ocrx_word' id='word_1_133' title='bbox 160 2720 184 2794; x_wconf 87' lang='lat'><strong>1,</strong></span> <span class='ocrx_word' id='word_1_134' title='bbox 206 2722 257 2787; x_wconf 84' lang='grc'><strong>45.</strong></span> <span class='ocrx_word' id='word_1_135' title='bbox 311 2721 359 2787; x_wconf 90' lang='lat' dir='ltr'><strong>Ne</strong></span> <span class='ocrx_word' id='word_1_136' title='bbox 382 2722 449 2804; x_wconf 88' lang='lat' dir='ltr'><strong>quis</strong></span> <span class='ocrx_word' id='word_1_137' title='bbox 472 2721 608 2787; x_wconf 90' lang='lat' dir='ltr'><strong>aliena</strong></span> <span class='ocrx_word' id='word_1_138' title='bbox 631 2722 773 2804; x_wconf 86' lang='lat' dir='ltr'><strong>sponte</strong></span> <span class='ocrx_word' id='word_1_139' title='bbox 796 2720 991 2787; x_wconf 90' lang='lat' dir='ltr'><strong>scribendum</strong></span> <span class='ocrx_word' id='word_1_140' title='bbox 1015 2720 1110 2785; x_wconf 88' lang='lat' dir='ltr'><strong>luisse</strong></span> 
     </span>
     <span class='ocr_line' id='line_1_20' title="bbox 40 2827 1108 2908; baseline 0.001 -18"><span class='ocrx_word' id='word_1_141' title='bbox 40 2827 140 2908; x_wconf 87' lang='lat' dir='ltr'><strong>putet,</strong></span> <span class='ocrx_word' id='word_1_142' title='bbox 164 2827 272 2892; x_wconf 88' lang='lat' dir='ltr'><strong>eodem</strong></span> <span class='ocrx_word' id='word_1_143' title='bbox 294 2828 398 2894; x_wconf 90' lang='lat' dir='ltr'><strong>ordine</strong></span> <span class='ocrx_word' id='word_1_144' title='bbox 421 2828 458 2892; x_wconf 90' lang='lat' dir='ltr'><strong>de</strong></span> <span class='ocrx_word' id='word_1_145' title='bbox 482 2829 547 2893; x_wconf 85' lang='lat' dir='ltr'><strong>lnv.</strong></span> <span class='ocrx_word' id='word_1_146' title='bbox 571 2827 611 2906; x_wconf 85' lang='lat'><strong>11,</strong></span> <span class='ocrx_word' id='word_1_147' title='bbox 635 2830 676 2891; x_wconf 86' lang='lat'><strong>80</strong></span> <span class='ocrx_word' id='word_1_148' title='bbox 698 2828 842 2894; x_wconf 80' lang='lat' dir='ltr'><strong>scribitur</strong></span> <span class='ocrx_word' id='word_1_149' title='bbox 864 2827 1007 2908; x_wconf 91' lang='lat' dir='ltr'><strong>sponte</strong></span> <span class='ocrx_word' id='word_1_150' title='bbox 1030 2844 1108 2891; x_wconf 90' lang='lat' dir='ltr'><strong>sua.</strong></span> 
     </span>
    </p>
   </div>
   <div class='ocr_carea' id='block_1_3' title="bbox 1 2990 1158 4031">
    <p class='ocr_par' dir='ltr' id='par_1_3' title="bbox 1 2990 1158 4031">
     <span class='ocr_line' id='line_1_21' title="bbox 142 2990 1109 3075; baseline -0.002 -20"><span class='ocrx_word' id='word_1_151' title='bbox 142 2990 218 3055; x_wconf 90' lang='lat' dir='ltr'><strong>lbid.</strong></span> <span class='ocrx_word' id='word_1_152' title='bbox 243 2992 318 3055; x_wconf 82' lang='lat'>214:</span> <span class='ocrx_word' id='word_1_153' title='bbox 341 2993 629 3075; x_wconf 83' lang='lat' dir='ltr'><strong>Argumentum</strong></span> <span class='ocrx_word' id='word_1_154' title='bbox 653 2991 757 3056; x_wconf 90' lang='lat' dir='ltr'><strong>enirn</strong></span> <span class='ocrx_word' id='word_1_155' title='bbox 780 2990 886 3055; x_wconf 90' lang='lat' dir='ltr'><strong>ratio</strong></span> <span class='ocrx_word' id='word_1_156' title='bbox 908 2990 997 3073; x_wconf 86' lang='lat' dir='ltr'><strong>ipse</strong></span> <span class='ocrx_word' id='word_1_157' title='bbox 1018 3007 1109 3055; x_wconf 90' lang='lat' dir='ltr'><strong>oon·</strong></span> 
     </span>
     <span class='ocr_line' id='line_1_22' title="bbox 38 3094 1109 3181; baseline 0.001 -22"><span class='ocrx_word' id='word_1_158' title='bbox 38 3096 197 3170; x_wconf 83' lang='lat' dir='ltr'><strong>firmet,</strong></span> <span class='ocrx_word' id='word_1_159' title='bbox 226 3100 303 3172; x_wconf 87' lang='lat' dir='ltr'><strong>oui,</strong></span> <span class='ocrx_word' id='word_1_160' title='bbox 334 3096 582 3181; x_wconf 88' lang='lat' dir='ltr'><strong>simulatque</strong></span> <span class='ocrx_word' id='word_1_161' title='bbox 612 3095 801 3162; x_wconf 89' lang='lat' dir='ltr'><strong>emissum</strong></span> <span class='ocrx_word' id='word_1_162' title='bbox 830 3098 907 3168; x_wconf 86' lang='lat' dir='ltr'><strong>est.</strong></span> <span class='ocrx_word' id='word_1_163' title='bbox 931 3094 1109 3160; x_wconf 84' lang='lat' dir='ltr'><strong>adhaere·</strong></span> 
     </span>
     <span class='ocr_line' id='line_1_23' title="bbox 39 3201 1109 3289; baseline -0.005 -20"><span class='ocrx_word' id='word_1_164' title='bbox 39 3203 138 3278; x_wconf 88' lang='lat' dir='ltr'><strong>scit;</strong></span> <span class='ocrx_word' id='word_1_165' title='bbox 172 3203 276 3270; x_wconf 91' lang='lat' dir='ltr'><strong>illud</strong></span> <span class='ocrx_word' id='word_1_166' title='bbox 308 3207 440 3269; x_wconf 91' lang='lat' dir='ltr'><strong>autem</strong></span> <span class='ocrx_word' id='word_1_167' title='bbox 474 3223 598 3289; x_wconf 92' lang='lat' dir='ltr'><strong>genus</strong></span> <span class='ocrx_word' id='word_1_168' title='bbox 629 3203 830 3268; x_wconf 87' lang='lat' dir='ltr'><strong>orationis</strong></span> <span class='ocrx_word' id='word_1_169' title='bbox 863 3221 938 3267; x_wconf 92' lang='lat' dir='ltr'><strong>non</strong></span> <span class='ocrx_word' id='word_1_170' title='bbox 971 3201 1109 3284; x_wconf 90' lang='lat' dir='ltr'><strong>cogni·</strong></span> 
     </span>
     <span class='ocr_line' id='line_1_24' title="bbox 8 3308 1108 3394; baseline -0.004 -20"><span class='ocrx_word' id='word_1_171' title='bbox 8 3354 14 3358; x_wconf 92' lang='lat'><em>-</em></span> <span class='ocrx_word' id='word_1_172' title='bbox 40 3311 194 3375; x_wconf 90' lang='lat' dir='ltr'><strong>tionem</strong></span> <span class='ocrx_word' id='word_1_173' title='bbox 222 3309 391 3384; x_wconf 88' lang='lat' dir='ltr'><strong>iudicis,</strong></span> <span class='ocrx_word' id='word_1_174' title='bbox 425 3311 492 3375; x_wconf 88' lang='lat' dir='ltr'><strong>sed</strong></span> <span class='ocrx_word' id='word_1_175' title='bbox 523 3309 652 3394; x_wconf 81' lang='lat' dir='ltr'><strong>magis</strong></span> <span class='ocrx_word' id='word_1_176' title='bbox 674 3308 1024 3391; x_wconf 84' lang='lat' dir='ltr'><strong>perturbationem</strong></span> <span class='ocrx_word' id='word_1_177' title='bbox 1048 3326 1108 3371; x_wconf 91' lang='lat' dir='ltr'><strong>re-</strong></span> 
     </span>
     <span class='ocr_line' id='line_1_25' title="bbox 1 3413 1158 3505; baseline -0.001 -26"><span class='ocrx_word' id='word_1_178' title='bbox 1 3429 3 3445; x_wconf 79' lang='lat'><strong>²</strong></span> <span class='ocrx_word' id='word_1_179' title='bbox 39 3416 176 3498; x_wconf 89' lang='lat' dir='ltr'><strong>quirit</strong></span> <span class='ocrx_word' id='word_1_180' title='bbox 202 3418 260 3485; x_wconf 90' lang='lat' dir='ltr'><strong>cet.</strong></span> <span class='ocrx_word' id='word_1_181' title='bbox 315 3417 541 3482; x_wconf 86' lang='lat' dir='ltr'><strong>Perturbatioui</strong></span> <span class='ocrx_word' id='word_1_182' title='bbox 564 3435 624 3481; x_wconf 92' lang='lat' dir='ltr'><strong>nou</strong></span> <span class='ocrx_word' id='word_1_183' title='bbox 647 3415 780 3505; x_wconf 83' lang='lat' dir='ltr'><strong>cognitio</strong></span> <span class='ocrx_word' id='word_1_184' title='bbox 802 3413 953 3480; x_wconf 82' lang='lat' dir='ltr'><strong>contrarie</strong></span> <span class='ocrx_word' id='word_1_185' title='bbox 975 3415 1032 3491; x_wconf 86' lang='lat' dir='ltr'><strong>est,</strong></span> <span class='ocrx_word' id='word_1_186' title='bbox 1056 3413 1108 3479; x_wconf 89' lang='lat' dir='ltr'><strong>sed</strong></span> <span class='ocrx_word' id='word_1_187' title='bbox 1157 3498 1158 3501; x_wconf 8' lang='grc' dir='ltr'><strong>Ἴ</strong></span> 
     </span>
     <span class='ocr_line' id='line_1_26' title="bbox 40 3520 1108 3606; baseline -0.002 -21"><span class='ocrx_word' id='word_1_188' title='bbox 40 3522 189 3606; x_wconf 85' lang='lat' dir='ltr'><strong>cogitatio</strong></span> <span class='ocrx_word' id='word_1_189' title='bbox 221 3526 313 3606; x_wconf 86' lang='lat' dir='ltr'><strong>atque</strong></span> <span class='ocrx_word' id='word_1_190' title='bbox 345 3521 463 3599; x_wconf 84' lang='lat' dir='ltr'><strong>eadem,</strong></span> <span class='ocrx_word' id='word_1_191' title='bbox 498 3542 566 3606; x_wconf 85' lang='lat' dir='ltr'><strong>quae</strong></span> <span class='ocrx_word' id='word_1_192' title='bbox 600 3523 734 3605; x_wconf 88' lang='lat' dir='ltr'><strong>proxime</strong></span> <span class='ocrx_word' id='word_1_193' title='bbox 764 3522 924 3586; x_wconf 83' lang='lat' dir='ltr'><strong>nominata</strong></span> <span class='ocrx_word' id='word_1_194' title='bbox 950 3524 1006 3594; x_wconf 84' lang='lat' dir='ltr'><strong>est,</strong></span> <span class='ocrx_word' id='word_1_195' title='bbox 1029 3520 1108 3584; x_wconf 88' lang='lat' dir='ltr'><strong>ratio</strong></span> 
     </span>
     <span class='ocr_line' id='line_1_27' title="bbox 38 3625 1108 3712; baseline -0.002 -20"><span class='ocrx_word' id='word_1_196' title='bbox 38 3631 134 3712; x_wconf 88' lang='lat' dir='ltr'><strong>atque</strong></span> <span class='ocrx_word' id='word_1_197' title='bbox 157 3628 357 3695; x_wconf 88' lang='lat' dir='ltr'><strong>ratiocinatio.</strong></span> <span class='ocrx_word' id='word_1_198' title='bbox 402 3629 556 3711; x_wconf 87' lang='lat' dir='ltr'><strong>Scriptum</strong></span> <span class='ocrx_word' id='word_1_199' title='bbox 579 3628 676 3711; x_wconf 88' lang='lat' dir='ltr'><strong>igitur</strong></span> <span class='ocrx_word' id='word_1_200' title='bbox 698 3628 763 3691; x_wconf 90' lang='lat' dir='ltr'><strong>sine</strong></span> <span class='ocrx_word' id='word_1_201' title='bbox 780 3625 874 3692; x_wconf 91' lang='lat' dir='ltr'><strong>dubio</strong></span> <span class='ocrx_word' id='word_1_202' title='bbox 896 3626 1011 3692; x_wconf 86' lang='lat' dir='ltr'><strong>luerat:</strong></span> <span class='ocrx_word' id='word_1_203' title='bbox 1034 3646 1108 3692; x_wconf 92' lang='lat' dir='ltr'><strong>non</strong></span> 
     </span>
     <span class='ocr_line' id='line_1_28' title="bbox 41 3733 1108 3818; baseline -0.003 -19"><span class='ocrx_word' id='word_1_204' title='bbox 41 3734 272 3818; x_wconf 80' lang='lat' dir='ltr'><strong>cogitationen</strong></span> <span class='ocrx_word' id='word_1_205' title='bbox 303 3734 470 3809; x_wconf 88' lang='lat' dir='ltr'><strong>iudicis,</strong></span> <span class='ocrx_word' id='word_1_206' title='bbox 505 3733 573 3799; x_wconf 89' lang='lat' dir='ltr'><strong>sed</strong></span> <span class='ocrx_word' id='word_1_207' title='bbox 607 3734 733 3817; x_wconf 87' lang='lat' dir='ltr'><strong>magis</strong></span> <span class='ocrx_word' id='word_1_208' title='bbox 757 3734 1108 3814; x_wconf 91' lang='lat' dir='ltr'><strong>perturbationem</strong></span> 
     </span>
     <span class='ocr_line' id='line_1_29' title="bbox 39 3838 1109 3926; baseline -0.002 -22"><span class='ocrx_word' id='word_1_209' title='bbox 39 3840 236 3923; x_wconf 72' lang='lat' dir='ltr'><strong>requirit,</strong></span> <span class='ocrx_word' id='word_1_210' title='bbox 271 3860 305 3907; x_wconf 88' lang='lat' dir='ltr'><strong>eo</strong></span> <span class='ocrx_word' id='word_1_211' title='bbox 339 3841 466 3926; x_wconf 85' lang='lat' dir='ltr'><strong>quidem</strong></span> <span class='ocrx_word' id='word_1_212' title='bbox 497 3841 606 3924; x_wconf 81' lang='lat' dir='ltr'><strong>magis,</strong></span> <span class='ocrx_word' id='word_1_213' title='bbox 640 3841 721 3923; x_wconf 89' lang='lat' dir='ltr'><strong>quod</strong></span> <span class='ocrx_word' id='word_1_214' title='bbox 750 3841 782 3905; x_wconf 94' lang='lat' dir='ltr'><strong>in</strong></span> <span class='ocrx_word' id='word_1_215' title='bbox 804 3838 904 3903; x_wconf 84' lang='lat' dir='ltr'><strong>iudice</strong></span> <span class='ocrx_word' id='word_1_216' title='bbox 927 3838 1109 3922; x_wconf 89' lang='lat' dir='ltr'><strong>cognitionis</strong></span> 
     </span>
     <span class='ocr_line' id='line_1_30' title="bbox 40 3945 471 4031; baseline 0.002 -21"><span class='ocrx_word' id='word_1_217' title='bbox 40 3945 223 4012; x_wconf 80' lang='lat' dir='ltr'><strong>vocabulum</strong></span> <span class='ocrx_word' id='word_1_218' title='bbox 244 3947 306 4013; x_wconf 90' lang='lat' dir='ltr'><strong>alio</strong></span> <span class='ocrx_word' id='word_1_219' title='bbox 329 3948 471 4031; x_wconf 88' lang='lat' dir='ltr'><strong>pertinet.</strong></span> 
     </span>
    </p>
   </div>
   <div class='ocr_carea' id='block_1_4' title="bbox 38 4110 1110 4620">
    <p class='ocr_par' dir='ltr' id='par_1_4' title="bbox 38 4110 1110 4620">
     <span class='ocr_line' id='line_1_31' title="bbox 144 4110 1109 4197; baseline -0.002 -21"><span class='ocrx_word' id='word_1_220' title='bbox 144 4112 220 4178; x_wconf 92' lang='lat' dir='ltr'><strong>lbid.</strong></span> <span class='ocrx_word' id='word_1_221' title='bbox 235 4115 312 4179; x_wconf 77' lang='lat'><strong>216:</strong></span> <span class='ocrx_word' id='word_1_222' title='bbox 334 4113 414 4179; x_wconf 88' lang='lat' dir='ltr'><strong>Illa</strong></span> <span class='ocrx_word' id='word_1_223' title='bbox 435 4116 584 4191; x_wconf 73' lang='lat' dir='ltr'><strong>autem,</strong></span> <span class='ocrx_word' id='word_1_224' title='bbox 608 4133 689 4197; x_wconf 81' lang='lat' dir='ltr'><strong>quae</strong></span> <span class='ocrx_word' id='word_1_225' title='bbox 711 4110 1109 4178; x_wconf 86' lang='lat' dir='ltr'><strong>auteonciliatiouis</strong></span> 
     </span>
     <span class='ocr_line' id='line_1_32' title="bbox 38 4218 1110 4302; baseline -0.004 -16"><span class='ocrx_word' id='word_1_226' title='bbox 38 4238 161 4286; x_wconf 87' lang='lat' dir='ltr'><strong>causa</strong></span> <span class='ocrx_word' id='word_1_227' title='bbox 209 4219 364 4286; x_wconf 89' lang='lat' dir='ltr'><strong>leniter</strong></span> <span class='ocrx_word' id='word_1_228' title='bbox 415 4223 483 4284; x_wconf 90' lang='lat' dir='ltr'><strong>aut</strong></span> <span class='ocrx_word' id='word_1_229' title='bbox 532 4220 801 4302; x_wconf 86' lang='lat' dir='ltr'><strong>permotionis</strong></span> <span class='ocrx_word' id='word_1_230' title='bbox 850 4218 1110 4284; x_wconf 86' lang='lat' dir='ltr'><strong>vehementer</strong></span> 
     </span>
     <span class='ocr_line' id='line_1_33' title="bbox 38 4325 1110 4411; baseline -0.004 -19"><span class='ocrx_word' id='word_1_231' title='bbox 38 4329 232 4411; x_wconf 80' lang='lat' dir='ltr'><strong>aguntur,</strong></span> <span class='ocrx_word' id='word_1_232' title='bbox 266 4325 488 4392; x_wconf 88' lang='lat' dir='ltr'><strong>contrariis</strong></span> <span class='ocrx_word' id='word_1_233' title='bbox 525 4326 862 4392; x_wconf 89' lang='lat' dir='ltr'><strong>commotionibus</strong></span> <span class='ocrx_word' id='word_1_234' title='bbox 897 4325 1110 4390; x_wconf 85' lang='lat' dir='ltr'><strong>inferenda</strong></span> 
     </span>
     <span class='ocr_line' id='line_1_34' title="bbox 40 4430 1110 4510; baseline -0.003 -11"><span class='ocrx_word' id='word_1_235' title='bbox 40 4436 150 4508; x_wconf 88' lang='lat' dir='ltr'><strong>sunt,</strong></span> <span class='ocrx_word' id='word_1_236' title='bbox 174 4432 320 4499; x_wconf 92' lang='lat' dir='ltr'><strong>utodio</strong></span> <span class='ocrx_word' id='word_1_237' title='bbox 336 4432 640 4510; x_wconf 78' lang='lat' dir='ltr'><strong>benevolentia,</strong></span> <span class='ocrx_word' id='word_1_238' title='bbox 656 4431 940 4497; x_wconf 87' lang='lat' dir='ltr'><strong>misericordia</strong></span> <span class='ocrx_word' id='word_1_239' title='bbox 961 4430 1110 4496; x_wconf 81' lang='lat' dir='ltr'><strong>invidia</strong></span> 
     </span>
     <span class='ocr_line' id='line_1_35' title="bbox 40 4536 1109 4620; baseline -0.004 -15"><span class='ocrx_word' id='word_1_240' title='bbox 40 4542 228 4606; x_wconf 86' lang='lat' dir='ltr'><strong>tollatur.</strong></span> <span class='ocrx_word' id='word_1_241' title='bbox 251 4537 462 4605; x_wconf 84' lang='lat' dir='ltr'><strong>Iniereudi</strong></span> <span class='ocrx_word' id='word_1_242' title='bbox 484 4541 610 4604; x_wconf 89' lang='lat' dir='ltr'><strong>verbum</strong></span> <span class='ocrx_word' id='word_1_243' title='bbox 634 4556 756 4620; x_wconf 88' lang='lat' dir='ltr'><strong>prorsus</strong></span> <span class='ocrx_word' id='word_1_244' title='bbox 775 4536 910 4606; x_wconf 82' lang='lat' dir='ltr'><strong>alienum</strong></span> <span class='ocrx_word' id='word_1_245' title='bbox 927 4556 994 4602; x_wconf 89' lang='lat' dir='ltr'><strong>esse</strong></span> <span class='ocrx_word' id='word_1_246' title='bbox 1009 4539 1109 4602; x_wconf 89' lang='lat' dir='ltr'><strong>maui-</strong></span> 
     </span>
    </p>
   </div>
   <div class='ocr_carea' id='block_1_5' title="bbox 0 0 1335 5056">
    <p class='ocr_par' dir='ltr' id='par_1_5' title="bbox 0 0 1335 5056">
     <span class='ocr_line' id='line_1_36' title="bbox 0 0 1335 5056; baseline 0 0"><span class='ocrx_word' id='word_1_247' title='bbox 0 0 1335 5056; x_wconf 95' lang='lat' dir='ltr'><strong> </strong></span> 
     </span>
    </p>
   </div>
  </div>
 </body>
</html>
