2656 5056
321 747 325 753 ·
446 725 475 780 L.
496 725 600 781 Seneca
618 725 752 796 Epistola.
1029 727 1091 790 485

67 926 199 989 victor
220 923 374 989 rediret
393 924 429 988 in
451 922 619 1005 patriam
650 924 687 987 et
708 928 957 1005 componeret
976 931 1134 1009 pacem?

66 1031 128 1096 Sor.
152 1033 230 1091 erit
252 1029 498 1104 ructuantium
528 1028 660 1111 alioquin
683 1030 746 1094 est·
764 1029 958 1096 scriberetur.
979 1031 1048 1097 Mor
1070 1031 1091 1117 ξ
1113 1033 1133 1095 9

66 1137 151 1204 recte
173 1134 313 1199 Muretus
335 1135 440 1199 omisit
471 1134 539 1200 sed
573 1135 645 1198 ante
678 1133 739 1211 On.
770 1135 998 1216 Pompeius,
1030 1140 1132 1204 ortum

65 1259 101 1304 er
124 1242 202 1315 cst3
238 1226 453 1316 confirmatur,
485 1240 566 1322 qnod
597 1239 730 1303 breviter
762 1242 794 1303 et
825 1241 965 1308 universe
996 1244 1132 1326 positam

65 1348 142 1409 erat.
187 1343 365 1410 Sedsimul
388 1345 602 1411 scribendum:
639 1344 804 1411 amittet
834 1349 1066 1426 exercitum,
1100 1359 1133 1411 el

64 1450 170 1516 illud
188 1451 498 1532 pulcherrimum
512 1470 580 1531 ap.
599 1451 907 1531 praetextumoet.
929 1452 1133 1519 continuatur
1250 1512 1254 1522 .

65 1557 175 1622 eadem
207 1557 370 1622 sententio.
418 1556 495 1619 Tum
527 1553 610 1639 §12
636 1554 726 1620 valde
760 1556 898 1638 suspicor
919 1558 1131 1623 scribendum:

64 1661 163 1740 Quid
185 1662 285 1726 enim
307 1661 542 1727 mutationis
567 1659 751 1743 periculo
777 1665 1007 1744 exceptum?
1049 1664 1131 1728 Non

63 1772 187 1839 terra,
220 1785 296 1830 non
328 1767 472 1831 caelnm.
531 1766 651 1831 Totus
689 1765 750 1830 hic
792 1784 920 1831 rernm
963 1770 1130 1835 omnium

63 1874 289 1942 contextus,
325 1872 508 1955 quamvis
541 1871 611 1937 deo
654 1874 800 1954 agente
830 1871 1014 1951 ducatur,
1057 1893 1131 1939 non

62 1996 217 2060 semper
250 1977 406 2042 tenebit
435 1977 535 2041 hunc
572 1975 748 2042 ordinem
780 1979 839 2041 cet
892 1979 1019 2062 (Vulgm
1057 1998 1129 2044 non

64 2083 218 2158 calum,
251 2100 323 2146 non
356 2084 465 2147 totns
587 2083 816 2159 contcatns3
853 2085 1029 2165 quamvis
1061 2089 1129 2158 cet,
1262 2117 1269 2125 -

62 2190 115 2254 nbi
136 2188 297 2253 tenebit
330 2205 389 2252 non
423 2189 505 2252 recte
526 2187 658 2252 refertur
678 2186 718 2251 ad
740 2206 835 2251 unum
860 2206 896 2253 er
917 2191 1015 2256 tribus
1038 2210 1130 2274 copu-

60 2296 159 2371 latie.)
204 2293 297 2377 §dit
319 2293 378 2358 etei
407 2291 492 2355 deP
520 2293 639 2356 tacetur
660 2300 743 2368 (nam
773 2294 880 2374 piem
902 2295 933 2360 in
956 2296 977 2382 ξ
998 2297 1016 2358 7
1040 2297 1130 2369 huius
1194 2282 1199 2289 ’

60 2399 202 2483 epistclae
234 2398 358 2476 deficit),
390 2401 494 2463 tamen
528 2416 587 2462 non
621 2397 717 2462 audeo
750 2417 891 2480 spernere
920 2401 1045 2469 Gruteri
1077 2422 1130 2469 sn·

60 2505 290 2590 spicionemer
314 2507 482 2569 ceterorum
513 2504 653 2588 vestigiis
682 2504 826 2569 ductam:
863 2505 937 2568 ibit
965 2507 1128 2573 interim

61 2612 194 2674 ereren
216 2593 354 2692 penne
376 2610 446 2674 eei
468 2610 625 2674 interim
649 2610 840 2687 cessante
872 2611 1021 2675 nemini
1043 2631 1129 2694 pror-

60 2736 115 2782 sus
148 2733 326 2797 perversum
358 2719 415 2779 est.
466 2713 615 2792 Omnino,
647 2714 726 2798 quod
759 2734 778 2797 p
811 2734 880 2779 cum
903 2715 929 2779 P
950 2735 1128 2800 comparare

59 2841 122 2888 non
144 2839 323 2905 possumus,
356 2821 427 2885 hinc
456 2838 552 2902 usqne
581 2820 690 2903 adep.
714 2819 755 2882 88
789 2821 889 2887 multa
909 2822 1025 2887 incerta
1046 2826 1128 2894 sunt,

57 2933 96 2993 ut
122 2914 230 2992 stetim
253 2927 284 2990 in
317 2945 370 3002 eo,
404 2926 483 3009 quod
505 2927 563 2991 sub
585 2926 677 2991 finem
709 2926 845 3007 epistolae
877 2927 898 3013 ξ
931 2927 972 2990 34
993 2928 1061 3009 (33)
1084 2930 1129 2994 sic

58 3035 222 3101 scribitur:
265 3033 382 3098 Alius
422 3036 470 3111 tex
506 3031 689 3114 sapientiam
728 3033 931 3110 sectantibus)
976 3035 1046 3100 iam
1090 3036 1127 3103 in

57 3137 446 3220 tantum'profecit-
485 3137 528 3200 ut
570 3137 711 3201 contre
739 3135 944 3219 fortunam
982 3140 1128 3225 audeat

57 3246 253 3312 attollere
274 3244 424 3319 oculos,
446 3241 514 3307 sed
536 3260 605 3306 non
628 3242 908 3324 pertinaciter.
927 3239 1002 3320 ’...,
1025 3244 1127 3310 alius

56 3356 94 3419 in
118 3355 285 3427 tanturn,
319 3353 362 3414 ut
396 3347 525 3431 possit
557 3367 638 3413 cum
661 3347 735 3411 illa
757 3348 937 3415 conterre
959 3350 1125 3422 vultum,

55 3459 190 3525 eiiam
224 3453 481 3538 pervenitad
512 3472 699 3518 summum
739 3454 777 3517 et
804 3452 965 3518 fiduciae
986 3455 1126 3536 plenus

55 3566 138 3635 est,
160 3580 283 3645 prorsus
305 3578 450 3641 perversa
472 3560 521 3624 est
542 3558 728 3625 condicionis
750 3558 897 3635 adiecti03
921 3559 1027 3624 debuit
1043 3558 1125 3624 enim

55 3670 166 3736 scribi:
212 3668 289 3732 iam
327 3666 427 3730 enim
469 3666 530 3731 cet.
583 3665 663 3729 Puto
697 3663 923 3750 scribendnmc
952 3665 1124 3739 vultum;

53 3767 164 3837 ali'ue
196 3774 270 3837 iam
302 3771 485 3854 peruenit
506 3772 563 3835 cet
621 3769 702 3834 Nem
725 3770 805 3834 alter
826 3787 988 3851 processus
1011 3769 1126 3852 gradus

53 3880 194 3945 nondum
216 3878 256 3942 ad
282 3895 437 3941 summum
461 3876 607 3958 pervenit.
660 3875 700 3938 Et
722 3873 790 3955 plus
813 3893 905 3956 quam
928 3873 987 3938 duo
1011 3873 1125 3957 gradus

51 3987 201 4051 uidentur
222 3983 395 4066 significare
429 3981 523 4046 verbe
555 3980 643 4046 initio
665 3979 782 4061 posita:
806 3996 943 4062 magna
975 3979 1125 4044 discri-

51 4092 280 4177 minaesae.

155 4195 212 4278 Ep.
221 4195 239 4255 7
243 4193 272 4273 2,
283 4195 297 4255 l
310 4192 477 4283 <prestigiis
488 4191 601 4256 codicis
608 4191 644 4267 P,
652 4210 719 4276 quae
730 4190 905 4256 huiusmodi
917 4192 1004 4256 sunt:
1019 4190 1124 4269 Quod

49 4302 200 4389 qu'aeris
233 4319 253 4364 a
284 4319 356 4373 me,
395 4299 579 4381 liquebat
612 4297 710 4362 mihi
742 4298 797 4363 sic
832 4315 907 4361 rem
930 4295 1123 4361 edicerem

46 4429 119 4493 per
140 4425 198 4482 ee3
221 4405 286 4470 sed
309 4406 374 4470 diu
390 4422 460 4469 non
483 4402 964 4485 retemptavimemoriam
981 4421 1122 4479 meem;

45 4517 188 4599 itaque
211 4528 283 4575 non
304 4510 425 4575 facile
447 4527 504 4573 mc
526 4508 723 4590 sequitur,
756 4510 876 4575 videtur
895 4507 984 4572 *effici
1010 4507 1122 4573 melius
