2678 5018
227 191 244 233 Φ(

226 266 294 336 ⁴¹24
607 274 666 330 uus.
685 275 730 330 vr.
761 275 826 344 cap.
844 277 866 332 1.

209 473 434 558 ineptissimam
469 473 623 557 relinquit.
666 476 768 558 Atque
800 473 831 538 in
863 492 899 540 ca
936 473 1003 540 vitii
1044 476 1150 542 sedem
1187 496 1269 555 esse,

120 592 127 598 ’
209 579 370 645 Bentleius
392 578 617 645 animadvertit.
648 579 846 646 Scribonium
871 581 919 646 ost
944 580 983 647 ad
1005 581 1081 646 hanc
1102 582 1243 649 formam:

297 685 376 768 quod
397 686 425 750 si
445 687 547 768 posset
569 686 660 762 enim,
681 687 778 752 multo
800 687 883 769 prins
904 687 972 770 ipsa
993 688 1086 753 animi
1108 689 1154 754 uis

294 792 326 855 in
348 792 445 874 capite
466 793 654 859 autumaris
676 796 730 858 aut
753 794 824 858 imis
846 792 980 859 calcibus
1002 812 1070 860 esse
1200 788 1203 795 ’

293 900 399 981 posset
419 901 451 963 et
470 897 586 964 innasci
608 900 714 981 quavis
736 899 767 963 in
788 901 875 982 parte
898 900 1009 965 soleret

295 1005 366 1079 iam,
404 1005 478 1067 dum
509 1006 541 1070 in
573 1005 680 1070 eodem
716 997 839 1070 homine
871 1007 961 1089 atque
991 1007 1023 1072 in
1055 1007 1161 1073 eodem
1192 1027 1267 1075 vase

1078 1125 1218 1192 meamet,

210 1216 267 1282 hoc
289 1221 344 1292 est,
377 1215 548 1290 dammodo,
582 1216 625 1278 ito
652 1226 685 1278 ul
706 1221 805 1279 lamen
836 1216 949 1285 sotim
1006 1220 1105 1299 (Quod
1127 1222 1268 1306 Bernay.

209 1323 274 1389 sius
306 1323 338 1386 iu
361 1323 465 1405 quinto
486 1321 563 1386 libro
584 1321 720 1404 scripsit:
769 1319 864 1400 Quid,
900 1325 929 1386 si
946 1336 1045 1408 posset
1072 1323 1170 1389 enim?
1204 1347 1265 1394 non

210 1429 320 1495 dicitur
340 1429 463 1502 usitate,
485 1431 520 1493 nt
541 1428 745 1512 significetur:
790 1429 956 1513 Fingamus
979 1432 1061 1496 enim
1083 1440 1193 1515 posse.)
1202 1435 1227 1516 ¹)

308 1535 483 1610 111‚1ooo:

292 1640 359 1705 Hoc
381 1660 414 1706 se
435 1641 561 1724 quisque
575 1640 666 1705 modo
688 1641 782 1724 fugit:
804 1641 949 1723 atquem
972 1642 1097 1720 scilicet,
1120 1646 1156 1707 ut
1176 1644 1221 1720 fit,

293 1747 426 1830 elingere
448 1747 523 1812 haut
543 1747 622 1829 potis
645 1749 702 1822 est,
725 1747 855 1830 ingratis
877 1747 972 1813 haret
992 1751 1024 1814 et
1045 1748 1119 1826 odit,
1139 1752 1198 1817 cet.

309 1852 536 1926 Lachmauuus‚
573 1855 608 1916 nt
639 1852 751 1917 vitaret
785 1863 816 1913 at
850 1874 938 1937 quem
966 1854 1156 1920 incommode
1194 1875 1266 1921 oon-

209 1960 372 2033 currentia,
404 1968 436 2020 ot
472 1980 562 2042 quom
583 1959 729 2032 scribens,
763 1959 794 2022 in
826 1978 950 2042 pravam
984 1959 1093 2024 incidit
1117 1961 1268 2044 temporis

210 2064 464 2149 significationem
486 2084 539 2147 pro
575 2083 673 2129 causae
705 2065 985 2148 sententiarumque
1023 2065 1267 2133 coniunctionem

209 2171 379 2255 tautologia
399 2189 455 2237 uon
478 2171 642 2235 carentem.
694 2169 759 2252 ligo
781 2170 824 2235 sic
845 2170 965 2236 litteras
986 2170 1150 2255 coniungo:

250 2276 319 2342 Hoc
341 2296 374 2342 se
396 2277 522 2360 quisque
537 2275 626 2340 modo
641 2275 777 2358 sopitur,
801 2295 890 2359 quem
913 2276 1042 2356 scilicet,
1064 2279 1099 2342 nt
1119 2278 1166 2356 fit,
1188 2282 1246 2347 cet.

208 2382 274 2448 Nec
295 2401 355 2461 me¹
376 2383 487 2458 movet,
519 2382 550 2446 in
574 2381 630 2445 tali
651 2381 822 2463 prasertim
853 2400 897 2460 re,
923 2383 1038 2447 Seneca
1067 2383 1115 2460 (de
1142 2386 1263 2468 tranqu.

93 2507 110 2589 ἰ
208 2506 258 2553 an.
280 2506 306 2553 c.
330 2488 373 2571 2),
397 2487 448 2570 qni
470 2487 513 2552 sic
535 2489 601 2552 haec
621 2488 769 2553 memoria
790 2487 887 2552 fretus
909 2487 999 2552 citat:

407 2594 474 2659 Hoc
495 2613 528 2659 se
550 2595 676 2676 quisque
697 2593 789 2658 modo
813 2612 933 2675 semper
953 2594 1040 2679 fugit.

309 2701 361 2779 lv,
382 2702 442 2764 792
465 2717 546 2781 sqq.:

293 2807 341 2869 An
363 2806 461 2890 magis
483 2804 559 2869 illud
582 2803 640 2867 erit
659 2806 786 2868 sorum?
807 2804 879 2887 quia
899 2807 1035 2887 tempore
1056 2806 1087 2870 in
1109 2825 1170 2872 uuo

293 2911 509 2984 consentimus,
531 2909 562 2973 id
585 2910 641 2982 est,
663 2928 733 2973 cum
755 2928 810 2974 vox
832 2910 982 2974 emitt'tur
1005 2930 1076 2989 nna,

292 3017 430 3099 tempora
451 3016 550 3080 multa
570 3015 677 3094 latent,
700 3014 778 3079 ratio
799 3034 865 3098 quae
882 3008 1036 3098 'comperit
1057 3037 1134 3098 esse,

293 3123 453 3205 propterea
473 3121 517 3195 fit,
540 3120 585 3185 uti
607 3122 713 3203 quovis
734 3121 765 3184 in
787 3122 923 3203 tempore
944 3141 1070 3204 quaeque

292 3231 403 3311 praesto
427 3227 491 3294 sint
511 3228 678 3292 simulacra
698 3227 771 3291 locis
793 3227 823 3290 in
847 3228 973 3310 quisque
998 3229 1116 3309 parata.

309 3335 438 3400 Versum
480 3332 540 3396 793
578 3332 707 3398 editores
745 3351 802 3396 non
839 3333 1015 3415 expediunt;
1053 3334 1269 3398 Lachmannua

207 3443 362 3506 mutatum
401 3441 431 3504 iu
466 3440 561 3505 alium
597 3439 696 3503 locum
718 3437 877 3517 transfert,
916 3440 967 3503 ubi
998 3439 1267 3522 perincommodus

210 3662 406 3669 ———-.-.

230 3789 252 3858 ¹)
280 3791 356 3846 Hanc
373 3795 550 3850 coniecturam
568 3799 596 3849 et
614 3811 680 3860 eam,
707 3811 765 3864 qua
783 3793 911 3862 sequitur,
936 3798 964 3847 et
982 3794 1088 3848 tertiam
1108 3792 1140 3845 de
1159 3790 1190 3854 V,
1212 3792 1265 3846 122

280 3901 336 3956 sqq.
355 3887 431 3955 posui
457 3904 481 3942 a
501 3889 569 3943 1843
587 3887 613 3940 in
634 3887 796 3941 carminibus
814 3886 920 3941 selectis
939 3890 1076 3957 poctarum
1095 3885 1267 3948 Latinorum,

279 3993 337 4047 qua
355 3981 413 4031 tum
431 3980 581 4035 scholarum
596 3997 675 4035 causa
692 3979 774 4033 edidi.
