2654 5010
278 725 280 729 .
392 640 550 694 Ammianus
568 639 754 695 Marcellinus.
1003 638 1064 701 ‘253

35 837 188 911 mittit,
224 837 407 918 arripere
443 836 564 902 debet
596 837 795 902 alacriter
828 836 1003 902 secunde
1036 854 1106 901 nu-

35 942 163 1009 minis
195 941 410 1008 voluntate
444 942 591 1008 delata.
645 942 697 1008 Sic
726 941 845 1007 codices
873 942 1054 1018 (Vaticanus
1076 943 1109 1007 et

39 1047 210 1126 Petrinus).
243 1049 279 1112 In
295 1048 446 1130 corruptis
461 1048 577 1114 litteris
600 1048 689 1114 dum
711 1048 844 1131 equis,
866 1045 1107 1131 equibusnihil,

41 1151 129 1237 quod
150 1153 270 1236 probari
292 1159 405 1236 posset,
434 1154 565 1220 editores
587 1154 761 1233 effecerunt,
782 1154 859 1220 latet
880 1152 1109 1219 substantivum

38 1279 115 1326 cnm
149 1260 380 1326 ciliciorum
415 1261 448 1325 et
479 1259 662 1327 omnibns
696 1262 901 1327 coniunctum.
953 1257 1110 1341 Scriptum

37 1367 160 1432 iuerat:
193 1365 427 1431 officiorum
461 1365 599 1433 dumetis
631 1366 823 1432 omnibus.
878 1364 1056 1432 Officiorum
1079 1366 1112 1428 et

38 1491 186 1537 curarum
208 1472 397 1554 multiplices
419 1476 450 1538 et
471 1472 629 1556 perplexos
651 1491 759 1539 cursus
780 1491 852 1538 cnm
874 1471 1010 1538 dumetis
1032 1475 1109 1537 Anx-

40 1578 166 1644 mianus
188 1578 346 1660 comparat
367 1596 491 1660 prorsus
514 1597 530 1643 e
552 1597 607 1644 sua
637 1578 859 1644 consuetudine
881 1580 958 1643 dura
981 1579 1013 1643 et
1035 1578 1112 1643 arti·

41 1684 150 1750 ficiosa
182 1684 318 1769 imagine
347 1689 447 1750 utens.
501 1684 631 1761 Deinde,
665 1685 716 1750 ubi
749 1688 820 1767 post
852 1683 973 1750 litteras
1006 1686 1113 1750 ratio

39 1793 155 1856 lacuna
187 1792 243 1868 est,
278 1789 384 1856 subest
416 1789 584 1856 infinitivus
617 1790 806 1858 rodociani
828 1789 947 1868 (nibil
969 1809 1044 1855 non
1067 1789 1113 1854 ad

40 1898 107 1964 sui
130 1899 316 1980 spectare
338 1897 510 1963 tutelam
532 1897 777 1963 ratiocinari
803 1902 905 1962 -et
935 1894 1114 1960 remedia
1175 1927 1177 1939 ›

42 2005 191 2070 cuncta
327 2003 509 2086 arripere
542 2004 690 2081 debet);
714 2002 787 2087 quid
816 2005 964 2085 praterea
992 2000 1032 2066 ad
1063 2019 1114 2066 ex·

43 2109 195 2193 piandum
216 2109 388 2176 litterarum
411 2111 546 2195 spatium
575 2109 710 2193 suppleri
739 2107 860 2187 debeat,
884 2110 1033 2174 incertum
1057 2108 1114 2172 est.

43 2218 225 2300 Sequuntur
245 2218 350 2299 paucis
372 2215 542 2283 interiectis
564 2220 584 2301 ξ
604 2216 642 2279 13
664 2217 694 2281 in
718 2215 875 2282 codicibus
895 2215 977 2281 hac:
999 2213 1116 2279 Veri·

45 2322 153 2388 tatis
178 2323 280 2388 enim
303 2323 503 2389 absolimo
525 2341 681 2405 semper
703 2323 744 2388 at
764 2341 832 2405 per
854 2323 918 2387 est
939 2320 1116 2403 simplex,

45 2448 119 2512 qua
141 2434 172 2495 et
195 2429 270 2495 olim
293 2431 395 2497 minus
416 2431 494 2496 bene
519 2431 640 2495 tentata
661 2434 693 2495 et
714 2448 811 2512 nuper
832 2428 999 2495 infeliciter
1019 2426 1118 2492 licen·

46 2543 159 2619 terque
180 2538 263 2616 sunt.
317 2537 342 2600 l}
372 2535 513 2622 ambigite
544 2537 718 2602 litterarum
742 2536 889 2602 eflicitur:
913 2532 1117 2599 Veritatis

47 2643 154 2708 enim
176 2642 338 2710 absolutio
360 2662 517 2728 semper
537 2643 658 2728 aperta
679 2647 741 2706 est
763 2642 878 2723 <et>
901 2639 1084 2722 simplex.

154 2784 221 2850 Lib.
244 2783 312 2859 XV,
335 2786 364 2859 5,
388 2785 407 2847 5
436 2786 468 2850 in
502 2784 568 2849 loce
600 2783 711 2848 misere
741 2784 882 2862 corrupte
910 2782 942 2843 et
974 2780 1119 2844 lacunosa

50 2891 109 2957 hoc
130 2893 251 2956 tautum
273 2890 431 2975 perspicio,
454 2910 489 2956 ax
513 2890 562 2955 his
584 2889 715 2954 litteris:
738 2883 980 2969 imperatori
1002 2883 1122 2948 avido

51 2996 233 3064 scrutari
261 2998 341 3063 haec
369 3002 408 3062 et
436 2997 595 3062 similia
624 2992 786 3060 censuit
814 2989 1012 3057 alliciendum
1035 3007 1122 3054 esse:

51 3105 292 3187 imperatori
319 3103 413 3172 avide
440 3102 620 3169 scrutari
648 3101 727 3166 baec
748 3102 788 3166 et
809 3096 967 3164 similia
989 3111 1123 3162 consue·

53 3217 139 3288 tam
162 3230 234 3276 nam
256 3211 399 3276 avidus
421 3207 599 3276 scrutari
620 3227 659 3273 na
680 3205 864 3273 Ammianus
887 3202 1012 3286 qnidam
1036 3200 1123 3265 dixit.

54 3318 165 3384 Cetera
187 3336 247 3383 uon
269 3318 398 3401 attingo.

157 3471 236 3537 lbid.
254 3473 274 3552 ἕ
293 3471 348 3534 lt:
364 3471 518 3553 Hisque
540 3466 722 3554 cognitis
741 3461 893 3531 statuit
911 3461 1127 3542 imperator

58 3577 384 3660 dispicientibus
427 3574 745 3642 consistorianis
791 3574 830 3635 et
872 3565 1127 3635 militaribus

57 3685 266 3752 universis
288 3686 328 3750 in
350 3685 555 3767 negotium
577 3674 898 3764 praterinquiri.
955 3672 1128 3756 Cumque

58 3791 216 3857 iudices
239 3788 525 3867 fastidierant,
552 3784 793 3852 Florentius
814 3779 1053 3866 Nigriniani
1075 3777 1128 3842 fi-

59 3899 141 3964 lius
163 3945 171 3962 .
195 3944 203 3960 .
226 3945 234 3961 .
256 3943 265 3961 .
286 3895 583 3963 animaduertit
607 3893 665 3959 cet.
709 3889 798 3971 Quod
823 3888 881 3954 hcc
902 3888 944 3952 sit
965 3883 1127 3951 fastidium

59 4005 207 4084 iudicum,
243 4022 333 4070 namo
370 4001 565 4069 intellexerit.
625 3995 818 4063 Narrationis
854 3996 943 4059 tenor
977 3992 1131 4056 monstrat

59 4110 255 4179 scribendum
279 4129 363 4177 esse:
396 4108 569 4192 (lamque
600 4104 758 4171 iudicas
780 4099 979 4168 accedissent
1000 4096 1054 4173 (ad
1077 4114 1131 4161 na·

60 4220 183 4305 gotium
204 4217 442 4303 inquirendum).

164 4360 242 4426 lbid.
276 4359 306 4439 8,
340 4357 379 4419 12
412 4356 457 4434 (in
494 4353 632 4420 oratioue
664 4347 837 4416 Constantii
872 4344 912 4411 ad
947 4344 1132 4420 Iulianum:

63 4470 195 4532 Aucta
215 4465 350 4550 gloria
377 4481 461 4528 mea
489 4459 710 4534 confiteor,
743 4455 812 4538 qui
843 4453 978 4518 iustus
1001 4451 1040 4515 in
1064 4449 1132 4514 de·
