2654 5010
545 629 666 686 Tacitus.
1036 631 1095 696 231

68 825 103 891 in
137 827 266 909 utraque
305 826 420 891 semina
452 826 560 892 eodem
593 827 681 893 modo
714 827 920 911 (genitam)
953 828 1138 914 significato.

68 932 234 1012 {Senserat
255 931 366 997 vitium
388 932 555 1012 [litteras]

174 1049 253 1115 ibid.
273 1051 328 1116 12:
351 1049 494 1115 fraude
515 1050 679 1130 Acbari,
701 1050 769 1133 qui
790 1051 974 1117 iuvenem
1001 1050 1138 1128 (Meher-

67 1155 191 1233 datem)
223 1156 407 1240 ignarum
439 1156 481 1221 et
511 1175 700 1224 summam
736 1157 939 1223 fortunam
972 1157 1011 1222 in
1044 1157 1137 1222 luxu

70 1263 201 1326 ratum
233 1260 385 1326 multos
413 1279 482 1343 per
509 1261 597 1328 dics
627 1262 805 1329 attinuit
825 1263 926 1346 apud
949 1261 1136 1346 oppidum

69 1367 271 1433 Edessam.
320 1368 389 1433 Non
417 1369 625 1452 ignorantiam
654 1369 776 1435 consilii
805 1369 972 1454 significari
1000 1369 1136 1453 apparet,

68 1473 215 1556 qnoniam
244 1473 275 1539 id
305 1475 411 1557 aperte
433 1474 606 1541 Meherdati
636 1476 742 1541 datum
771 1479 922 1552 narratur,
952 1473 1006 1540 sed
1034 1476 1137 1556 ipsum

67 1578 240 1663 ingenium,
256 1599 315 1663 qno
329 1579 488 1662 pertinent
501 1582 596 1645 ctiam
612 1581 705 1646 verba
718 1581 879 1647 adiuncta:
903 1583 942 1647 et
955 1598 1136 1647 summam

67 1667 275 1751 fortunam
296 1686 335 1750 in
357 1684 452 1751 lnrn
473 1690 612 1752 ratum.
652 1685 764 1752 Verum
787 1686 957 1753 sicLatine
980 1687 1136 1770 ignarus

2 1844 5 1852 .
65 1792 211 1858 absolute
233 1794 271 1858 de
293 1793 414 1858 homine
436 1811 537 1857 rernm
559 1793 703 1877 imperito
721 1795 753 1858 et
768 1795 941 1859 communis
955 1791 1136 1857 cruditionis

63 1899 186 1982 experti
227 1900 294 1982 (ein
324 1899 537 1965 onwsssender
566 1898 715 1981 Merserit)
756 1917 815 1963 non
848 1897 969 1964 dicitur.
1038 1898 1136 1965 Scribi

64 2006 176 2071 debet:
197 2005 381 2071 invenem
403 2005 558 2089 ignavum
588 2012 626 2069 et
655 2023 843 2070 summam
872 2005 1073 2070 fortunam
1096 2003 1133 2069 in

64 2113 160 2176 luxu
182 2113 363 2188 ratum.*)

172 2216 248 2282 ibid.
271 2217 358 2292 xlv,
388 2219 405 2278 7
440 2217 492 2294 (de
520 2216 652 2281 Neronis
681 2213 885 2297 trepidatione
914 2218 983 2297 post
1009 2216 1136 2282 insidias

66 2323 247 2407 Agrippinen
269 2325 384 2389 frustra
405 2325 570 2399 succinam
594 2323 685 2387 Tum
709 2341 853 2404 pavore
876 2321 1075 2387 exanimis
1097 2324 1135 2387 et

61 2428 316 2511 iamiamque
338 2429 462 2495 affore
479 2430 710 2513 (Agrippinam)
726 2428 937 2494 obtestans
953 2426 1134 2494 vindictae

62 2552 293 2617 properam,
329 2535 415 2600 sire
447 2534 621 2599 servitia
652 2539 828 2600 armaret
859 2534 922 2599 rel
958 2534 1135 2601 militem

64 2639 328 2716 accenderet,
363 2641 449 2705 sive
479 2642 526 2705 ad
559 2643 742 2707 senatum
771 2642 811 2704 et
832 2640 1022 2722 populum
1045 2660 1134 2724 per·

66 2746 253 2824 vaderet,
287 2747 543 2831 naufragium
576 2753 614 2811 et
646 2746 792 2811 vulnus
821 2749 860 2810 ct
887 2746 1137 2813 interfectos

61 2855 219 2919 amicos
241 2851 492 2931 obiiciendo,
508 2851 609 2936 qnod
630 2853 769 2917 contra
790 2849 1017 2918 subsidium
1039 2851 1137 2918 sibi?

64 2957 157 3025 Nisi
196 2957 288 3042 qnid
326 2961 472 3024 Burrus
505 2961 545 3024 et
576 2958 726 3024 Seneca
765 2975 1006 3041 expergens,
1038 2976 1136 3040 qnos

61 3065 210 3131 statim
236 3063 460 3141 acciverat,
487 3064 688 3131 incertum
718 3083 764 3130 au
786 3066 939 3129 etanta
961 3065 1135 3148 ignaros.

66 3171 205 3257 Igitur
237 3172 398 3255 longum
430 3170 645 3255 utriusque
679 3169 987 3250 silentiumne
1019 3170 1135 3236 irriti

63 3277 377 3356 dissuaderent,
408 3298 454 3343 an
486 3297 528 3343 eo
558 3278 793 3344 descensum
815 3276 1051 3352 credebant,
1074 3282 1132 3353 ut,

63 3385 145 3449 nisi
166 3383 718 3468 prevenireturdgrippina,
733 3383 975 3466 pereundum
990 3382 1134 3450 Neroni

125 3625 152 3690 *)
171 3625 199 3678 C.
218 3624 253 3678 37
273 3622 339 3691 quid
357 3625 496 3678 sententia
513 3624 676 3693 postularet,
693 3622 803 3692 Lipsius
815 3622 889 3688 vidit,
902 3622 950 3678 sed
963 3621 1134 3678 scribendum

167 3718 440 3787 potiuscumRyckio
450 3717 580 3784 aliisque:
594 3714 658 3783 Nou,
668 3715 764 3770 sivos
774 3716 926 3770 omuibus
940 3716 1132 3784 imperitare

168 3810 280 3877 vultis,
297 3811 452 3879 sequitur
467 3817 519 3865 cet.
535 3810 719 3879 (unigenam,
737 3808 946 3878 Lipsiusnum).
967 3808 995 3863 C.
1005 3810 1048 3874 38,
1058 3809 1131 3877 quod

165 3919 222 3957 rem
233 3903 362 3970 continet,
372 3903 441 3957 vidit
451 3903 599 3959 Rhenanus
609 3901 795 3967 (occidione
811 3902 1069 3968 occubuissent),
1082 3901 1132 3957 sed

166 4012 198 4049 ex
210 3996 380 4065 copiarum
390 3995 545 4050 iaciendum
556 4002 615 4050 erat
627 3995 731 4065 copiae
743 3992 826 4062 Rom,
845 3994 897 4048 hoo
907 4000 958 4061 est,
971 3994 1131 4059 Romanae,

164 4104 219 4142 non
248 4090 352 4158 copiae
385 4096 463 4155 tum,
490 4088 623 4158 particule
656 4088 753 4142 vitiose
785 4087 831 4142 ilio
865 4086 926 4140 loco
951 4085 1130 4141 redundante.

164 4181 293 4235 Mundum
313 4181 384 4236 idem
402 4180 519 4235 vidimus
537 4180 582 4248 IV,
602 4180 637 4235 33
655 4180 774 4246 (rerum
791 4196 841 4250 pro
860 4195 895 4234 re
913 4179 1017 4247 Rom).
1046 4179 1074 4233 C.
1095 4178 1131 4234 48

164 4273 309 4343 adeptus
327 4280 476 4340 ortnmest,
493 4271 668 4342 praecedente
678 4273 773 4328 littera
785 4288 810 4341 n,
826 4272 1038 4342 exdemptus,
1057 4271 1130 4341 qnod

164 4382 259 4422 errore
288 4368 419 4437 scriptum
446 4372 508 4420 erat
532 4382 582 4435 pro
603 4363 726 4420 demotus
744 4365 939 4435 (Nipperdeius
957 4365 1130 4435 depulsus,

164 4460 303 4516 sententia
320 4459 433 4521 eadem).
