2654 5010
502 648 605 705 Plinius
623 648 718 704 minor.
1044 649 1104 713 219
1150 654 1152 657 ’

70 849 176 931 putat,
198 844 278 930 quod
301 844 367 910 lieri
390 844 473 911 nullo
489 847 578 929 pacto
592 847 703 928 polest,
727 846 799 931 quid
822 847 865 912 sit
886 866 954 930 pro
976 847 1145 914 iniuriis

70 951 329 1037 singulorum
362 950 586 1016 instituere
617 952 852 1036 vectigalia.
905 953 1033 1019 Poterat
1061 956 1145 1020 recte

70 1062 108 1126 et
131 1059 241 1123 Latine
267 1056 328 1123 dici
359 1057 585 1142 vectigalia
614 1059 837 1124 instituere
867 1076 950 1124 eum
978 1060 1145 1125 iniuriis

72 1163 350 1248 singulorum,
378 1163 436 1228 boc
465 1164 522 1239 est
545 1164 598 1243 ita,
628 1165 664 1228 ut
685 1163 801 1248 singuli
822 1163 951 1230 iniurias
970 1166 1145 1248 patiantnr;

72 1291 182 1337 rernm
205 1268 386 1354 longissime
407 1268 466 1334 boo
487 1288 505 1333 a
528 1268 622 1334 Plinii
645 1271 798 1336 sententia
822 1273 976 1336 remotum
990 1276 1049 1337 est
1085 1272 1146 1351 Qui

70 1380 182 1443 contre
211 1394 230 1440 e
258 1377 337 1441 bono
365 1374 503 1457 principe
532 1377 577 1441 sic
607 1376 840 1458 temperandam
862 1375 1061 1461 vectigalium
1084 1377 1145 1443 im·

73 1482 284 1566 ponendomm
314 1482 528 1546 necessitatem
557 1482 721 1566 significat
752 1488 787 1548 ut
812 1483 1003 1567 singulorum
1026 1483 1145 1550 iniuria

71 1608 169 1654 onere
191 1588 376 1671 exaequando
399 1587 544 1662 vitentur,
573 1590 667 1672 atque
696 1589 734 1655 ad
757 1606 824 1653 eum
848 1589 1043 1656 necessitatis
1065 1594 1146 1656 tem-

73 1695 268 1780 perationem
290 1693 525 1774 significandam
549 1695 684 1778 pertinet
698 1698 789 1761 notus
803 1694 1023 1777 particularum
1045 1701 1088 1761 ut
1105 1733 1146 1747 -

73 1804 135 1867 ita
156 1819 230 1866 usus
252 1801 283 1864 in
306 1800 533 1883 comparatione
555 1820 657 1865 rerum
681 1801 841 1884 exaliqua
863 1803 949 1883 parte
980 1803 1145 1868 contraria·

72 1925 155 1987 rum,
177 1905 232 1971 sed
265 1908 505 1983 coniuncturum,
538 1907 575 1970 ut
603 1909 688 1989 prins
716 1908 889 1973 membrum
920 1906 1144 1971 concessionem

72 2013 218 2078 videatur
242 2013 364 2079 habere.
419 2012 547 2078 Rectum
570 2016 603 2078 et
625 2032 694 2079 cum
718 2015 785 2080 toto
810 2014 900 2078 Plinii
922 2010 1050 2079 consilio
1072 2030 1146 2076 con·

71 2118 303 2185 iunctissimam
324 2119 511 2184 sententium
531 2137 755 2203 consequemur
776 2119 917 2185 retractis
936 2119 1144 2203 litterisque

74 2227 201 2308 propter
222 2223 510 2291 manifestissimum
533 2244 666 2291 errorem
689 2226 881 2293 exciderunt:
912 2227 1041 2292 Onera
1068 2223 1145 2290 im·

74 2332 181 2415 perii
203 2333 396 2415 pleraque
419 2330 648 2410 vectigalia
673 2331 845 2398 institui
868 2336 911 2398 ut
930 2350 1000 2415 pro
1022 2331 1145 2397 utili·

73 2440 161 2504 tate
194 2438 391 2504 communi
422 2439 481 2502 ita
509 2438 662 2521 <siue>
687 2439 941 2524 singulorum
975 2436 1145 2504 iniuriis

72 2546 303 2630 coegerunt.
344 2545 470 2610 Prorsus
492 2545 558 2611 hac
578 2545 752 2611 emendatio
775 2546 898 2629 gemina
919 2549 968 2610 est
989 2545 1027 2622 ci,
1050 2563 1144 2628 quam

69 2670 167 2734 supra
188 2651 220 2715 in
241 2651 389 2717 Herodoti
412 2650 464 2716 lib.
488 2652 518 2716 ll
541 2671 566 2717 o.
591 2654 630 2714 25
653 2652 722 2717 leci.

175 2769 253 2835 lbid.
286 2771 327 2834 39
351 2770 425 2846 (ubi
457 2769 601 2834 landetur
636 2769 798 2845 Traianus,
834 2767 916 2850 quod
949 2767 998 2844 iis,
1034 2768 1143 2849 quibus

71 2875 231 2941 civitatem
257 2877 427 2942 Romanam
451 2875 579 2950 dederit,
599 2873 792 2958 cognationis
808 2874 840 2939 et
854 2872 1061 2938 hereditatum
1078 2872 1144 2936 iura

70 3002 144 3049 cnm
166 2983 354 3066 propinquis,
377 2983 431 3065 qui
452 2981 607 3065 peregrini
629 2983 797 3057 manerent
827 2978 1013 3064 reliquerit):
1046 2978 1143 3042 Laeti
1219 3035 1221 3038 .

72 3107 168 3176 ergo
190 3088 300 3154 adite
322 3090 508 3166 bonores,
531 3087 737 3170 capessite
759 3085 989 3161 civitatem
1012 3073 1142 3149 nemiss

72 3216 157 3262 nem
181 3191 1142 3275 liocnecessitudinisabruptumveluttruneum

71 3307 405 3385 amputatumqne
428 3297 648 3375 destituet;
670 3298 814 3365 iisdem
837 3316 970 3365 omues
992 3297 1137 3379 quibus

71 3414 166 3475 ente
195 3407 454 3491 pignoribus,
483 3404 551 3469 sed
582 3405 838 3471 honestiores
867 3403 1140 3487 perfruentur.

73 3515 154 3594 Quid
177 3515 220 3579 sit
241 3513 313 3579 boc
333 3511 661 3577 necessitudinis
683 3516 746 3589 aut
768 3512 796 3576 si
810 3512 879 3594 quis
898 3509 944 3575 sic
958 3509 1142 3592 coniungere

72 3623 167 3688 verba
197 3619 283 3697 velit
319 3618 392 3684 hoe
428 3617 753 3683 necessitudinis
790 3618 1021 3699 abruptum,
1053 3633 1142 3680 nemo

73 3726 195 3804 dixerit,
218 3744 316 3808 neque
339 3743 407 3809 quae
428 3723 622 3797 bicomuiuo
648 3722 911 3791 necessitudo
940 3722 1142 3804 intelligetur,

72 3834 196 3900 etiamsi
220 3853 274 3917 pro
296 3834 477 3898 necessitate
500 3831 677 3913 accipiatur.
722 3830 894 3912 scripserat
918 3828 1051 3893 Plinius:
1075 3843 1143 3889 ne·

72 3943 215 4006 minem
238 3937 310 4004 hoc
331 3935 618 4004 necessitudinibus
647 3938 862 4019 abruptum
891 3934 1006 4000 velut
1027 3933 1142 3996 trun-

72 4066 157 4113 cum
193 4046 525 4127 amputatumque
561 4044 775 4108 destituet.
834 4040 995 4108 Neminem
1032 4039 1142 4105 civitas

72 4155 214 4220 Romana
235 4156 360 4234 occepta
382 4147 659 4216 necessitudinibus
675 4150 749 4227 suis,
767 4148 825 4214 boc
839 4155 897 4224 est,
912 4145 1141 4231 cognationibus

70 4258 411 4343 propinquitatibusque
434 4259 475 4333 et,
506 4257 541 4319 ut
570 4255 660 4335 paulo
691 4263 759 4338 post
782 4255 902 4320 Plinius
924 4253 1010 4330 dicit,
1033 4251 1142 4335 pigno·

71 4366 157 4432 ribus
178 4366 242 4428 suis
265 4351 407 4448 privabit.
445 4362 580 4427 Tantum
600 4360 905 4449 animadvertendum
930 4360 1020 4424 huius
1041 4359 1142 4423 sutelis

71 4490 130 4537 usu
164 4467 500 4536 necessitudines
532 4467 645 4549 plurali
678 4486 803 4533 numero
837 4467 881 4532 sie
914 4465 985 4545 dici,
1016 4468 1053 4533 ut
1082 4464 1144 4548 ipsi
