2662 5046
75 227 82 238 ·
109 268 113 274 ’
244 279 307 344 200
603 277 664 337 Lib.
682 279 744 334 VII.
763 277 829 349 Cep.
843 278 881 335 11.

140 487 142 492 '
202 478 273 556 sit,
312 426 460 561 aliquid
490 475 615 542 fuisse
646 475 685 542 in
716 476 954 543 Fidiculanii
988 494 1126 555 censs,
1173 479 1275 562 qnod

202 583 303 648 idem
328 599 399 646 non
426 568 536 647 esset
564 581 604 646 in
625 584 859 649 ceterorum.
915 580 987 647 Non
1021 580 1134 647 dicitnr
1168 584 1274 649 obii-

203 703 290 752 cero
323 686 361 751 in
397 684 591 770 sliqnem,
622 688 737 753 nedum
769 688 815 754 its
835 687 970 754 varietur
989 686 1023 751 in
1043 686 1103 753 hec
1123 688 1274 756 cretionis

202 791 316 875 figure:
339 791 461 857 ullam
481 809 563 857 rem
584 792 622 854 iu
643 812 877 877 quemquam,
913 810 991 876 quse
1012 791 1272 860 Fidiculanio

85 918 87 923 ·
202 915 274 962 non
296 897 354 961 oet.
401 894 463 962 Sed
483 916 544 963 non
565 897 669 964 miuus
690 897 837 965 vitiosum
858 896 938 980 apud
969 894 1151 966 Ciceronem
1173 917 1272 984 nego

69 1064 72 1071 ,
202 1002 357 1087 aliquid
384 1000 513 1068 fuisse
544 1050 633 1077 ...,
663 1002 760 1087 quod
788 1022 859 1081 non
885 1001 987 1069 idem
1008 1004 1069 1069 oet.
1089 1005 1194 1087 (qussi
1215 1022 1272 1070 au-

202 1109 324 1190 tespro
346 1106 466 1173 ullum
487 1126 568 1173 rem
593 1108 710 1174 scribas
732 1109 905 1192 aliquem
926 1113 1030 1189 rem).
1064 1107 1173 1174 Cicero
1206 1109 1274 1175 haec

203 1213 364 1296 posuerat:
400 1231 478 1278 rem
511 1230 595 1295 esse
627 1212 752 1279 ullsm
775 1213 983 1299 quoiquam
1014 1213 1174 1280 illorum
1204 1215 1274 1280 ob·

202 1317 351 1384 ieotem
378 1367 387 1384 .
410 1366 418 1383 .
441 1365 450 1384 .
477 1327 543 1411 out
565 1318 775 1404 quidquam
794 1319 923 1386 fuisse
953 1320 992 1384 in
1023 1314 1274 1386 Fidiculsnii

59 1455 66 1467 ψ
202 1440 325 1500 censs,
346 1424 408 1491 cet.

275 1549 369 1628 'Iud
399 1559 475 1627 116:
517 1561 652 1628 Difficile
685 1562 814 1630 forsitan
848 1564 890 1630 sit
924 1564 963 1630 sd
1004 1562 1272 1647 persuadendum

203 1667 257 1733 sed
278 1669 385 1734 tamen
406 1666 509 1733 Cicero
535 1686 596 1745 non
617 1669 757 1753 scripsit:
789 1669 860 1735 ille
891 1671 1028 1752 postes
1054 1668 1118 1735 sel
1145 1668 1273 1735 isdem

202 1770 265 1836 vel
298 1774 391 1842 eliis
428 1778 605 1845 inimicis
641 1795 732 1845 rens
873 1775 1003 1841 factus
1040 1777 1162 1853 esset,
1200 1773 1271 1840 sed:

202 1876 488 1951 velaeisdem.
582 1894 609 1967 j
667 1944 669 1947 .

303 2013 373 2083 Ibd.
397 2021 473 2086 153:
517 2022 620 2088 Tune
726 2040 797 2087 non
819 2020 1003 2085 fecerunt
1023 2019 1141 2097 idem,
1172 2018 1273 2102 qnod

201 2139 301 2187 nunc
324 2123 546 2204 Cluentius,
581 2131 622 2193 nt
655 2125 808 2210 aliquid
842 2126 963 2210 culpae
985 2125 1194 2215 suscipere
1231 2142 1274 2190 se

200 2229 389 2311 putarent
420 2233 659 2309 recusando,
692 2232 758 2298 sed
790 2231 1044 2313 apertissime
1074 2249 1272 2314 repugne-

201 2336 307 2414 runt,
340 2356 423 2403 cum
449 2337 525 2403 haec
545 2339 789 2405 recusarent
817 2338 855 2400 st
885 2337 1020 2420 pslsm
1041 2335 1272 2402 fortissime

201 2441 319 2522 etque
353 2442 632 2509 honestissime
674 2442 867 2518 dicerent,
911 2460 952 2509 se
987 2440 1167 2525 potuisse
1210 2444 1272 2507 cet

201 2544 400 2629 ineptissime
419 2548 485 2614 hae'c
509 2550 749 2634 coniunguntur:
782 2547 1066 2632 repugnarunt,
1102 2564 1189 2610 cnm
1210 2565 1273 2612 re·

201 2654 386 2718 cussrent
419 2654 489 2732 (hoc
511 2661 568 2731 est,
603 2655 824 2738 repugnarent)
857 2655 889 2719 et
919 2653 996 2718 haec
1026 2655 1273 2733 recusarent,

204 2756 284 2837 quod
305 2757 436 2825 debebat
456 2759 568 2825 ssltem
591 2777 660 2825 esse
683 2760 753 2826 hoc
775 2758 827 2840 (de
848 2777 908 2824 uno
929 2758 1005 2842 legis
1027 2757 1150 2838 cspite).
1208 2756 1274 2824 Sed

201 2861 285 2926 eliud
316 2864 451 2946 positum
484 2865 578 2930 fuisse
613 2865 742 2930 verbum
763 2864 900 2929 ostendit
921 2863 1016 2930 etism
1038 2879 1184 2929 ascensus
1205 2863 1271 2930 hic:

201 2969 238 3030 et
259 2969 386 3050 polum
412 3019 421 3036 .
444 3018 452 3037 .
476 3019 484 3035 .
512 2970 700 3037 dicerent.
747 2969 951 3036 Scribendum
975 2971 1037 3034 est:
1072 2985 1156 3032 cnm
1188 2967 1273 3033 haec

201 3071 283 3155 (qnae
305 3073 415 3142 deinde
441 3078 607 3158 ponuntur)
639 3084 865 3160 reputarent
897 3076 935 3138 et
965 3073 1094 3156 pslsm
1123 3070 1273 3140 sortis·

182 3177 295 3245 *sime
322 3228 393 3249 ...
422 3181 613 3262 dicerent,
635 3201 675 3248 se
698 3185 758 3247 cet.
812 3179 915 3257 (Initio
942 3178 1032 3244 huius
1061 3177 1123 3243 loci
1154 3179 1273 3246 mirum

201 3284 259 3361 est,
290 3285 459 3354 violentem
481 3286 631 3354 Classenii
646 3363 649 3367 ‚
662 3289 869 3353 coniecturam
900 3282 1038 3367 praeieni
1069 3283 1132 3348 leni
1153 3283 1273 3350 Klotzii

202 3389 295 3471 etque
316 3393 450 3477 vestigia
477 3393 654 3458 litterarum
676 3391 832 3476 sequenti:
865 3390 936 3456 ills
967 3388 1107 3453 robore
1138 3390 1275 3471 populi

105 3580 108 3585 Ι
200 3490 375 3576 Romani,
408 3497 616 3581 ceterique
651 3495 819 3559 ciusdem
851 3494 1015 3560 ordinis.
1057 3492 1162 3580 §155
1187 3495 1274 3562 codi-

200 3596 287 3664 cibus
308 3602 485 3669 sucton'bus
506 3601 681 3668 tollendum
702 3603 751 3667 est
771 3619 940 3684 pronomen
972 3600 1114 3683 ipsum,
1135 3601 1172 3664 ut
1194 3601 1274 3667 sori·

199 3703 304 3771 betur:
326 3708 432 3774 vobis
453 3726 569 3791 remp.
675 3706 927 3781 commisisse,
950 3707 1034 3771 sine
1057 3723 1270 3784 cnrsesse,

114 3855 116 3858 >
201 3826 274 3873 non
295 3813 484 3891 metuere,
507 3831 552 3878 ne
584 3815 656 3894 cet.)

300 3950 368 4018 lbd.
392 3951 468 4017 181:
511 3952 576 4038 An
593 3953 665 4018 hoc
685 3952 824 4018 dicitis
851 3999 861 4018 .
884 3997 893 4017 .
915 3952 953 4019 ,i
975 3950 1035 4017 cni
1055 3951 1270 4034 probetis?
