2654 5010
308 629 368 683 Lib.
387 630 419 683 11.
439 629 505 698 Cap.
523 629 570 684 IV.
607 629 867 699 Cornelius‘llepos.
1001 631 1080 696 205

51 825 268 910 coniungenda
300 844 368 891 esse
401 844 470 891 cum
506 827 661 891 sententia
694 827 765 894 illa:
803 828 935 894 cuivis
971 831 1029 895 cet.
1088 829 1124 894 In
1178 896 1198 931 s

53 931 265 1016 superioribus
299 930 423 1014 quidem
458 931 532 997 vitis
564 931 651 997 nulla
683 933 814 999 minima
841 935 933 1000 huius
962 934 1123 1000 sententies

54 1037 242 1125 significatio
263 1037 320 1102 est.

157 1144 269 1211 Chabr.
295 1145 328 1208 l:
360 1142 536 1225 Namque
568 1144 607 1208 in
639 1163 681 1210 eo
709 1145 844 1228 (proelio)
874 1146 1125 1212 victoriali·

56 1253 218 1318 dentem
242 1249 853 1335 summumdncemngesileum,
869 1252 1026 1337 fugatis
1048 1253 1124 1318 iarn

55 1358 103 1423 ab
126 1375 169 1422 eo
192 1355 469 1422 conducticiis
497 1357 695 1435 catervis,
726 1357 923 1442 reliquam
953 1357 1125 1441 pbalan-

54 1482 141 1549 gem
176 1463 264 1528 loco
297 1461 432 1527 vetuit
463 1462 605 1527 cedere
626 1464 849 1548 obnixoque
870 1484 972 1550 gonu
994 1466 1124 1543 scuto,

55 1569 242 1653 proiecta
270 1567 388 1633 hasta
416 1567 609 1650 impetum
639 1570 828 1651 excipere
859 1570 1036 1637 hostium
1060 1572 1125 1638 do-

57 1675 153 1743 cuit.
197 1674 248 1740 Sic
269 1673 401 1752 codices,
424 1673 483 1738 nisi
505 1674 585 1758 quod
612 1694 667 1758 pro
696 1677 733 1740 in
763 1695 805 1740 eo
835 1676 898 1742 fere
924 1678 962 1741 in
986 1696 1029 1742 ea
1050 1678 1126 1744 scri·

57 1782 143 1848 bitur
175 1781 351 1862 pronomine
383 1780 421 1844 ad
454 1799 564 1846 nomen
592 1798 723 1865 sequeus
753 1782 994 1847 accommodato.
1037 1782 1125 1864 Quod

58 1886 229 1954 Lambinus
265 1886 427 1951 substituit
463 1887 616 1969 ceterique
651 1889 714 1953 lere
751 1888 925 1965 tonuerunt,
968 1888 1127 1954 fidente

58 2011 209 2059 summo
232 1992 330 2058 duce
350 1991 559 2078 Agesilao,
579 2011 702 2075 prorsus
717 1994 915 2059 temerariam
931 1994 1126 2060 habetcusus

57 2102 91 2164 in
128 2100 274 2184 quattuor
305 2100 480 2165 nominibus
513 2100 725 2165 mutationem.
780 2098 838 2178 Qui
858 2119 970 2183 nuper
998 2101 1125 2167 verbum

58 2206 183 2273 linitum
211 2205 407 2283 addiderunt,
440 2212 495 2271 aut
526 2208 712 2272 structuram
741 2207 888 2272 orationis
910 2208 1128 2289 perturbarunt

59 2311 176 2379 autad
199 2330 267 2378 eam
289 2311 471 2378 servandam
492 2311 580 2394 plura
608 2312 735 2378 licenter
757 2312 943 2378 addiderunt
964 2321 1021 2390 (eo
1042 2314 1127 2380 fru-

60 2420 220 2484 stratus
242 2420 320 2495 est,
344 2419 445 2502 quod
468 2419 550 2496 cet).
573 2418 752 2502 Requiritur
767 2419 964 2502 perticipium
981 2422 1128 2496 activum,

63 2525 247 2607 videturque
280 2525 429 2607 scriptum
461 2523 533 2590 olim
567 2524 681 2590 luisse:
724 2525 899 2591 victoria
932 2525 1127 2591 sidentem

61 2629 260 2714 <videns>
282 2650 473 2697 summum
503 2629 640 2697 ducem
674 2630 906 2714 Agesilaum
929 2632 1129 2697 ....reli-

62 2756 177 2820 quam
199 2737 439 2821 phalangem
461 2737 547 2803 loco
569 2736 704 2802 vetuit
725 2736 867 2802 cedere
889 2740 947 2802 oet.

165 2855 348 2920 Tinctus:
364 2855 542 2938 Populus
564 2873 671 2931 acer,
694 2855 884 2934 suspicax
905 2855 951 2919 ob
967 2874 1130 2937 eamque

62 2980 145 3027 rem
177 2961 357 3036 mobilis.
391 2960 667 3039 adversarius,
703 2959 870 3025 invidus
903 2960 1025 3024 etium
1062 2981 1129 3044 po·

62 3068 205 3133 tentia
226 3069 266 3132 in
288 3067 438 3133 crimen
455 3065 874 3134 vocabanturdomum
891 3068 1130 3133 revocatcel.

63 3176 100 3240 In
134 3174 202 3239 loco
235 3177 340 3256 aperte
373 3178 514 3256 corrupto
548 3173 642 3238 nimis
675 3172 766 3238 facile
794 3191 829 3239 ac
857 3176 973 3237 temere
1002 3175 1034 3236 et
1057 3173 1129 3239 olim

62 3281 197 3346 editores
231 3282 263 3347 et
294 3299 390 3362 nuper
420 3280 549 3346 delendo
577 3298 610 3346 se
639 3277 781 3361 expedire
811 3278 915 3345 conati
942 3283 1015 3344 sunt
1036 3296 1072 3344 ac
1094 3299 1131 3344 ne

64 3387 258 3469 sicquidem
282 3387 474 3454 tolerabilem
502 3385 649 3453 orationis
671 3388 704 3462 et
725 3387 886 3451 sententie
907 3385 1038 3450 formam
1061 3385 1132 3450 effe·

64 3498 182 3560 cerunt.
229 3492 388 3559 Mobilitas
410 3492 514 3575 populi
536 3510 659 3576 prorsus
680 3510 822 3574 perverse
843 3491 981 3557 hocloco
998 3511 1133 3558 comme·

64 3603 210 3679 moratur,
233 3601 284 3665 nbi
307 3599 424 3682 reliqua
445 3598 604 3664 omniaao
620 3615 712 3663 unam
733 3596 921 3662 iracundiam
938 3602 970 3662 et
984 3599 1132 3664 invidiam

65 3706 232 3772 notandam
254 3705 424 3790 pertinent;
456 3705 510 3770 sed
540 3704 614 3789 quid
640 3705 672 3768 in
701 3703 814 3769 litteris
836 3702 1002 3769 mobilis
1024 3704 1132 3779 lateat,
1247 3714 1257 3735 ‘

65 3812 203 3878 ostendit
224 3811 455 3877 adversarii
478 3812 677 3884 vocabulum
708 3809 872 3876 manifesto
898 3808 981 3874 enim
1002 3811 1134 3891 populus

65 3922 149 3984 certo
193 3919 313 3984 cuidam
357 3918 519 3983 hominum
562 3919 668 4001 generi
702 3915 895 3982 adversarius
931 3915 1133 3997 significatur.

65 4024 185 4089 Deinde
205 4026 298 4091 rerba
315 4025 353 4090 in
372 4027 520 4090 crimen
540 4025 787 4090 vocabantur
801 4023 906 4104 aperte
920 4023 1077 4104 pertinent
1093 4019 1133 4086 ad

64 4131 262 4197 Timotheum
277 4133 310 4196 et
321 4131 517 4213 Iphicraten.
534 4129 734 4196 Scribendum
747 4127 979 4213 igiluradbanc
990 4126 1137 4191 formam:

66 4238 243 4322 Populus
265 4256 372 4313 acer,
391 4238 580 4319 suspicer
609 4236 654 4300 ob
688 4253 852 4317 eamque
874 4251 952 4298 rem
974 4231 1135 4299 nobilibus

65 4339 1136 4424 adversarius,invidusetiampotentiae<eorurnqui>

65 4451 103 4516 iu
126 4448 276 4516 crimen
298 4450 561 4527 vocabantur,
584 4449 737 4513 domum
762 4446 933 4511 revocat.
969 4446 1014 4510 De
1036 4446 1137 4528 priore
