2656 5056
449 675 588 731 ciceronis
605 677 738 747 epistolar.
1028 676 1084 738 157

162 868 240 934 ibid.
262 871 299 946 V,
322 873 343 933 4
364 874 454 938 ertu:
488 873 549 937 sin
577 874 675 938 mihi
703 891 829 958 neque
858 873 1128 958 magistratus

52 993 187 1059 neque
209 979 393 1043 senatum
414 978 746 1062 nequepopnlum
761 977 1128 1065 auxiliaripropter

50 1100 142 1146 eam
164 1081 258 1161 rim,
275 1100 356 1167 qnae
376 1083 1126 1169 meeumrepublicaricit,1iouerit‚

53 1186 168 1264 vide,
201 1205 263 1264 ne,
296 1208 379 1255 cunr
411 1189 517 1256 velis
546 1208 735 1257 revocare
765 1195 920 1275 tempus
956 1189 1128 1257 omnium

53 1292 365 1371 servandorum,
398 1314 482 1362 cum
514 1297 582 1380 qui
614 1300 801 1363 servetur
829 1316 902 1363 uon
933 1295 1028 1375 erit,
1054 1314 1128 1361 non

54 1399 204 1480 possis.
259 1400 328 1467 Non
360 1419 451 1483 posse
488 1404 622 1469 reuocari
654 1403 777 1487 tempus
808 1403 970 1469 hominum
1002 1420 1125 1467 servan·

53 1503 181 1582 dorum,
210 1524 281 1571 cnm
311 1508 364 1590 qui
392 1510 532 1574 seruetur
559 1526 648 1574 nemo
676 1510 727 1586 sit,
749 1511 826 1576 adeo
848 1512 897 1575 est
918 1508 1127 1584 manifestum,

56 1614 97 1675 ut
119 1629 190 1677 cum
210 1611 419 1679 admonitione
447 1613 480 1678 id
509 1613 764 1681 dicerentultnm
785 1616 837 1681 sit
886 1616 982 1681 Prure
1011 1632 1065 1697 pro
1095 1613 1128 1679 si

57 1716 242 1783 volueris
264 1718 376 1784 dicitur
397 1738 480 1786 cum
503 1719 624 1798 velis,
647 1723 792 1805 totusque
813 1720 950 1787 ambitus
968 1721 1129 1785 uerborum

58 1823 140 1888 mire
172 1821 324 1889 claudicat
356 1826 558 1909 superpositis
590 1827 708 1892 duabus
738 1826 899 1895 sententiis
930 1845 948 1891 a
977 1844 1061 1890 cunr
1081 1825 1128 1889 in-

55 1928 253 2011 cipientibus.
304 1931 433 1997 Rectum
463 1933 523 1999 erit
549 1933 588 1998 ud
610 1921 814 1999 senteutiam:
848 1931 957 2009 vide,
979 1948 1025 1997 ne
1045 1933 1127 1995 turn

57 2035 166 2102 velis
192 2054 385 2103 revocare
413 2041 570 2122 tempus
599 2057 627 2104 o.
658 2058 698 2118 s,
728 2058 813 2105 cum
841 2037 911 2123 ‘qui
940 2037 1130 2103 serretur

57 2161 135 2207 non
163 2143 262 2221 erit,
296 2143 352 2208 hoe
384 2146 440 2224 est,
474 2143 555 2221 vide,
587 2162 626 2210 ue
657 2145 797 2212 omnibus
825 2144 889 2211 iam
918 2142 1029 2211 deletis
1061 2159 1130 2208 sera

56 2250 166 2315 future
185 2250 228 2315 sit
249 2248 391 2316 sanandi
419 2250 572 2317 uoluntas.
617 2252 677 2317 Sed
706 2254 845 2335 superest
873 2267 947 2316 non
975 2249 1128 2332 possis,

56 2355 145 2439 quod
165 2375 264 2435 nemo,
287 2357 313 2421 si
335 2356 381 2421 sie
403 2356 692 2439 seriptumiuisset,
715 2357 877 2423 additurus
900 2357 974 2423 erat.
1022 2357 1135 2442 ltaque

59 2461 169 2528 Cicero
191 2460 395 2545 descripsit:
422 2462 527 2541 ride,
549 2482 596 2529 ne
617 2464 691 2532 turn'
707 2464 815 2531 velis
836 2485 860 2530 r.
876 2466 899 2530 t
917 2483 945 2530 o.
961 2483 1003 2542 s,
1027 2480 1127 2538 cnm,

57 2568 222 2656 (qnia)
244 2568 311 2651 qui
327 2571 520 2658 seruetur
542 2588 616 2636 non
639 2571 733 2648 erit,
755 2589 830 2636 non
852 2569 997 2653 possis.
1030 2568 1129 2647 Quam

56 2673 153 2741 facile
175 2675 311 2741 excidere
333 2674 426 2759 quia
446 2676 592 2758 potnerit
615 2675 749 2760 patet.*)

164 2795 242 2864 Ibid.
262 2799 309 2877 lt,
325 2798 360 2864 2:
382 2797 525 2866 'l'ecum
546 2799 683 2863 virere
704 2815 860 2881 possem
882 2797 1069 2880 equidem
1092 2798 1131 2862 et

59 2903 231 2969 marture
252 2905 399 2970 vellem
422 2950 577 2967 .......
600 2901 871 2969 Possumusne
889 2902 1021 2986 igitur
1043 2921 1131 2969 esse

59 3013 163 3075 una?
206 3010 286 3076 Mire
306 3010 412 3076 Cicero
434 3010 588 3096 signifieat
609 3027 642 3076 se
663 3027 733 3076 cum
756 3009 887 3075 Lucceio
903 3008 1006 3074 virere
1025 3025 1131 3091 posse;

59 3117 185 3200 poterat
207 3116 289 3181 enim
315 3136 400 3201 aeque
422 3136 491 3184 cum
515 3116 585 3182 aliis
606 3115 764 3199 plurimis;
780 3132 962 3200 prorsusque
982 3113 1132 3180 evertitur

59 3223 218 3288 sententie
239 3240 285 3301 eo,
308 3224 389 3306 quod
411 3223 588 3290 subiicitur:
611 3223 880 3289 Possumusne
902 3221 1130 3307 igiturest?
1250 3209 1254 3218 “

61 3327 197 3412 Scripsit
218 3328 339 3396 Cicero:
362 3331 505 3396 Tecum
525 3329 679 3407 virere,
697 3328 806 3411 (si)
828 3347 1001 3410 possem,
1018 3326 1132 3411 equi·

59 3434 151 3501 dem
172 3436 338 3501 manime
362 3435 517 3501 uellem.
566 3434 628 3500 Sed
648 3433 715 3499 fleri
736 3453 825 3518 posse
847 3438 949 3518 negat.

167 3541 430 3620 loic.v1,4,2:
458 3539 565 3605 illud
589 3541 720 3606 cuivis
741 3539 867 3606 facile
890 3543 951 3605 est
972 3538 1141 3615 docerer

60 3666 134 3714 cur
154 3648 354 3730 precipue
376 3648 419 3713 tu
441 3647 577 3713 dolere
598 3645 704 3712 nihil
725 3645 890 3724 debeam
913 3644 1000 3712 eius
1018 3646 1132 3721 enim,

60 3753 132 3836 qui
155 3736 312 3818 tardior
332 3751 371 3818 iu
393 3757 432 3819 te
453 3752 625 3819 leuando
646 3753 742 3831 tuit,
774 3770 887 3836 qnam
909 3751 993 3817 fore
1015 3753 1132 3834 puta·

60 3877 212 3937 ramus,
246 3878 321 3924 non
356 3859 419 3924 est
450 3857 549 3924 mihi
579 3859 701 3926 dubia
728 3857 774 3923 de
796 3862 863 3924 tua
884 3858 1021 3924 saluts
1043 3874 1132 3922 sen·

118 4126 145 4197 ¹³)
165 4125 245 4194 Quod
263 4129 289 4197 6,
308 4130 322 4182 l
342 4145 392 4199 pro
410 4100 570 4199 prudenti
597 4127 768 4184 scribendum
796 4128 967 4185 conieceram
991 4127 1134 4199 pudenti

168 4221 241 4286 (uam
269 4221 396 4291 prudenti
426 4222 586 4277 Ciceronem
613 4221 705 4292 potius
737 4221 904 4277 crediturum
934 4221 1020 4277 fuisse
1052 4237 1134 4292 quam

167 4313 344 4384 imprudenti)
364 4321 392 4370 et
409 4315 435 4383 8,
457 4315 475 4369 3
492 4314 687 4370 inciderunt
704 4331 754 4385 pro
772 4313 1033 4384 interciderunt,
1060 4314 1134 4384 quod

167 4407 251 4477 longe
270 4408 345 4463 aliud
365 4407 502 4478 signifieat
520 4407 603 4463 etiam
623 4407 652 4462 in
671 4407 778 4462 duobus
796 4406 865 4463 locis
878 4409 950 4479 apud
965 4406 1136 4465 Schellerum
1182 4454 1184 4457 .

168 4517 223 4557 non
240 4508 317 4558 reete
333 4500 441 4571 positis,
460 4506 604 4570 utrumque
622 4499 728 4570 pridem
746 4508 909 4572 occupatum
928 4502 1015 4559 rideo.
