2648 5084
522 736 652 794 Iustinus,
1018 732 1078 796 627
1147 824 1149 829 γ

7 1006 15 1009 μ
160 933 227 999 Lib.
260 931 401 1008 XXXIV.
439 933 468 1012 2,
501 935 537 1001 ιι
583 935 675 1000 Dum
711 935 789 1002 hac
832 939 1017 1020 aguntur,
1060 958 1122 1005 rex

29 1080 34 1115 χ
59 1040 180 1125 Syriae
201 1039 423 1106 Antiochus
445 1041 665 1118 Ptolemaeo,
696 1043 859 1109 maioris
879 1045 1027 1110 sororis
1048 1065 1122 1113 suaa

0 1189 34 1217 k„
59 1146 171 1222 filio,
204 1147 286 1230 regi
318 1146 488 1239 AEgypti,
522 1147 668 1212 bellum
703 1149 835 1215 infert.
877 1145 1121 1218 'semuncem
1229 1221 1231 1225 ,

21 1252 268 1337 ,geminatione
288 1253 429 1319 sublata:
466 1251 605 1314 maiori
636 1253 778 1319 sororis
814 1272 888 1320 aua
910 1256 1003 1323 filio.
1052 1256 1119 1322 Vid.

13 1404 34 1415 -
59 1358 78 1444 ξ
100 1358 132 1434 8,
155 1359 208 1425 ubi
229 1359 329 1445 minor
359 1359 449 1425 huius
470 1358 565 1424 irater
586 1359 700 1434 (minor
720 1360 832 1426 sororis
853 1359 947 1440 filius)
979 1363 1119 1429 nomina·

10 1528 13 1529 γ
58 1469 116 1531 tur.
161 1464 234 1541 (Sed
268 1464 325 1530 hoc
356 1483 473 1549 quoque
506 1467 536 1528 in
572 1463 688 1549 aliquot
708 1464 863 1532 codicibus
886 1471 918 1533 et
936 1467 1120 1537 editionibus

5 1634 8 1638 ,
61 1591 129 1640 asso
150 1570 258 1648 uideo.)
1137 1616 1139 1619 -

1 1750 33 1759 ‚Q
160 1679 226 1743 Lib.
243 1677 369 1754 XXXV,
394 1679 422 1753 1,
444 1675 478 1739 6:
515 1676 648 1760 ltaque
670 1676 921 1759 (Antiochenses)
940 1678 1122 1746 adiuuan-
1248 1690 1255 1703 “

62 1786 170 1850 tibus
195 1789 232 1849 et
253 1785 467 1857 Ptolomaeo,
493 1801 580 1865 rege
602 1781 770 1867 AEgypti,
803 1786 841 1848 et
860 1785 1009 1858 Attalo,
1032 1799 1122 1870 rego
1187 1786 1189 1789 ’

23 1933 31 1938 «
61 1893 173 1963 Asia,
208 1895 245 1957 et
266 1889 487 1960 Ariarathe,
521 1888 784 1972 Cappadocia,
818 1889 920 1955 bello
948 1891 1122 1957 aDemo·

60 1999 136 2064 trio
165 1998 351 2064 lacessiti
378 1997 589 2063 subornant
617 1995 748 2060 Balam
781 1996 850 2068 (hoc
879 2001 983 2077 oporto
1015 1999 1122 2065 subest

59 2105 88 2168 in
110 2106 329 2187 propalam)
352 2101 555 2187 quondam,
588 2102 707 2168 sortis
730 2106 911 2168 extremae
934 2104 1120 2181 iuvenem,

60 2215 117 2278 cet.
161 2210 389 2294 Antiochenses
421 2227 480 2273 non
517 2208 598 2274 bello
630 2207 764 2274 lacessiti
794 2212 880 2274 orant
907 2228 926 2274 a
955 2209 1122 2287 Demetrio,

5 2358 21 2368 «-
60 2315 113 2380 sed
136 2334 207 2381 cum
230 2317 290 2399 ipsi
312 2316 351 2382 ab
373 2333 407 2379 ao
429 2314 624 2391 deiecissent
652 2314 797 2380 auxilium
820 2319 1002 2397 acceperunt
1024 2317 1062 2381 ab
1084 2319 1122 2383 iis

0 2490 4 2491 γ
60 2422 203 2506 regibus,
239 2440 313 2507 quos
344 2422 397 2488 ille
426 2422 507 2488 bello
535 2420 720 2492 lacessierat.
774 2419 816 2486 Et
848 2424 897 2491 est
927 2420 1122 2487 lacessitis

60 2528 231 2613 (geminata
261 2528 419 2611 lit'tera)
411 2547 443 2594 ιιι
464 2528 490 2593 Ε
513 2533 544 2594 at
565 2528 683 2593 dnobus
715 2527 783 2594 aliis
816 2528 960 2611 fluitque
952 2549 984 2593 in
1006 2549 1068 2596 una
1091 2541 1153 2624 οιι

61 2635 158 2699 altana
180 2634 318 2702 odii-ione.

157 2740 226 2807 Lib
260 2740 404 2814 XXXVI,
440 2741 467 2814 1,
507 2740 561 2818 10:
606 2740 755 2805 ludaeos
787 2759 952 2824 quoque
983 2741 1123 2823 quiin

3 2902 8 2905 γ
59 2846 304 2912 Macedonico
340 2845 505 2928 imperio
537 2847 607 2913 sub
627 2846 824 2912 Demetrio
859 2850 976 2928 patre
1005 2848 1122 2913 armis

59 2972 96 3018 sc
118 2954 156 3017 in
191 2951 776 3029 libertatem-uindioauaraut,
809 2951 976 3036 subegit.
1024 2951 1122 3019 Scrib.

60 3060 123 3144 qui
152 3081 173 3120 a
205 3058 455 3125 Macedonico
486 3057 665 3139 imperio,
702 3058 884 3125 nisisums
916 3062 964 3146 est
987 3057 1123 3125 Iustinus

59 3163 306 3247 propositionem
328 3184 451 3247 prorsus
474 3164 661 3242 omittera.¹)
705 3162 770 3247 [Sic
791 3162 854 3229 iam
877 3164 1041 3249 Bongars]

158 3269 226 3335 Ibd.
250 3270 279 3344 3,
316 3271 353 3336 5:
397 3270 468 3336 Sed
501 3291 571 3337 non
603 3272 724 3337 minor
755 3270 831 3334 loci
860 3271 942 3335 aius
978 3270 1123 3354 aprici·
1155 3299 1158 3304 ·

60 3377 162 3443 tatis
195 3396 302 3459 quam
325 3378 519 3443 ubertatis
555 3377 759 3444 admiratio
782 3381 849 3460 est.
893 3379 937 3441 At
957 3376 1035 3441 silua
1056 3379 1123 3441 teo-

59 3486 110 3549 tus
143 3487 211 3548 erat
232 3483 325 3563 locus,
358 3487 390 3549 et
418 3483 560 3550 laudatur
589 3484 696 3573 statim
728 3484 875 3566 tauquam
909 3499 1001 3546 causa
1034 3480 1123 3556 hunus

56 3589 232 3672 apricitatis
257 3591 450 3656 naturalis
485 3589 649 3673 quadam
673 3607 714 3654 ac
735 3590 918 3671 perpetua
940 3589 1122 3671 opacitas.

54 3697 168 3780 Itaque
203 3696 340 3772 suerunt,
378 3696 429 3779 qui
461 3695 512 3760 hie
543 3714 660 3779 quoque
691 3693 907 3777 opacitatis
941 3713 1011 3771 cum
1045 3693 1124 3768 mira
1162 3705 1164 3709 “

51 3803 228 3885 tautologia
250 3802 433 3878 sciiboraut;
468 3819 525 3865 noc
546 3818 617 3865 cum
639 3801 777 3866 adamate
799 3803 883 3865 recte
913 3803 967 3865 aut
988 3800 1129 3883 opacitas·

51 3912 111 3977 ant
134 3907 280 3991 apricitas
303 3927 357 3992 per
379 3927 412 3973 so
435 3909 637 3992 comparatur.
693 3907 781 3972 Fuit:
808 3892 882 3972 lo'ci
906 3905 988 3971 aias
1010 3904 1122 3967 sato-

80 4279 315 4351 ¹)Subagit
307 4296 335 4334 ιιι
362 4280 515 4333 memoriam
543 4284 648 4332 revocat
671 4275 818 4345 repositum
837 4289 853 4328 a
871 4275 961 4344 Ieepio
980 4274 1043 4337 XII,
1061 4276 1122 4337 4‚'-'

126 4373 242 4429 barbaro
259 4372 456 4427 subiecerat
480 4376 522 4431 (ut
540 4370 661 4424 absolute
679 4368 712 4423 do
730 4356 878 4438 subigendo
900 4374 929 4420 at
943 4365 1051 4439 aliquid
1068 4379 1131 4417 sum¹

5 4448 10 4457 ⁸
125 4466 245 4522 dicionis
263 4464 384 4519 faciendo
402 4463 517 4530 dicatur)
535 4463 659 4531 idemque
676 4464 811 4516 ιοιιιιιιιιιι
829 4444 958 4514 coutnad
978 4449 1123 4519 V11‚3,1.
1232 4478 1233 4481 ¹

126 4558 221 4614 Etiam
240 4557 339 4622 XLIII,
355 4561 383 4627 β,
401 4561 418 4616 2
439 4555 635 4611 restituendum
654 4554 820 4616 sabaitis.

877 4644 923 4695 ω’
