<?xml version="1.0" encoding="UTF-8"?>
<!DOCTYPE html PUBLIC "-//W3C//DTD XHTML 1.0 Transitional//EN"
    "http://www.w3.org/TR/xhtml1/DTD/xhtml1-transitional.dtd">
<html xmlns="http://www.w3.org/1999/xhtml" xml:lang="en" lang="en">
 <head>
  <title>
</title>
<meta http-equiv="Content-Type" content="text/html;charset=utf-8" />
  <meta name='ocr-system' content='tesseract 3.04.00' />
  <meta name='ocr-capabilities' content='ocr_page ocr_carea ocr_par ocr_line ocrx_word'/>
</head>
<body>
  <div class='ocr_page' id='page_1' title='image "./ioniemadvigiiad00madvgoog_0400.png"; bbox 0 0 2662 5062; ppageno 0'>
   <div class='ocr_carea' id='block_1_1' title="bbox 473 684 1095 757">
    <p class='ocr_par' dir='ltr' id='par_1_1' title="bbox 473 684 1095 757">
     <span class='ocr_line' id='line_1_1' title="bbox 473 684 1095 757; baseline 0 -17"><span class='ocrx_word' id='word_1_1' title='bbox 473 685 505 740; x_wconf 85' lang='lat' dir='ltr'><strong>L.</strong></span> <span class='ocrx_word' id='word_1_2' title='bbox 525 685 625 742; x_wconf 80' lang='lat' dir='ltr'><strong>Seueoa</strong></span> <span class='ocrx_word' id='word_1_3' title='bbox 641 684 674 743; x_wconf 86' lang='lat' dir='ltr'><strong>de</strong></span> <span class='ocrx_word' id='word_1_4' title='bbox 692 687 740 743; x_wconf 74' lang='lat' dir='ltr'><strong>ira</strong></span> <span class='ocrx_word' id='word_1_5' title='bbox 1031 691 1095 757; x_wconf 72' lang='grc'><strong>’389</strong></span> 
     </span>
    </p>
   </div>
   <div class='ocr_carea' id='block_1_2' title="bbox 8 878 1192 4034">
    <p class='ocr_par' dir='ltr' id='par_1_2' title="bbox 56 878 1137 1602">
     <span class='ocr_line' id='line_1_2' title="bbox 170 878 1137 970; baseline 0.01 -26"><span class='ocrx_word' id='word_1_6' title='bbox 170 878 239 946; x_wconf 91' lang='lat' dir='ltr'><strong>Ibd.</strong></span> <span class='ocrx_word' id='word_1_7' title='bbox 255 879 353 959; x_wconf 82' lang='lat'><strong>11,2:</strong></span> <span class='ocrx_word' id='word_1_8' title='bbox 376 880 524 947; x_wconf 83' lang='lat' dir='ltr'>Deinde</span> <span class='ocrx_word' id='word_1_9' title='bbox 545 899 614 948; x_wconf 91' lang='lat' dir='ltr'><strong>non</strong></span> <span class='ocrx_word' id='word_1_10' title='bbox 633 882 720 950; x_wconf 89' lang='lat' dir='ltr'><strong>ideo</strong></span> <span class='ocrx_word' id='word_1_11' title='bbox 737 884 921 969; x_wconf 75' lang='lat' dir='ltr'><strong>quaedam,</strong></span> <span class='ocrx_word' id='word_1_12' title='bbox 943 886 1137 970; x_wconf 82' lang='lat' dir='ltr'><strong>quierunt</strong></span> 
     </span>
     <span class='ocr_line' id='line_1_3' title="bbox 61 985 1134 1074; baseline 0.007 -22"><span class='ocrx_word' id='word_1_13' title='bbox 61 985 328 1063; x_wconf 74' lang='lat' dir='ltr'><strong>terribiliora,</strong></span> <span class='ocrx_word' id='word_1_14' title='bbox 360 987 512 1071; x_wconf 89' lang='lat' dir='ltr'><strong>potiora</strong></span> <span class='ocrx_word' id='word_1_15' title='bbox 539 990 642 1065; x_wconf 90' lang='lat' dir='ltr'><strong>sunt,</strong></span> <span class='ocrx_word' id='word_1_16' title='bbox 677 1009 722 1056; x_wconf 90' lang='lat' dir='ltr'><strong>ne</strong></span> <span class='ocrx_word' id='word_1_17' title='bbox 742 990 812 1059; x_wconf 93' lang='lat' dir='ltr'><strong>boo</strong></span> <span class='ocrx_word' id='word_1_18' title='bbox 841 990 1012 1074; x_wconf 88' lang='lat' dir='ltr'><strong>sepienti</strong></span> <span class='ocrx_word' id='word_1_19' title='bbox 1032 992 1134 1059; x_wconf 92' lang='lat' dir='ltr'><strong>adioi</strong></span> 
     </span>
     <span class='ocr_line' id='line_1_4' title="bbox 63 1090 1137 1180; baseline 0.007 -22"><span class='ocrx_word' id='word_1_20' title='bbox 63 1093 205 1170; x_wconf 79' lang='lat' dir='ltr'><strong>velim,</strong></span> <span class='ocrx_word' id='word_1_21' title='bbox 237 1090 335 1176; x_wconf 87' lang='lat' dir='ltr'><strong>quod</strong></span> <span class='ocrx_word' id='word_1_22' title='bbox 373 1090 481 1159; x_wconf 46' lang='lat' dir='ltr'><strong>feru*</strong></span> <span class='ocrx_word' id='word_1_23' title='bbox 507 1095 702 1177; x_wconf 88' lang='lat' dir='ltr'><strong>sapientis</strong></span> <span class='ocrx_word' id='word_1_24' title='bbox 738 1115 887 1180; x_wconf 87' lang='lat' dir='ltr'><strong>qnoque</strong></span> <span class='ocrx_word' id='word_1_25' title='bbox 919 1095 1040 1163; x_wconf 89' lang='lat' dir='ltr'><strong>telum</strong></span> <span class='ocrx_word' id='word_1_26' title='bbox 1072 1101 1137 1165; x_wconf 90' lang='lat' dir='ltr'><strong>est</strong></span> 
     </span>
     <span class='ocr_line' id='line_1_5' title="bbox 63 1196 1136 1282; baseline 0.006 -17"><span class='ocrx_word' id='word_1_27' title='bbox 63 1198 210 1265; x_wconf 87' lang='lat' dir='ltr'><strong>timeri.</strong></span> <span class='ocrx_word' id='word_1_28' title='bbox 250 1196 303 1262; x_wconf 82' lang='lat' dir='ltr'><strong>Sio</strong></span> <span class='ocrx_word' id='word_1_29' title='bbox 329 1198 369 1276; x_wconf 81' lang='lat' dir='ltr'><strong>A,</strong></span> <span class='ocrx_word' id='word_1_30' title='bbox 403 1216 505 1282; x_wconf 85' lang='lat' dir='ltr'><strong>equo</strong></span> <span class='ocrx_word' id='word_1_31' title='bbox 534 1198 681 1266; x_wconf 84' lang='lat' dir='ltr'><strong>edicitur:</strong></span> <span class='ocrx_word' id='word_1_32' title='bbox 710 1221 775 1265; x_wconf 78' lang='lat' dir='ltr'><strong>aee</strong></span> <span class='ocrx_word' id='word_1_33' title='bbox 809 1203 866 1280; x_wconf 87' lang='lat' dir='ltr'><strong>(sie</strong></span> <span class='ocrx_word' id='word_1_34' title='bbox 891 1202 955 1269; x_wconf 87' lang='lat' dir='ltr'><strong>iem</strong></span> <span class='ocrx_word' id='word_1_35' title='bbox 983 1203 1048 1281; x_wconf 89' lang='lat' dir='ltr'><strong>alii)</strong></span> <span class='ocrx_word' id='word_1_36' title='bbox 1069 1205 1136 1272; x_wconf 92' lang='lat' dir='ltr'><strong>boo</strong></span> 
     </span>
     <span class='ocr_line' id='line_1_6' title="bbox 56 1302 1136 1394; baseline 0.008 -27"><span class='ocrx_word' id='word_1_37' title='bbox 56 1303 268 1388; x_wconf 31' lang='lat' dir='ltr'><strong>,rapientia</strong></span> <span class='ocrx_word' id='word_1_38' title='bbox 289 1303 371 1366; x_wconf 75' lang='lat' dir='ltr'><strong>diei</strong></span> <span class='ocrx_word' id='word_1_39' title='bbox 389 1302 493 1381; x_wconf 82' lang='lat' dir='ltr'><strong>velie,</strong></span> <span class='ocrx_word' id='word_1_40' title='bbox 519 1304 620 1389; x_wconf 89' lang='lat' dir='ltr'><strong>quod</strong></span> <span class='ocrx_word' id='word_1_41' title='bbox 641 1305 748 1384; x_wconf 79' lang='lat' dir='ltr'><strong>ierae,</strong></span> <span class='ocrx_word' id='word_1_42' title='bbox 774 1307 969 1390; x_wconf 87' lang='lat' dir='ltr'><strong>sepientis</strong></span> <span class='ocrx_word' id='word_1_43' title='bbox 991 1328 1136 1394; x_wconf 90' lang='lat' dir='ltr'><strong>quoque</strong></span> 
     </span>
     <span class='ocr_line' id='line_1_7' title="bbox 62 1410 1135 1498; baseline 0.007 -22"><span class='ocrx_word' id='word_1_44' title='bbox 62 1410 192 1477; x_wconf 90' lang='lat' dir='ltr'><strong>telum</strong></span> <span class='ocrx_word' id='word_1_45' title='bbox 223 1429 316 1487; x_wconf 83' lang='lat' dir='ltr'><strong>erre,</strong></span> <span class='ocrx_word' id='word_1_46' title='bbox 347 1410 481 1476; x_wconf 88' lang='lat' dir='ltr'><strong>timeri</strong></span> <span class='ocrx_word' id='word_1_47' title='bbox 502 1410 598 1488; x_wconf 86' lang='lat' dir='ltr'><strong>(idem</strong></span> <span class='ocrx_word' id='word_1_48' title='bbox 620 1412 767 1495; x_wconf 85' lang='lat' dir='ltr'><strong>sapientis</strong></span> <span class='ocrx_word' id='word_1_49' title='bbox 789 1431 918 1496; x_wconf 86' lang='lat' dir='ltr'><strong>quoque,</strong></span> <span class='ocrx_word' id='word_1_50' title='bbox 940 1413 1020 1497; x_wconf 89' lang='lat' dir='ltr'><strong>quod</strong></span> <span class='ocrx_word' id='word_1_51' title='bbox 1041 1415 1135 1498; x_wconf 72' lang='lat' dir='ltr'><strong>feru).</strong></span> 
     </span>
     <span class='ocr_line' id='line_1_8' title="bbox 64 1514 917 1602; baseline 0.004 -24"><span class='ocrx_word' id='word_1_52' title='bbox 64 1516 98 1599; x_wconf 64' lang='grc' dir='ltr'><strong>(ξ</strong></span> <span class='ocrx_word' id='word_1_53' title='bbox 120 1517 142 1579; x_wconf 84' lang='grc'>4</span> <span class='ocrx_word' id='word_1_54' title='bbox 165 1515 288 1600; x_wconf 75' lang='lat' dir='ltr'><strong>egregie</strong></span> <span class='ocrx_word' id='word_1_55' title='bbox 310 1514 486 1581; x_wconf 84' lang='lat' dir='ltr'><strong>emendarit</strong></span> <span class='ocrx_word' id='word_1_56' title='bbox 505 1515 661 1599; x_wconf 86' lang='lat' dir='ltr'><strong>Hauptius</strong></span> <span class='ocrx_word' id='word_1_57' title='bbox 683 1517 714 1582; x_wconf 95' lang='lat' dir='ltr'><strong>Il</strong></span> <span class='ocrx_word' id='word_1_58' title='bbox 735 1538 765 1602; x_wconf 87' lang='lat' dir='ltr'><strong>p.</strong></span> <span class='ocrx_word' id='word_1_59' title='bbox 787 1517 832 1595; x_wconf 79' lang='grc'><strong>4.)</strong></span> <span class='ocrx_word' id='word_1_60' title='bbox 915 1543 917 1548; x_wconf 92' lang='grc'><em>·</em></span> 
     </span>
    </p>

    <p class='ocr_par' dir='ltr' id='par_1_3' title="bbox 62 1619 1136 2027">
     <span class='ocr_line' id='line_1_9' title="bbox 169 1619 1136 1696; baseline 0.006 -9"><span class='ocrx_word' id='word_1_61' title='bbox 169 1619 236 1695; x_wconf 86' lang='lat' dir='ltr'><strong>Ibd.</strong></span> <span class='ocrx_word' id='word_1_62' title='bbox 274 1621 322 1696; x_wconf 86' lang='lat'><strong>15,</strong></span> <span class='ocrx_word' id='word_1_63' title='bbox 368 1621 404 1688; x_wconf 86' lang='lat' dir='ltr'><strong>l:</strong></span> <span class='ocrx_word' id='word_1_64' title='bbox 448 1621 731 1690; x_wconf 82' lang='lat' dir='ltr'><strong>sioutvalida</strong></span> <span class='ocrx_word' id='word_1_65' title='bbox 766 1625 928 1691; x_wconf 86' lang='lat' dir='ltr'><strong>arbusta</strong></span> <span class='ocrx_word' id='word_1_66' title='bbox 965 1627 1004 1692; x_wconf 90' lang='lat' dir='ltr'><strong>et</strong></span> <span class='ocrx_word' id='word_1_67' title='bbox 1036 1626 1136 1693; x_wconf 69' lang='lat' dir='ltr'><strong>&#39;leta</strong></span> 
     </span>
     <span class='ocr_line' id='line_1_10' title="bbox 63 1726 1135 1816; baseline 0.005 -22"><span class='ocrx_word' id='word_1_68' title='bbox 63 1727 246 1816; x_wconf 79' lang='lat' dir='ltr'><strong>quamvis</strong></span> <span class='ocrx_word' id='word_1_69' title='bbox 278 1726 458 1811; x_wconf 78' lang='lat' dir='ltr'><strong>neglecte</strong></span> <span class='ocrx_word' id='word_1_70' title='bbox 490 1727 615 1793; x_wconf 86' lang='lat' dir='ltr'><strong>tellus</strong></span> <span class='ocrx_word' id='word_1_71' title='bbox 645 1730 755 1795; x_wconf 84' lang='lat' dir='ltr'><strong>creat</strong></span> <span class='ocrx_word' id='word_1_72' title='bbox 789 1730 828 1794; x_wconf 89' lang='lat' dir='ltr'><strong>et</strong></span> <span class='ocrx_word' id='word_1_73' title='bbox 859 1729 941 1795; x_wconf 87' lang='lat' dir='ltr'><strong>alie</strong></span> <span class='ocrx_word' id='word_1_74' title='bbox 972 1726 1135 1799; x_wconf 84' lang='lat' dir='ltr'><strong>seouudi</strong></span> 
     </span>
     <span class='ocr_line' id='line_1_11' title="bbox 62 1822 1135 1923; baseline 0.002 -20"><span class='ocrx_word' id='word_1_75' title='bbox 62 1835 145 1903; x_wconf 87' lang='lat' dir='ltr'><strong>soli</strong></span> <span class='ocrx_word' id='word_1_76' title='bbox 167 1834 273 1902; x_wconf 83' lang='lat' dir='ltr'><strong>silve</strong></span> <span class='ocrx_word' id='word_1_77' title='bbox 298 1833 368 1897; x_wconf 84' lang='lat' dir='ltr'><strong>est.</strong></span> <span class='ocrx_word' id='word_1_78' title='bbox 424 1831 491 1912; x_wconf 80' lang='lat' dir='ltr'><strong>Quo</strong></span> <span class='ocrx_word' id='word_1_79' title='bbox 506 1822 631 1916; x_wconf 68' lang='lat' dir='ltr'><strong>&#39;speetut</strong></span> <span class='ocrx_word' id='word_1_80' title='bbox 651 1834 755 1900; x_wconf 77' lang='lat' dir='ltr'><strong>elia?</strong></span> <span class='ocrx_word' id='word_1_81' title='bbox 797 1836 857 1902; x_wconf 76' lang='lat' dir='ltr'><strong>‚Au</strong></span> <span class='ocrx_word' id='word_1_82' title='bbox 877 1835 983 1902; x_wconf 81' lang='lat' dir='ltr'><strong>relide</strong></span> <span class='ocrx_word' id='word_1_83' title='bbox 1004 1837 1135 1923; x_wconf 81' lang='lat' dir='ltr'><strong>lataque</strong></span> 
     </span>
     <span class='ocr_line' id='line_1_12' title="bbox 62 1937 972 2027; baseline -0.008 -18"><span class='ocrx_word' id='word_1_84' title='bbox 62 1962 130 2009; x_wconf 91' lang='lat' dir='ltr'><strong>nou</strong></span> <span class='ocrx_word' id='word_1_85' title='bbox 153 1941 223 2007; x_wconf 81' lang='lat' dir='ltr'><strong>est?</strong></span> <span class='ocrx_word' id='word_1_86' title='bbox 244 1937 310 2005; x_wconf 79' lang='lat' dir='ltr'><strong>Sor.</strong></span> <span class='ocrx_word' id='word_1_87' title='bbox 331 1937 448 2027; x_wconf 58' lang='lat' dir='ltr'><strong>alea„</strong></span> <span class='ocrx_word' id='word_1_88' title='bbox 552 1985 554 1989; x_wconf 44' lang='lat'>&gt;</span> <span class='ocrx_word' id='word_1_89' title='bbox 603 1961 606 1965; x_wconf 94' lang='lat'>·</span> <span class='ocrx_word' id='word_1_90' title='bbox 970 1998 972 2002; x_wconf 85' lang='lat'>.</span> 
     </span>
    </p>

    <p class='ocr_par' dir='ltr' id='par_1_4' title="bbox 8 2043 1136 2655">
     <span class='ocr_line' id='line_1_13' title="bbox 169 2043 1132 2129; baseline 0.002 -19"><span class='ocrx_word' id='word_1_91' title='bbox 169 2044 235 2110; x_wconf 89' lang='lat' dir='ltr'><strong>lbd.</strong></span> <span class='ocrx_word' id='word_1_92' title='bbox 252 2043 302 2123; x_wconf 87' lang='grc'><strong>18,</strong></span> <span class='ocrx_word' id='word_1_93' title='bbox 325 2045 341 2110; x_wconf 93' lang='lat' dir='ltr'>l</span> <span class='ocrx_word' id='word_1_94' title='bbox 361 2044 521 2111; x_wconf 66' lang='lat' dir='ltr'><strong>senbntiis</strong></span> <span class='ocrx_word' id='word_1_95' title='bbox 536 2046 618 2112; x_wconf 86' lang='lat' dir='ltr'><strong>reete</strong></span> <span class='ocrx_word' id='word_1_96' title='bbox 630 2045 798 2129; x_wconf 82' lang='lat' dir='ltr'><strong>separetis,</strong></span> <span class='ocrx_word' id='word_1_97' title='bbox 818 2047 855 2111; x_wconf 89' lang='lat' dir='ltr'><strong>ut</strong></span> <span class='ocrx_word' id='word_1_98' title='bbox 875 2046 912 2112; x_wconf 89' lang='lat' dir='ltr'><strong>fit</strong></span> <span class='ocrx_word' id='word_1_99' title='bbox 931 2047 1041 2113; x_wconf 79' lang='lat' dir='ltr'><strong>iuood</strong></span> <span class='ocrx_word' id='word_1_100' title='bbox 1057 2047 1132 2124; x_wconf 77' lang='lat' dir='ltr'><strong>Ool,</strong></span> 
     </span>
     <span class='ocr_line' id='line_1_14' title="bbox 62 2148 1135 2240; baseline -0.001 -19"><span class='ocrx_word' id='word_1_101' title='bbox 62 2152 169 2221; x_wconf 89' lang='lat' dir='ltr'><strong>omnis</strong></span> <span class='ocrx_word' id='word_1_102' title='bbox 177 2149 297 2219; x_wconf 84' lang='lat' dir='ltr'><strong>tollitur</strong></span> <span class='ocrx_word' id='word_1_103' title='bbox 306 2148 457 2215; x_wconf 77' lang='lat' dir='ltr'><strong>dubitatio</strong></span> <span class='ocrx_word' id='word_1_104' title='bbox 467 2149 506 2215; x_wconf 90' lang='lat' dir='ltr'><strong>de</strong></span> <span class='ocrx_word' id='word_1_105' title='bbox 514 2152 666 2235; x_wconf 79' lang='lat' dir='ltr'><strong>scriptura</strong></span> <span class='ocrx_word' id='word_1_106' title='bbox 674 2151 827 2217; x_wconf 78' lang='lat' dir='ltr'><strong>eodioumt</strong></span> <span class='ocrx_word' id='word_1_107' title='bbox 839 2150 894 2218; x_wconf 85' lang='lat' dir='ltr'><strong>ita</strong></span> <span class='ocrx_word' id='word_1_108' title='bbox 909 2152 1026 2240; x_wconf 84' lang='lat' dir='ltr'><strong>aliter</strong></span> <span class='ocrx_word' id='word_1_109' title='bbox 1040 2153 1135 2220; x_wconf 86' lang='lat' dir='ltr'><strong>irem</strong></span> 
     </span>
     <span class='ocr_line' id='line_1_15' title="bbox 64 2255 1136 2340; baseline 0 -14"><span class='ocrx_word' id='word_1_110' title='bbox 64 2255 257 2326; x_wconf 91' lang='lat' dir='ltr'><strong>debemus</strong></span> <span class='ocrx_word' id='word_1_111' title='bbox 277 2255 489 2339; x_wconf 89' lang='lat' dir='ltr'><strong>repellere,</strong></span> <span class='ocrx_word' id='word_1_112' title='bbox 510 2256 628 2322; x_wconf 87' lang='lat' dir='ltr'><strong>aliter</strong></span> <span class='ocrx_word' id='word_1_113' title='bbox 650 2276 905 2340; x_wconf 88' lang='lat' dir='ltr'><strong>oompeseere.</strong></span> <span class='ocrx_word' id='word_1_114' title='bbox 933 2312 935 2317; x_wconf 67' lang='lat'><strong>,</strong></span> <span class='ocrx_word' id='word_1_115' title='bbox 954 2259 1006 2326; x_wconf 85' lang='lat' dir='ltr'><strong>Ut</strong></span> <span class='ocrx_word' id='word_1_116' title='bbox 1027 2260 1136 2326; x_wconf 81' lang='lat' dir='ltr'><strong>vite·</strong></span> 
     </span>
     <span class='ocr_line' id='line_1_16' title="bbox 8 2347 1136 2450; baseline -0.001 -18"><span class='ocrx_word' id='word_1_117' title='bbox 8 2436 9 2440; x_wconf 51' lang='lat'><strong>,</strong></span> <span class='ocrx_word' id='word_1_118' title='bbox 61 2384 160 2440; x_wconf 86' lang='lat' dir='ltr'><strong>mur,</strong></span> <span class='ocrx_word' id='word_1_119' title='bbox 176 2361 345 2447; x_wconf 72' lang='lat' dir='ltr'><strong>quedem</strong></span> <span class='ocrx_word' id='word_1_120' title='bbox 361 2360 405 2425; x_wconf 86' lang='lat' dir='ltr'><strong>ed</strong></span> <span class='ocrx_word' id='word_1_121' title='bbox 421 2347 642 2429; x_wconf 78' lang='lat' dir='ltr'><strong>universam</strong></span> <span class='ocrx_word' id='word_1_122' title='bbox 656 2363 777 2429; x_wconf 80' lang='lat' dir='ltr'><strong>uitam</strong></span> <span class='ocrx_word' id='word_1_123' title='bbox 793 2364 1136 2450; x_wconf 83' lang='lat' dir='ltr'><strong>pertiuentiaprae·</strong></span> 
     </span>
     <span class='ocr_line' id='line_1_17' title="bbox 65 2465 1136 2555; baseline -0.001 -18"><span class='ocrx_word' id='word_1_124' title='bbox 65 2471 278 2555; x_wconf 88' lang='lat' dir='ltr'><strong>eipientur.</strong></span> <span class='ocrx_word' id='word_1_125' title='bbox 334 2465 510 2551; x_wconf 80' lang='lat' dir='ltr'><strong>Ingreditur</strong></span> <span class='ocrx_word' id='word_1_126' title='bbox 531 2466 650 2535; x_wconf 78' lang='lat' dir='ltr'><strong>Seuere</strong></span> <span class='ocrx_word' id='word_1_127' title='bbox 678 2468 712 2533; x_wconf 92' lang='lat' dir='ltr'><strong>iu</strong></span> <span class='ocrx_word' id='word_1_128' title='bbox 733 2469 864 2552; x_wconf 88' lang='lat' dir='ltr'><strong>priorem</strong></span> <span class='ocrx_word' id='word_1_129' title='bbox 886 2471 1007 2552; x_wconf 79' lang='lat' dir='ltr'><strong>partem</strong></span> <span class='ocrx_word' id='word_1_130' title='bbox 1028 2468 1068 2536; x_wconf 93' lang='lat' dir='ltr'><strong>de</strong></span> <span class='ocrx_word' id='word_1_131' title='bbox 1088 2470 1136 2536; x_wconf 86' lang='lat' dir='ltr'><strong>ira</strong></span> 
     </span>
     <span class='ocr_line' id='line_1_18' title="bbox 63 2571 748 2655; baseline -0.007 -10"><span class='ocrx_word' id='word_1_132' title='bbox 63 2576 196 2645; x_wconf 78' lang='lat' dir='ltr'><strong>vitando</strong></span> <span class='ocrx_word' id='word_1_133' title='bbox 217 2575 251 2639; x_wconf 90' lang='lat' dir='ltr'><strong>et</strong></span> <span class='ocrx_word' id='word_1_134' title='bbox 270 2571 448 2655; x_wconf 85' lang='lat' dir='ltr'><strong>repellenda</strong></span> <span class='ocrx_word' id='word_1_135' title='bbox 468 2590 525 2637; x_wconf 90' lang='lat' dir='ltr'><strong>nee</strong></span> <span class='ocrx_word' id='word_1_136' title='bbox 547 2571 748 2641; x_wconf 84' lang='lat' dir='ltr'><strong>admittenda.</strong></span> 
     </span>
    </p>

    <p class='ocr_par' dir='ltr' id='par_1_5' title="bbox 60 2676 1135 3504">
     <span class='ocr_line' id='line_1_19' title="bbox 166 2676 1134 2763; baseline -0.001 -16"><span class='ocrx_word' id='word_1_137' title='bbox 166 2680 235 2747; x_wconf 91' lang='lat' dir='ltr'><strong>Ibd.</strong></span> <span class='ocrx_word' id='word_1_138' title='bbox 261 2678 311 2751; x_wconf 90' lang='lat'><strong>19,</strong></span> <span class='ocrx_word' id='word_1_139' title='bbox 349 2679 382 2742; x_wconf 90' lang='lat' dir='ltr'><strong>l:</strong></span> <span class='ocrx_word' id='word_1_140' title='bbox 425 2677 472 2744; x_wconf 80' lang='lat' dir='ltr'><strong>lot</strong></span> <span class='ocrx_word' id='word_1_141' title='bbox 492 2676 670 2743; x_wconf 89' lang='lat' dir='ltr'><strong>looorum</strong></span> <span class='ocrx_word' id='word_1_142' title='bbox 691 2678 823 2763; x_wconf 88' lang='lat' dir='ltr'><strong>itaque</strong></span> <span class='ocrx_word' id='word_1_143' title='bbox 845 2681 885 2745; x_wconf 90' lang='lat' dir='ltr'><strong>et</strong></span> <span class='ocrx_word' id='word_1_144' title='bbox 905 2679 1134 2746; x_wconf 71' lang='lat' dir='ltr'><strong>animalium</strong></span> 
     </span>
     <span class='ocr_line' id='line_1_20' title="bbox 62 2783 1135 2870; baseline -0.002 -15"><span class='ocrx_word' id='word_1_145' title='bbox 62 2791 328 2870; x_wconf 79' lang='lat' dir='ltr'><strong>etcorporum</strong></span> <span class='ocrx_word' id='word_1_146' title='bbox 361 2785 402 2849; x_wconf 88' lang='lat' dir='ltr'><strong>et</strong></span> <span class='ocrx_word' id='word_1_147' title='bbox 430 2801 575 2848; x_wconf 89' lang='lat' dir='ltr'><strong>morum</strong></span> <span class='ocrx_word' id='word_1_148' title='bbox 605 2783 828 2850; x_wconf 84' lang='lat' dir='ltr'><strong>uarietates</strong></span> <span class='ocrx_word' id='word_1_149' title='bbox 856 2785 1028 2851; x_wconf 82' lang='lat' dir='ltr'><strong>mixtura</strong></span> <span class='ocrx_word' id='word_1_150' title='bbox 1054 2787 1135 2853; x_wconf 90' lang='lat' dir='ltr'><strong>ele·</strong></span> 
     </span>
     <span class='ocr_line' id='line_1_21' title="bbox 60 2888 1134 2977; baseline -0.002 -16"><span class='ocrx_word' id='word_1_151' title='bbox 60 2894 291 2962; x_wconf 86' lang='lat' dir='ltr'><strong>mentorum</strong></span> <span class='ocrx_word' id='word_1_152' title='bbox 312 2889 433 2965; x_wconf 78' lang='lat' dir='ltr'><strong>feeit,</strong></span> <span class='ocrx_word' id='word_1_153' title='bbox 471 2889 510 2955; x_wconf 89' lang='lat' dir='ltr'><strong>et</strong></span> <span class='ocrx_word' id='word_1_154' title='bbox 541 2888 712 2971; x_wconf 90' lang='lat' dir='ltr'><strong>proinde</strong></span> <span class='ocrx_word' id='word_1_155' title='bbox 744 2890 782 2955; x_wconf 91' lang='lat' dir='ltr'><strong>iu</strong></span> <span class='ocrx_word' id='word_1_156' title='bbox 816 2888 977 2974; x_wconf 87' lang='lat' dir='ltr'><strong>aliquos</strong></span> <span class='ocrx_word' id='word_1_157' title='bbox 1005 2893 1134 2977; x_wconf 77' lang='lat' dir='ltr'><strong>megis</strong></span> 
     </span>
     <span class='ocr_line' id='line_1_22' title="bbox 60 2994 1134 3080; baseline -0.005 -12"><span class='ocrx_word' id='word_1_158' title='bbox 60 2997 305 3068; x_wconf 80' lang='lat' dir='ltr'><strong>incumbunt</strong></span> <span class='ocrx_word' id='word_1_159' title='bbox 335 2995 519 3080; x_wconf 78' lang='lat' dir='ltr'><strong>ingenia,</strong></span> <span class='ocrx_word' id='word_1_160' title='bbox 558 2996 680 3078; x_wconf 90' lang='lat' dir='ltr'><strong>prout</strong></span> <span class='ocrx_word' id='word_1_161' title='bbox 712 2994 891 3062; x_wconf 85' lang='lat' dir='ltr'><strong>alieuius</strong></span> <span class='ocrx_word' id='word_1_162' title='bbox 936 2996 1134 3064; x_wconf 89' lang='lat' dir='ltr'><strong>elementi</strong></span> 
     </span>
     <span class='ocr_line' id='line_1_23' title="bbox 61 3096 1134 3186; baseline -0.007 -12"><span class='ocrx_word' id='word_1_163' title='bbox 61 3107 195 3174; x_wconf 87' lang='lat' dir='ltr'><strong>maior</strong></span> <span class='ocrx_word' id='word_1_164' title='bbox 225 3103 291 3169; x_wconf 87' lang='lat' dir='ltr'><strong>ris</strong></span> <span class='ocrx_word' id='word_1_165' title='bbox 322 3100 559 3169; x_wconf 80' lang='lat' dir='ltr'><strong>abundavit</strong></span> <span class='ocrx_word' id='word_1_166' title='bbox 615 3102 756 3184; x_wconf 78' lang='lat' dir='ltr'><strong>Apparet</strong></span> <span class='ocrx_word' id='word_1_167' title='bbox 788 3096 964 3186; x_wconf 86' lang='lat' dir='ltr'><strong>eonuptum</strong></span> <span class='ocrx_word' id='word_1_168' title='bbox 994 3121 1062 3169; x_wconf 86' lang='lat' dir='ltr'><strong>esse</strong></span> <span class='ocrx_word' id='word_1_169' title='bbox 1094 3102 1134 3168; x_wconf 96' lang='lat' dir='ltr'><strong>in</strong></span> 
     </span>
     <span class='ocr_line' id='line_1_24' title="bbox 61 3206 1135 3296; baseline -0.006 -16"><span class='ocrx_word' id='word_1_170' title='bbox 61 3214 247 3296; x_wconf 77' lang='lat' dir='ltr'><strong>sliquos3</strong></span> <span class='ocrx_word' id='word_1_171' title='bbox 270 3209 373 3294; x_wconf 81' lang='lat' dir='ltr'><strong>agitur</strong></span> <span class='ocrx_word' id='word_1_172' title='bbox 394 3206 478 3273; x_wconf 90' lang='lat' dir='ltr'><strong>euim</strong></span> <span class='ocrx_word' id='word_1_173' title='bbox 497 3206 536 3271; x_wconf 91' lang='lat' dir='ltr'><strong>de</strong></span> <span class='ocrx_word' id='word_1_174' title='bbox 550 3206 751 3290; x_wconf 80' lang='lat' dir='ltr'><strong>propensione</strong></span> <span class='ocrx_word' id='word_1_175' title='bbox 767 3206 800 3271; x_wconf 93' lang='lat' dir='ltr'><strong>in</strong></span> <span class='ocrx_word' id='word_1_176' title='bbox 820 3209 920 3274; x_wconf 78' lang='lat' dir='ltr'><strong>bertas</strong></span> <span class='ocrx_word' id='word_1_177' title='bbox 934 3226 999 3286; x_wconf 91' lang='lat' dir='ltr'><strong>res,</strong></span> <span class='ocrx_word' id='word_1_178' title='bbox 1022 3208 1135 3286; x_wconf 80' lang='lat' dir='ltr'><strong>studio,</strong></span> 
     </span>
     <span class='ocr_line' id='line_1_25' title="bbox 62 3310 1134 3404; baseline -0.009 -17"><span class='ocrx_word' id='word_1_179' title='bbox 62 3319 207 3387; x_wconf 74' lang='lat' dir='ltr'><strong>effeetus</strong></span> <span class='ocrx_word' id='word_1_180' title='bbox 264 3314 337 3379; x_wconf 80' lang='lat' dir='ltr'><strong>Fuit</strong></span> <span class='ocrx_word' id='word_1_181' title='bbox 386 3313 477 3379; x_wconf 88' lang='lat' dir='ltr'><strong>olim:</strong></span> <span class='ocrx_word' id='word_1_182' title='bbox 525 3310 684 3404; x_wconf 91' lang='lat' dir='ltr'><strong>proinde</strong></span> <span class='ocrx_word' id='word_1_183' title='bbox 726 3311 861 3398; x_wconf 83' lang='lat' dir='ltr'><strong>aliquo</strong></span> <span class='ocrx_word' id='word_1_184' title='bbox 905 3314 1027 3399; x_wconf 79' lang='lat' dir='ltr'><strong>magis</strong></span> <span class='ocrx_word' id='word_1_185' title='bbox 1071 3312 1134 3378; x_wconf 91' lang='lat' dir='ltr'><strong>in·</strong></span> 
     </span>
     <span class='ocr_line' id='line_1_26' title="bbox 62 3418 667 3504; baseline -0.012 -13"><span class='ocrx_word' id='word_1_186' title='bbox 62 3421 256 3491; x_wconf 81' lang='lat' dir='ltr'><strong>cumbunt</strong></span> <span class='ocrx_word' id='word_1_187' title='bbox 275 3419 447 3504; x_wconf 84' lang='lat' dir='ltr'><strong>ingenie,</strong></span> <span class='ocrx_word' id='word_1_188' title='bbox 468 3418 587 3501; x_wconf 90' lang='lat' dir='ltr'><strong>prout</strong></span> <span class='ocrx_word' id='word_1_189' title='bbox 608 3420 667 3484; x_wconf 87' lang='lat' dir='ltr'><strong>eet.</strong></span> 
     </span>
    </p>

    <p class='ocr_par' dir='ltr' id='par_1_6' title="bbox 66 3521 1192 4034">
     <span class='ocr_line' id='line_1_27' title="bbox 169 3521 1136 3608; baseline -0.007 -15"><span class='ocrx_word' id='word_1_190' title='bbox 169 3527 238 3593; x_wconf 81' lang='lat' dir='ltr'><strong>lbd.</strong></span> <span class='ocrx_word' id='word_1_191' title='bbox 260 3524 312 3600; x_wconf 78' lang='lat'><strong>23,</strong></span> <span class='ocrx_word' id='word_1_192' title='bbox 342 3525 375 3588; x_wconf 90' lang='lat' dir='ltr'><strong>l:</strong></span> <span class='ocrx_word' id='word_1_193' title='bbox 418 3523 542 3607; x_wconf 88' lang='lat' dir='ltr'><strong>Notus</strong></span> <span class='ocrx_word' id='word_1_194' title='bbox 571 3525 633 3590; x_wconf 89' lang='lat' dir='ltr'><strong>est</strong></span> <span class='ocrx_word' id='word_1_195' title='bbox 659 3524 734 3590; x_wconf 88' lang='lat' dir='ltr'><strong>ille</strong></span> <span class='ocrx_word' id='word_1_196' title='bbox 759 3523 1034 3608; x_wconf 78' lang='lat' dir='ltr'><strong>tyrannicida,</strong></span> <span class='ocrx_word' id='word_1_197' title='bbox 1071 3521 1136 3606; x_wconf 88' lang='lat' dir='ltr'><strong>qui</strong></span> 
     </span>
     <span class='ocr_line' id='line_1_28' title="bbox 153 3628 1137 3712; baseline -0.009 -8.787"><span class='ocrx_word' id='word_1_198' title='bbox 153 3635 290 3700; x_wconf 85' lang='lat' dir='ltr'><strong>tortus</strong></span> <span class='ocrx_word' id='word_1_199' title='bbox 317 3630 532 3697; x_wconf 86' lang='lat' dir='ltr'><strong>...amieos</strong></span> <span class='ocrx_word' id='word_1_200' title='bbox 556 3629 713 3712; x_wconf 78' lang='lat' dir='ltr'><strong>tyranni</strong></span> <span class='ocrx_word' id='word_1_201' title='bbox 735 3629 956 3696; x_wconf 86' lang='lat' dir='ltr'><strong>nominavit</strong></span> <span class='ocrx_word' id='word_1_202' title='bbox 977 3628 1137 3712; x_wconf 88' lang='lat' dir='ltr'><strong>quibus·</strong></span> 
     </span>
     <span class='ocr_line' id='line_1_29' title="bbox 67 3734 1137 3826; baseline -0.008 -20"><span class='ocrx_word' id='word_1_203' title='bbox 67 3760 142 3826; x_wconf 88' lang='lat' dir='ltr'><strong>que</strong></span> <span class='ocrx_word' id='word_1_204' title='bbox 178 3736 346 3804; x_wconf 82' lang='lat' dir='ltr'><strong>maxime</strong></span> <span class='ocrx_word' id='word_1_205' title='bbox 388 3754 515 3802; x_wconf 85' lang='lat' dir='ltr'><strong>eoram</strong></span> <span class='ocrx_word' id='word_1_206' title='bbox 552 3736 720 3801; x_wconf 86' lang='lat' dir='ltr'><strong>salutem</strong></span> <span class='ocrx_word' id='word_1_207' title='bbox 758 3735 842 3802; x_wconf 90' lang='lat' dir='ltr'><strong>eius</strong></span> <span class='ocrx_word' id='word_1_208' title='bbox 878 3735 1043 3809; x_wconf 82' lang='lat' dir='ltr'><strong>sciebat,</strong></span> <span class='ocrx_word' id='word_1_209' title='bbox 1083 3734 1137 3807; x_wconf 90' lang='lat' dir='ltr'><strong>ot,</strong></span> 
     </span>
     <span class='ocr_line' id='line_1_30' title="bbox 66 3836 1192 3927; baseline -0.01 -13"><span class='ocrx_word' id='word_1_210' title='bbox 66 3865 155 3914; x_wconf 89' lang='lat' dir='ltr'><strong>eum</strong></span> <span class='ocrx_word' id='word_1_211' title='bbox 188 3843 262 3910; x_wconf 88' lang='lat' dir='ltr'><strong>ille</strong></span> <span class='ocrx_word' id='word_1_212' title='bbox 294 3843 492 3927; x_wconf 84' lang='lat' dir='ltr'><strong>singulos,</strong></span> <span class='ocrx_word' id='word_1_213' title='bbox 534 3836 575 3908; x_wconf 85' lang='lat' dir='ltr'><strong>ut</strong></span> <span class='ocrx_word' id='word_1_214' title='bbox 606 3841 798 3907; x_wconf 89' lang='lat' dir='ltr'><strong>nominati</strong></span> <span class='ocrx_word' id='word_1_215' title='bbox 830 3843 962 3917; x_wconf 85' lang='lat' dir='ltr'><strong>erent,</strong></span> <span class='ocrx_word' id='word_1_216' title='bbox 1001 3836 1138 3906; x_wconf 88' lang='lat' dir='ltr'><strong>oeoidi</strong></span> <span class='ocrx_word' id='word_1_217' title='bbox 1191 3916 1192 3919; x_wconf 8' lang='grc' dir='ltr'><strong>Ἴ</strong></span> 
     </span>
     <span class='ocr_line' id='line_1_31' title="bbox 67 3943 1138 4034; baseline -0.007 -16"><span class='ocrx_word' id='word_1_218' title='bbox 67 3950 280 4024; x_wconf 86' lang='lat' dir='ltr'><strong>iussisset,</strong></span> <span class='ocrx_word' id='word_1_219' title='bbox 303 3948 593 4034; x_wconf 81' lang='lat' dir='ltr'><strong>interrogarit,</strong></span> <span class='ocrx_word' id='word_1_220' title='bbox 614 3947 753 4032; x_wconf 84' lang='lat' dir='ltr'><strong>eequis</strong></span> <span class='ocrx_word' id='word_1_221' title='bbox 775 3946 1020 4030; x_wconf 82' lang='lat' dir='ltr'><strong>superesset.</strong></span> <span class='ocrx_word' id='word_1_222' title='bbox 1063 3943 1138 4019; x_wconf 74' lang='lat' dir='ltr'><strong>Te,</strong></span> 
     </span>
    </p>
   </div>
   <div class='ocr_carea' id='block_1_3' title="bbox 68 4048 1140 4564">
    <p class='ocr_par' dir='ltr' id='par_1_7' title="bbox 68 4048 1140 4564">
     <span class='ocr_line' id='line_1_32' title="bbox 68 4048 1138 4142; baseline -0.008 -19"><span class='ocrx_word' id='word_1_223' title='bbox 68 4057 218 4142; x_wconf 88' lang='lat' dir='ltr'><strong>inquit,</strong></span> <span class='ocrx_word' id='word_1_224' title='bbox 252 4055 389 4122; x_wconf 86' lang='lat' dir='ltr'><strong>solus·</strong></span> <span class='ocrx_word' id='word_1_225' title='bbox 428 4055 551 4122; x_wconf 79' lang='lat' dir='ltr'><strong>Servari</strong></span> <span class='ocrx_word' id='word_1_226' title='bbox 580 4053 664 4120; x_wconf 84' lang='lat' dir='ltr'><strong>idem</strong></span> <span class='ocrx_word' id='word_1_227' title='bbox 695 4053 869 4120; x_wconf 82' lang='lat' dir='ltr'><strong>subiectum</strong></span> <span class='ocrx_word' id='word_1_228' title='bbox 890 4048 1138 4136; x_wconf 82' lang='lat' dir='ltr'><strong>(tyrannioidam)</strong></span> 
     </span>
     <span class='ocr_line' id='line_1_33' title="bbox 72 4153 1137 4245; baseline -0.008 -18"><span class='ocrx_word' id='word_1_229' title='bbox 72 4164 105 4227; x_wconf 89' lang='lat' dir='ltr'><strong>et</strong></span> <span class='ocrx_word' id='word_1_230' title='bbox 125 4163 286 4245; x_wconf 81' lang='lat' dir='ltr'><strong>perepicuo</strong></span> <span class='ocrx_word' id='word_1_231' title='bbox 317 4161 501 4227; x_wconf 84' lang='lat' dir='ltr'><strong>narrationis</strong></span> <span class='ocrx_word' id='word_1_232' title='bbox 532 4160 633 4226; x_wconf 80' lang='lat' dir='ltr'><strong>forma</strong></span> <span class='ocrx_word' id='word_1_233' title='bbox 662 4161 695 4225; x_wconf 91' lang='lat' dir='ltr'><strong>et</strong></span> <span class='ocrx_word' id='word_1_234' title='bbox 725 4159 827 4242; x_wconf 90' lang='lat' dir='ltr'><strong>ipsum</strong></span> <span class='ocrx_word' id='word_1_235' title='bbox 860 4155 1077 4240; x_wconf 89' lang='lat' dir='ltr'><strong>interpositum</strong></span> <span class='ocrx_word' id='word_1_236' title='bbox 1100 4153 1137 4219; x_wconf 92' lang='lat' dir='ltr'><strong>de</strong></span> 
     </span>
     <span class='ocr_line' id='line_1_34' title="bbox 73 4261 1138 4352; baseline -0.01 -18"><span class='ocrx_word' id='word_1_237' title='bbox 73 4270 203 4352; x_wconf 83' lang='lat' dir='ltr'><strong>tyranno</strong></span> <span class='ocrx_word' id='word_1_238' title='bbox 232 4285 316 4333; x_wconf 86' lang='lat' dir='ltr'><strong>oum</strong></span> <span class='ocrx_word' id='word_1_239' title='bbox 349 4266 422 4332; x_wconf 89' lang='lat' dir='ltr'><strong>ille</strong></span> <span class='ocrx_word' id='word_1_240' title='bbox 449 4265 593 4333; x_wconf 88' lang='lat' dir='ltr'><strong>ostendit.</strong></span> <span class='ocrx_word' id='word_1_241' title='bbox 652 4265 768 4330; x_wconf 81' lang='lat' dir='ltr'><strong>Seuera</strong></span> <span class='ocrx_word' id='word_1_242' title='bbox 799 4262 938 4347; x_wconf 78' lang='lat' dir='ltr'><strong>scripsit:</strong></span> <span class='ocrx_word' id='word_1_243' title='bbox 967 4261 1138 4324; x_wconf 78' lang='lat' dir='ltr'><strong>interro·</strong></span> 
     </span>
     <span class='ocr_line' id='line_1_35' title="bbox 75 4366 1139 4458; baseline -0.002 -22"><span class='ocrx_word' id='word_1_244' title='bbox 75 4375 200 4458; x_wconf 77' lang='lat' dir='ltr'><strong>ponti,</strong></span> <span class='ocrx_word' id='word_1_245' title='bbox 247 4374 383 4458; x_wconf 88' lang='lat' dir='ltr'><strong>eequis</strong></span> <span class='ocrx_word' id='word_1_246' title='bbox 422 4371 673 4457; x_wconf 76' lang='lat' dir='ltr'><strong>superesset,</strong></span> <span class='ocrx_word' id='word_1_247' title='bbox 714 4371 784 4446; x_wconf 82' lang='lat' dir='ltr'><strong>Tu,</strong></span> <span class='ocrx_word' id='word_1_248' title='bbox 827 4368 987 4453; x_wconf 84' lang='lat' dir='ltr'><strong>inquit,</strong></span> <span class='ocrx_word' id='word_1_249' title='bbox 1021 4366 1139 4434; x_wconf 87' lang='lat' dir='ltr'><strong>solue.</strong></span> 
     </span>
     <span class='ocr_line' id='line_1_36' title="bbox 80 4474 1140 4564; baseline 0 -25"><span class='ocrx_word' id='word_1_250' title='bbox 80 4478 196 4564; x_wconf 77' lang='lat' dir='ltr'><strong>(Inquit</strong></span> <span class='ocrx_word' id='word_1_251' title='bbox 224 4498 293 4545; x_wconf 90' lang='lat' dir='ltr'><strong>oum</strong></span> <span class='ocrx_word' id='word_1_252' title='bbox 317 4479 421 4546; x_wconf 85' lang='lat' dir='ltr'><strong>dativo</strong></span> <span class='ocrx_word' id='word_1_253' title='bbox 447 4482 479 4544; x_wconf 90' lang='lat' dir='ltr'><strong>et</strong></span> <span class='ocrx_word' id='word_1_254' title='bbox 510 4476 616 4543; x_wconf 80' lang='lat' dir='ltr'><strong>Oieero</strong></span> <span class='ocrx_word' id='word_1_255' title='bbox 642 4493 725 4558; x_wconf 82' lang='lat' dir='ltr'><strong>saepe</strong></span> <span class='ocrx_word' id='word_1_256' title='bbox 758 4475 884 4559; x_wconf 81' lang='lat' dir='ltr'><strong>posuit·</strong></span> <span class='ocrx_word' id='word_1_257' title='bbox 904 4475 989 4541; x_wconf 84' lang='lat' dir='ltr'><strong>uelut</strong></span> <span class='ocrx_word' id='word_1_258' title='bbox 1015 4474 1049 4539; x_wconf 91' lang='lat' dir='ltr'><strong>in</strong></span> <span class='ocrx_word' id='word_1_259' title='bbox 1080 4490 1140 4539; x_wconf 90' lang='lat' dir='ltr'><strong>uno</strong></span> 
     </span>
    </p>
   </div>
   <div class='ocr_carea' id='block_1_4' title="bbox 0 0 1337 5062">
    <p class='ocr_par' dir='ltr' id='par_1_8' title="bbox 0 0 1337 5062">
     <span class='ocr_line' id='line_1_37' title="bbox 0 0 1337 5062; baseline 0 0"><span class='ocrx_word' id='word_1_260' title='bbox 0 0 1337 5062; x_wconf 95' lang='lat' dir='ltr'><strong> </strong></span> 
     </span>
    </p>
   </div>
  </div>
 </body>
</html>
