2678 5018
535 664 655 722 Ovidius.
1044 666 1085 730 69

190 864 218 930 0
241 884 409 949 numquam
432 884 486 948 pro
506 886 540 927 re
560 864 635 930 satis
657 864 844 950 indigitanda
865 866 993 950 Cupido,

62 970 119 1036 hoo
142 973 209 1036 est:
231 971 437 1054 proteritate
460 973 491 1036 et
513 989 616 1035 rerum
637 972 832 1055 gravitate.¹)
1079 965 1081 969 ⁴

158 1078 233 1143 Ibo.
256 1078 304 1152 ΙΙ,
339 1078 389 1151 15,
414 1078 471 1142 ll:
514 1078 611 1142 Poeta
634 1078 727 1142 vellet
759 1097 792 1143 se
813 1079 844 1142 in
867 1080 1003 1156 anulum,
1035 1097 1127 1164 quem

63 1185 174 1268 puellae
198 1185 307 1263 mittit,
330 1185 433 1250 subito
452 1184 565 1249 mutari
587 1187 618 1249 et
640 1184 735 1270 digito
757 1184 823 1250 eine
844 1184 952 1249 inseri:

162 1291 253 1355 Tunc
274 1292 313 1373 (si
334 1291 447 1357 anulus
467 1292 538 1369 sim)
561 1310 617 1376 ego
636 1292 668 1356 to
690 1291 812 1373 cupiam
834 1291 965 1356 dominae
985 1289 1126 1375 tetigisse
1240 1357 1245 1369 ,

912 1396 1042 1480 papillae

208 1504 240 1567 et
260 1503 369 1568 laevam
390 1502 503 1568 tnuioia
524 1502 687 1567 inseruisse
710 1521 845 1568 manum.

163 1607 217 1672 Sio
239 1608 359 1674 codices
382 1609 498 1692 antiqui
525 1608 607 1690 (PS).
657 1606 726 1673 Una
753 1608 858 1674 littera
889 1606 1029 1673 addenda
1059 1607 1124 1683 out3

65 1712 220 1779 dominam
242 1715 323 1779 enim
345 1719 438 1798 poeta
459 1715 643 1799 alloquitur:

145 1819 234 1884 Tunc
255 1839 310 1904 ego
331 1822 362 1886 te
385 1820 516 1903 cupiam,
542 1821 677 1900 domina,
698 1826 730 1888 ot
750 1821 891 1906 tetigisse
913 1819 1044 1904 papillas
1064 1819 1123 1884 oet

63 1922 95 1988 Si
116 1924 201 1990 enim
224 1926 280 1991 hoo
301 1927 407 1992 ieoerit
428 1926 569 2006 domina,
606 1929 696 2010 poeta
717 1930 774 1995 aab
797 1928 881 1993 an'uli
901 1926 1000 1991 forma
1022 1925 1123 1992 latens

63 2030 196 2114 eorporis
218 2032 328 2113 puellae
349 2035 452 2116 partes
474 2033 659 2098 attrectabit.
981 2108 983 2117 ,

161 2136 229 2201 Ibd.
253 2139 309 2213 111,
344 2137 373 2213 8,
408 2139 447 2200 28
477 2140 542 2216 (ubi
564 2139 696 2206 militem
716 2140 797 2206 bollo
818 2139 952 2205 ditatum
975 2138 1033 2204 eibi
1055 2154 1123 2203 oar·

61 2242 255 2327 mimtouaque
276 2243 412 2328 praeferri
433 2245 596 2329 queritur):
907 2256 910 2258 ’

161 2349 288 2429 Discite,
313 2351 365 2434 qni
386 2351 502 2435 eapitis,
524 2370 584 2417 uon
606 2371 673 2434 quae
694 2370 747 2417 nou
768 2351 883 2417 seimus
905 2350 1033 2424 inertes,

210 2457 266 2521 sed
286 2456 422 2540 trepidas
444 2458 525 2523 acies
548 2459 580 2523 et
600 2458 667 2524 fera
688 2458 789 2523 oaetra
809 2454 913 2539 eequi;

161 2582 275 2647 proquo
297 2564 375 2628 bono
397 2583 486 2629 versu
508 2564 643 2646 primum
665 2563 804 2629 deducite
825 2563 938 2645 pilum3

203 2670 261 2735 hoo
282 2669 350 2747 tibi,
375 2671 402 2736 ui
421 2671 528 2746 uellus,
550 2671 657 2754 possit,
679 2671 824 2747 Homero,
848 2667 923 2734 dari.

160 2774 212 2840 Sio
241 2776 376 2852 oodioes;
413 2777 557 2841 orationis
583 2776 633 2842 lex
660 2785 775 2861 poseat,
809 2776 845 2840 ut
878 2774 951 2839 olim
978 2770 1121 2849 edebant,

60 2880 215 2963 poumlat3
238 2882 292 2947 sod
312 2884 394 2965 perit
415 2883 459 2947 sio
479 2883 581 2969 imago
596 2883 723 2949 Homeri
737 2884 884 2965 tanquam
906 2877 1067 2963 prasentia
1089 2877 1123 2941 et

59 2986 187 3070 integrae
209 2987 384 3053 etiamnunc
405 2989 599 3055 ooudioionis.
645 2990 712 3054 Neo
740 2988 816 3054 satis
843 2989 908 3051 erat
929 2984 1023 3058 vello,
1055 2981 1121 3063 sad,

59 3092 174 3157 omissa
199 3093 305 3175 poesi,
338 3112 374 3159 ea
405 3094 525 3179 agenda
546 3099 653 3175 erant,
686 3115 753 3179 quae
777 3093 849 3158 huie
877 3093 921 3157 rei
947 3089 1121 3159 numeraria

59 3200 172 3264 essent.
220 3199 353 3265 Beatum
375 3203 435 3265 est:

209 3305 268 3369 hoo
289 3305 357 3384 ubi,
378 3308 406 3372 si
427 3307 525 3386 bellae,
546 3308 651 3392 possit,
673 3308 816 3386 Homero,
838 3306 914 3372 dari.
946 3384 948 3396 Ι

160 3410 228 3475 Ibd.
250 3411 309 3491 111,
336 3414 386 3491 11,
407 3413 449 3477 49
471 3435 555 3499 sqq.:

614 3522 648 3586 tu
673 3521 769 3606 selige
789 3522 920 3595 tautum,

251 3645 302 3691 me
325 3646 441 3711 quoque
463 3627 542 3692 vello
564 3627 649 3703 velis,
670 3645 748 3692 anne
770 3629 893 3691 ooactua
915 3641 1028 3689 amem.

209 3731 319 3797 Lintea
341 3733 412 3799 dem
433 3735 534 3817 potius
556 3734 714 3818 venusque
735 3732 901 3798 ferentibus
923 3732 1003 3810 utar,

251 3840 297 3915 ut,
320 3841 459 3923 quamvis
481 3841 585 3916 nolim,
607 3859 706 3925 cogar,
728 3857 832 3905 amare
855 3837 959 3903 uelim.

58 3942 167 4010 Ulfimi
190 3964 296 4010 verens
318 3947 469 4012 sententia
491 3949 524 4012 et
547 3947 645 4013 oratio
668 3947 714 4012 sio
735 3944 905 4011 constabit:

208 4052 252 4129 ut,
275 4071 379 4134 quam,
401 4054 429 4118 ui
450 4053 555 4132 nolim,
578 4071 670 4138 cogar
691 4070 803 4126 amaro,
825 4051 928 4124 velim,
958 4035 966 4054 ⁸

63 4253 259 4264 *Q

88 4385 111 4452 ¹]
128 4387 204 4442 Hane
221 4389 251 4442 et
267 4386 415 4457 proximam
434 4387 612 4442 oouiooturam
626 4387 660 4442 de
678 4384 729 4450 111,
748 4387 774 4448 8,
792 4387 827 4443 28
850 4384 955 4457 prodidi
980 4386 1009 4440 iu
1027 4382 1118 4440 annal.

128 4481 224 4551 philol.
244 4480 314 4555 Dan.
332 4479 357 4534 V
375 4496 402 4550 p.
420 4482 453 4536 21
473 4482 502 4535 ot
520 4480 580 4535 169.
616 4480 668 4531 Pro
686 4499 711 4532 re
728 4478 782 4535 iam
799 4479 978 4536 Bnmannun.
