2662 5046
241 288 302 352 ‘2⁵26
598 283 660 348 Lib.
672 284 735 340 vn.
748 282 815 353 Cap.
825 284 864 339 11.

199 507 267 556 esse
300 485 484 571 (presertim
517 501 587 548 cum
608 482 641 547 in
662 482 689 547 P
721 501 840 559 versus
861 481 1020 548 claudatur
1040 485 1072 549 in
1096 485 1278 568 periuri),v

199 612 235 658 er
260 593 366 657 bisin
399 590 609 674 periurium
645 588 765 670 prime
792 586 882 653 facile
903 587 948 667 fit,
971 589 1053 672 quod
1074 590 1269 676 apud·Kay·

101 676 107 692 ⁵
199 718 303 776 sorum
335 717 354 762 a
390 715 441 762 mo
476 695 647 760 indicatum
686 693 813 777 legitur:
849 694 886 758 in
920 697 1071 777 pariari
1107 695 1265 763 crimen.

198 804 281 869 Nam
315 805 457 885 corrupto
489 800 636 878 uocabulo
671 799 822 873 crimen,
859 817 894 864 ar
925 800 963 865 in
998 796 1144 884 periuri
1177 820 1275 883 paencg

201 909 370 975 necessario
402 909 497 974 fiebat
534 908 572 972 in
607 903 826 989 periurium·
880 902 968 981 Quod
998 924 1056 970 non
1084 906 1118 971 in
1145 908 1277 973 crimen.

199 1013 324 1092 Clodius
345 1014 521 1090 vocabatur,
554 1012 587 1077 in
624 1030 660 1076 eo
693 1012 760 1075 erat
781 1010 940 1092 neglectus
961 1012 1087 1094 periurii
1107 1013 1148 1078 ab
1169 1013 1267 1078 baru-

199 1121 336 1204 spicibus
357 1119 557 1204 significatus.
806 1168 809 1187 2
897 1190 900 1195 ,

297 1221 364 1305 lbd.
377 1223 433 1288 41:
456 1225 543 1307 Ipse
566 1222 800 1289 Saturninus
816 1222 968 1288 italuit
989 1224 1209 1307 effrenatus
1225 1227 1275 1290 et

196 1347 301 1411 paene
325 1329 494 1409 demens,
516 1333 557 1396 ut
576 1330 709 1395 auctor
729 1327 833 1392 essct
854 1328 1033 1411 egregins
1056 1330 1096 1393 et
1117 1330 1161 1395 ad
1184 1331 1269 1395 ani·

196 1454 277 1500 mos
312 1434 580 1517 imperitorum
613 1433 1109 1516 excitandos...periectus.
1154 1434 1268 1519 Neque

196 1542 241 1606 sic
265 1542 398 1605 auctor
419 1538 538 1605 inbuite
560 1539 672 1605 dicitnr
695 1557 792 1622 nequa
817 1539 983 1605 auctoritas
1006 1539 1056 1605 bic
1080 1539 1144 1604 ulla
1165 1543 1268 1625 sigui·

196 1646 315 1722 ficetur,
347 1645 401 1717 sed
433 1646 464 1710 iu
485 1645 576 1722 rebus
608 1644 736 1728 agendis
763 1648 795 1709 et
825 1643 947 1710 orandis
975 1644 1126 1710 industria
1147 1647 1181 1709 et
1202 1647 1264 1712 vis.

196 1749 307 1835 ltaque
330 1751 525 1817 scribendum
547 1752 609 1817 est:
632 1756 673 1816 ut
693 1760 804 1812 actor
826 1752 930 1815 esset
952 1752 1141 1835 egregins.

296 1857 362 1921 lbd.
385 1856 426 1920 43
448 1857 644 1934 scribendum
665 1857 728 1921 cst:
775 1857 898 1939 Atque
918 1855 979 1920 bio
1003 1856 1196 1940 sigradus
1219 1892 1268 1904 —·

198 1981 215 2026 o
241 1963 383 2027 misera
413 1965 588 2046 tempora
612 1963 829 2046 stultasque
855 1964 1008 2027 nostras
1030 1962 1276 2029 discordias!

194 2068 285 2132 —P
307 2066 438 2134 Clodio
471 2066 611 2153 gradus
647 2068 691 2133 ad
713 2087 825 2150 remp.
858 2066 920 2132 hic
941 2067 1085 2150 primus
1113 2068 1197 2151 faio
1230 2079 1268 2137 ca

195 2174 324 2240 adibus
346 2182 387 2252 (u.
411 2176 555 2258 primus
589 2176 648 2239 est
679 2173 820 2251 aditus)
853 2173 897 2237 ad
929 2173 1149 2256 popularem
1180 2175 1265 2240 iac-

195 2280 382 2346 tationem
409 2283 522 2364 atque
557 2278 777 2344 adscensus.
821 2276 927 2362 Neque
950 2283 1008 2345 est
1039 2279 1112 2344 ferri
1143 2281 1263 2362 potest,

195 2404 308 2470 nequo
325 2386 528 2452 tolerabiliter
560 2384 674 2469 gradus
697 2385 737 2450 ad
769 2403 864 2466 remp.
890 2385 1034 2450 definitur
1065 2404 1133 2451 esse
1155 2387 1265 2454 aditus

195 2493 235 2557 ad
255 2493 464 2569 iactationem

293 2598 343 2662 Ad
364 2599 516 2681 grauiora,
540 2616 607 2680 qua
629 2599 758 2674 restant,
788 2596 878 2663 buius
898 2596 1045 2664 orationis
1067 2599 1210 2666 mendat
1231 2601 1262 2664 l·

197 2704 289 2770 lenda
310 2703 387 2768 nihil
408 2703 514 2779 habeo,
537 2703 616 2785 quod
637 2704 775 2769 afferam.
880 2723 881 2726 ¹

294 2809 338 2876 lic
361 2807 504 2895 provino.
528 2808 649 2874 consul.
673 2808 727 2874 33:
760 2810 893 2874 ceterae
914 2810 1044 2888 partes
1077 2807 1217 2888 (Galliae)
1240 2829 1263 2876 a

194 2913 374 2997 gentibus
407 2915 472 2978 aut
503 2913 673 2978 inimicis
708 2914 794 2979 huic
827 2914 988 2997 imperio
1022 2916 1086 2978 aut
1118 2913 1259 2980 inlidis

192 3020 259 3085 aut
285 3017 496 3102 incognitis
528 3019 730 3092 antcertc
762 3018 989 3088 immanibus
1023 3021 1060 3085 et
1080 3019 1263 3086 barbaris

194 3127 231 3189 et
252 3123 452 3189 bellicosis
485 3125 724 3192 tenebantur.
779 3125 886 3208 Neque
906 3127 937 3197 iu
959 3125 1126 3208 incognitis
1154 3125 1261 3208 genti·

192 3230 255 3310 bus,
282 3247 337 3311 per
372 3248 406 3295 se
442 3230 538 3295 ullum
583 3233 632 3296 cst
664 3230 852 3312 periculum,
897 3234 932 3296 ut
964 3230 996 3294 iu
1032 3229 1167 3305 inimicis
1204 3234 1264 3296 aut

191 3334 305 3413 infidis,
339 3354 438 3420 neque
471 3338 574 3402 certe
609 3336 835 3425 immanibus
867 3340 951 3401 recte
982 3339 1130 3419 tanqum
1152 3336 1260 3403 minus

58 3434 61 3440 ’
192 3441 353 3507 subiicitur
387 3441 612 3527 incognitarum
646 3442 855 3524 appellationi.
921 3443 1016 3509 Recto
1052 3443 1159 3506 contra
1192 3442 1262 3507 hac

191 3546 414 3630 coniunguntur
437 3547 661 3630 ctproosdunt:
695 3551 761 3614 aut
780 3549 949 3615 inimicis
970 3548 1058 3613 bnic
1079 3548 1167 3630 imp.
1192 3552 1260 3613 aut

190 3652 325 3719 infidis
348 3657 412 3718 aut
433 3654 642 3738 incognitis
665 3676 707 3716 ac
729 3657 833 3720 corte
853 3654 1083 3723 immanibus
1101 3654 1258 3719 etbarb.

191 3759 229 3822 et
252 3757 452 3824 bellicosis
471 3759 589 3842 (quales
611 3778 733 3841 semper
755 3761 896 3827 cauendae
918 3764 1011 3840 sunt).
1049 3758 1132 3825 Nam
1156 3760 1259 3826 tutius

191 3882 257 3929 esse
279 3867 352 3947 puto
383 3866 428 3930 sie
450 3866 516 3932 baec
538 3865 688 3949 corrigere
716 3886 808 3949 quum
829 3865 882 3932 illa
905 3867 964 3932 duo
997 3865 1148 3932 uocabula
1180 3871 1261 3944 (aut

189 3968 413 4052 incognitis)
429 3973 553 4039 tollere.
