2662 5062
381 648 413 705 L.
433 647 533 704 &nece
550 647 583 704 de
600 647 660 705 vito
678 648 766 706 outa
1004 648 1064 714 371

72 849 113 924 cst
139 849 266 932 scripsit,
299 845 425 912 inscitia
446 847 479 911 et
506 846 706 931 negligentia,
733 847 789 915 sod
810 849 949 933 simplex,
976 850 1110 936 intelligi

71 955 192 1035 obt-¹)

9 1127 10 1134 χ
143 1057 208 1124 lbd
232 1057 283 1138 19,
311 1056 336 1120 ⁴3
371 1057 436 1135 (ubi
457 1056 496 1121 de
518 1057 645 1142 adigit
665 1058 836 1124 revocando
864 1058 927 1126 dixi
954 1078 1048 1144 supra
1068 1059 1109 1127 ad

70 1159 155 1228 deser.
175 1164 205 1229 b.
227 1162 267 1229 d.
287 1162 346 1261 Ill,
370 1162 421 1240 14)
453 1161 587 1245 primum
620 1162 796 1246 ponendum
822 1163 959 1232 videtur:
988 1166 1028 1232 et
1050 1165 1110 1245 (sio

68 1264 112 1332 ism
138 1270 308 1352 superiores
340 1287 396 1352 pro
428 1269 505 1346 aut)
536 1266 721 1332 maledics
752 1273 819 1352 (pro
845 1271 1042 1349 maledici)
1070 1271 1109 1336 in

69 1372 211 1441 alienam
248 1373 528 1441 coutumeliam
563 1375 719 1439 venusti
750 1378 859 1450 sunt,
891 1375 952 1442 nisi
985 1376 1108 1442 male·

68 1476 126 1551 dici
164 1481 303 1547 additum
346 1483 395 1546 est
430 1480 469 1544 ad
506 1480 679 1557 uenusti;
722 1479 832 1546 deinde
873 1481 974 1548 boereo
1017 1481 1109 1548 rebe·

67 1589 161 1652 neuter
191 1587 224 1652 in
258 1587 323 1652 bis:
370 1585 574 1652 Crederem
605 1583 689 1650 illis
722 1585 792 1651 boc
824 1604 985 1662 nocere,
1029 1585 1109 1652 nisi

67 1691 200 1769 quidam
238 1709 280 1756 ex
318 1690 498 1774 patibulo
534 1707 621 1755 suos
659 1691 907 1772 spectatores
940 1690 1109 1773 conspuss

68 1800 170 1875 crcnt;
205 1797 421 1881 intelligerem,
444 1796 471 1860 si
492 1794 639 1876 scriptum
663 1797 761 1862 esset:
805 1795 875 1862 Vir
897 1796 1000 1879 (non)
1021 1814 1108 1862 cre·

67 1896 171 1969 darem
192 1903 264 1969 boc
284 1902 374 1968 illis
395 1919 532 1966 vacare
554 1900 598 1981 (id
620 1901 679 1974 cst,
702 1899 792 1967 buius
811 1901 857 1967 rei
877 1901 916 1968 iis
942 1903 1041 1968 otium
1075 1903 1108 1968 et

10 2088 11 2091 Ἴ
66 2005 178 2072 minum
201 2027 280 2086 esse,
313 2009 367 2074 cir.
389 2026 415 2072 c.
439 2006 490 2080 27,
521 2005 599 2070 let
620 2004 662 2083 6),
695 2007 772 2073 nisi
805 2007 899 2092 (quod
927 2025 1013 2090 aqna
1046 2006 1108 2072 mi·

9 2117 10 2121 ’
65 2125 113 2177 run
132 2117 163 2181 et
187 2113 368 2180 incredibile
400 2111 533 2190 videtur)
562 2111 716 2195 quidam
738 2116 798 2179 eet.
843 2110 1004 2179 Itucidibue
1036 2129 1108 2178 non

10 2245 12 2249 ·
66 2220 117 2294 lost
156 2221 271 2285 sunt?
313 2218 459 2285 Ceterum
491 2217 701 2284 scribendum:
748 2238 793 2284 er
823 2214 999 2303 patibulo
1041 2238 1108 2281 suo

62 2326 298 2403 spectatores.
361 2321 513 2401 (Eundem
542 2323 763 2406 geminationis
784 2342 916 2391 errorem
938 2325 1107 2409 superiores

62 2425 223 2508 sitiverant,
256 2429 339 2495 licb.
369 2429 402 2494 et
428 2428 563 2494 Haasius
585 2432 766 2496 recorernnt
794 2429 846 2508 26,
872 2429 910 2494 4:
939 2449 1107 2512 praesen·

59 2528 147 2603 tibus
168 2536 302 2612 laetus,
322 2533 471 2599 futuris
493 2551 653 2599 securus
674 2555 729 2619 pro
750 2535 901 2614 futuri.)

138 2641 206 2707 lbd.
229 2640 280 2719 20,
303 2638 338 2704 3:
383 2639 453 2720 Qui
474 2638 549 2705 sibi
570 2639 638 2705 boc
657 2642 873 2725 proposuit:
910 2641 989 2725 Ego
1009 2657 1107 2705 mor-

56 2738 114 2812 tem
144 2745 277 2812 codem
308 2745 418 2810 uoltu
450 2762 531 2809 cum
563 2745 715 2810 audiam
741 2746 818 2830 ‘quo
847 2746 1003 2822 uidebo;
1039 2761 1107 2829 ego

1 2836 2 2841 ’
53 2843 249 2925 laboribus,
267 2850 551 2944 quanticunque
572 2850 643 2916 illi
664 2852 784 2930 erunt,
804 2853 961 2936 parebo,
981 2851 1107 2918 animo

52 2952 212 3025 fulciens
234 2976 380 3041 corpus,
393 2960 452 3025 cet.
475 2957 526 3023 Sic
536 2959 575 3022 A.
587 2958 726 3041 Apparet
736 2957 887 3042 prioribus
898 2957 1000 3025 uerbis
1010 2956 1107 3040 signi-

51 3059 123 3131 icari
146 3064 260 3130 debere
281 3064 390 3130 mortis
411 3082 568 3130 summum
590 3065 800 3150 contemptum
825 3067 857 3131 ct
877 3063 1036 3142 animum,
1057 3062 1110 3146 qui

52 3170 117 3237 nihil
139 3189 178 3237 ea
200 3171 370 3235 moueatur.
403 3171 816 3247 Abeasententiaeberrnt,
845 3170 925 3254 quod
940 3167 1110 3235 lieenterin

50 3275 106 3344 slus
130 3276 289 3343 codicibus
313 3277 533 3360 interpolatum
553 3277 585 3341 in
602 3276 751 3344 editionm
767 3277 938 3360 superiores
948 3275 1109 3359 pleresque

50 3381 297 3466 perrenitcllgo
312 3385 472 3449 mortem
488 3382 748 3449 eodemunltu
769 3383 938 3464 audiam,
960 3399 1030 3467 quo
1053 3380 1109 3446 ri·

50 3485 1111 3573 debo(eddaliqnotiubeboetvid.);nammortcmaudire(quod

51 3591 147 3680 inepte
168 3594 281 3660 dicitur
299 3594 337 3661 de
351 3597 459 3663 mortis
479 3590 669 3662 denuntiata
686 3595 808 3678 nuntio)
825 3595 928 3660 minus
949 3594 998 3659 est
1017 3609 1112 3675 quam

52 3697 144 3781 ipsam
169 3701 285 3780 ridere,
303 3702 486 3787 omninoque
513 3702 590 3768 mire
619 3702 748 3786 languet
766 3701 877 3767 mortis
898 3697 1057 3765 audiendo
1079 3699 1112 3763 et

55 3836 244 3851 w

79 3907 101 3973 ¹)
117 3907 158 3962 De
184 3921 249 3962 non
267 3906 305 3958 ut
322 3903 463 3974 optimis
480 3900 649 3961 restituendo
672 3902 731 3979 33
759 3900 789 3955 ct
814 3898 956 3957 debiles
978 3899 1112 3967 (vocativo

117 4000 190 4066 meu)
209 4002 225 4064 5
243 3999 262 4054 4
280 4013 340 4052 cum
359 3995 501 4061 Groncrio,
529 3993 616 4050 dicere
634 3991 726 4064 pudet.
772 3990 836 4063 esp.
856 3994 899 4059 18,
925 3991 1112 4048 3scribcrcm:

118 4091 275 4144 videlicet
305 4089 364 4158 (pro
394 4087 489 4144 rides
512 4087 612 4152 enim)
641 4102 706 4141 non
738 4086 888 4142 virtutis
916 4082 1112 4147 scientiam,

119 4183 177 4238 sed
201 4181 374 4253 egestatis
403 4181 584 4252 professus
609 4181 679 4247 est,
709 4182 742 4234 nt
769 4194 829 4233 cum
853 4174 1012 4238 ironiadici
1030 4190 1113 4244 appa-

121 4278 199 4343 reret,
220 4274 272 4330 nisi
291 4274 421 4330 retineret
447 4291 490 4329 mc
516 4273 608 4328 eodem
631 4272 710 4329 modo
733 4282 795 4327 cum
812 4270 899 4326 ironia
916 4270 945 4324 et
962 4267 1114 4338 negationis

121 4366 315 4438 significatione
352 4367 473 4437 positum
509 4364 605 4423 rides
641 4365 730 4421 enim
762 4362 793 4418 in
826 4364 921 4433 quast.
954 4362 1012 4418 nat.
1051 4358 1114 4426 VII,

122 4459 161 4526 tt,
179 4462 205 4517 4.
243 4459 381 4517 Eodemne
398 4459 476 4517 modo
493 4459 536 4515 bis
556 4459 673 4515 erratum
691 4457 751 4514 est?
781 4464 786 4474 '

866 4552 915 4604 2⁴*
