2648 5084
273 315 335 379 w
490 363 498 381 ,
629 285 897 380 mmmm

106 513 116 531 '
232 513 430 579 Submmmt
451 528 504 593 pro
526 509 971 587 extremaueoevillioum
1006 527 1107 591 neque
1128 510 1254 590 aptuprr·
1302 554 1313 597 ·.÷

202 613 316 686 „sone
359 636 468 682 nomeu
511 635 610 700 neque
652 635 724 681 eum
759 615 896 680 ablativo
938 616 1086 680 ieiunio
1122 626 1255 696 oougrueu
1303 662 1315 703 s

102 811 110 828 .
188 780 191 787 f
233 725 453 795 Scribeudumz'

992 825 1102 908 Capite

434 939 540 1018 aperto
562 954 629 1001 esse
650 936 746 1009 iubet,
767 938 838 1001 aute
859 934 960 998 luoem
984 932 1127 1001 suscitat.

432 1040 546 1126 frigore
566 1045 674 1115 torret
694 1045 838 1107 venatum
861 1040 934 1105 eieit
952 1040 1069 1104 ieiunio

431 1133 568 1216 velocem,

236 1252 414 1317 Velocitatis
436 1255 583 1340 augenda
605 1275 698 1320 eausa
719 1255 874 1319 homiuem
896 1252 966 1317 oibo
988 1251 1123 1316 fraudat.

289 1343 293 1350 ’
334 1359 368 1423 Ρ.
391 1359 453 1422 458
475 1366 610 1438 (sument
633 1360 808 1426 Lucilius
829 1359 1047 1424 satirarum
1071 1357 1155 1424 libr.
1175 1354 1227 1418 ll:

318 1464 405 1545 Quod
428 1465 455 1530 si
476 1468 560 1532 nulla
581 1471 684 1550 potest
707 1467 817 1531 mulier
837 1467 902 1531 tam
924 1482 1051 1546 oorpore
1077 1463 1152 1528 duro

178 1634 187 1652 ‚
316 1590 395 1647 esse,
418 1573 522 1637 tamen
545 1575 652 1639 tenero
673 1574 855 1655 maneatque
878 1589 1007 1636 suouasa
1029 1571 1145 1635 laoerto

317 1679 348 1742 et
369 1697 479 1742 marrus
501 1679 586 1744 uberi
612 1680 739 1745 laetanti
760 1680 792 1744 iu
812 1678 932 1743 sumine
956 1676 1051 1742 sidat.

233 1783 332 1850 Soribi
352 1788 484 1866 oportet:
925 1852 928 1858 ,
1014 1836 1016 1841 ⁴

317 1889 454 1970 Quodsi
477 1891 562 1956 uulla
583 1893 685 1974 potest
705 1890 816 1956 mulier
840 1895 904 1956 tam
927 1908 1054 1972 corpore
1077 1889 1153 1954 duro

317 2015 395 2072 esse,
418 2001 522 2062 tamen
543 1999 648 2063 tenero
669 2007 770 2059 ’παπαί
796 1997 870 2081 pain
890 1996 974 2062 suou'
998 1996 1119 2060 laoerto

317 2105 349 2166 et
372 2120 481 2168 manus
502 2103 630 2184 ubertim
651 2104 779 2187 mutanti
800 2104 831 2168 iu
853 2103 973 2168 sumine
995 2101 1082 2166 sidat

235 2206 454 2292 (profundeque
486 2208 704 2290 imprimatur).
769 2208 869 2286 Quin
902 2207 1050 2275 similiter
1083 2215 1154 2289 (pro
1175 2212 1272 2288 quaml

232 2315 430 2380 restituturus
462 2333 545 2379 eram
578 2316 609 2379 iu
638 2314 751 2381 Oaeoilii
773 2315 944 2399 fragmento
967 2332 984 2378 e
1007 2313 1151 2379 Fallacia
1174 2333 1201 2398 p.
1222 2306 1272 2371 51⁶2

232 2420 286 2484 sed
308 2425 516 2503 praeeepemut
537 2421 600 2494 alii,
623 2423 732 2504 quibus
752 2420 908 2486 obeditum
930 2422 1075 2502 oportuit
1107 2417 1272 2506 [Ubertiu

231 2527 325 2591 etiam
348 2525 542 2612 Muellerus]
1103 2583 1107 2589 .

333 2632 366 2698 Ρ.
390 2631 453 2694 480
473 2634 596 2715 (mirae)
629 2633 759 2699 Varro
788 2629 1086 2699 Eumenidibus:
1135 2636 1274 2714 Hospes,

230 2737 321 2822 quid
348 2738 465 2803 miras
497 2740 624 2804 animo
656 2758 790 2805 curare
817 2739 1012 2821 Serapim?
1056 2741 1159 2819 Quid
1187 2733 1275 2825 quasi

231 2863 299 2908 uon
332 2846 443 2909 curat
475 2844 663 2910 tantidem
698 2847 942 2912 Aristoteles.
992 2845 1099 2912 ldem
1136 2847 1276 2914 eisdem:

230 2955 294 3016 aut
315 2951 447 3014 ambos
468 2950 563 3015 mira
583 2955 648 3016 aut
669 2953 748 3017 noli
770 2953 909 3019 mirare
930 2952 974 3018 de
995 2953 1147 3020 eodem.
1200 2951 1277 3017 verbs

229 3057 330 3122 idem
373 3057 518 3122 eisdem
564 3059 646 3121 recte
681 3057 846 3123 subditicio
879 3058 1067 3126 Ribbookius
1107 3066 1143 3126 et
1178 3057 1277 3126 Rima

227 3163 411 3236 iudicarunt
444 3182 597 3247 unumque
630 3183 697 3229 esse
728 3163 946 3247 fragmentum.
1018 3164 1082 3230 Sed
1117 3166 1202 3249 quod
1229 3162 1277 3247 posi

228 3269 419 3354 Scaligerum
452 3273 559 3334 curet
592 3270 749 3344 scribitur,
791 3270 858 3335 tolli
890 3271 984 3337 simul
1015 3270 1157 3339 debebat
1193 3266 1278 3357 quid.

228 3373 309 3456 quod
346 3378 463 3440 temere
498 3375 594 3441 fieret.
659 3375 809 3442 Versuum
837 3378 922 3443 uussa
948 3377 1063 3444 indieia
1095 3384 1186 3445 certa
1216 3380 1278 3442 suul-

227 3478 442 3544 Scribendum:
465 3482 628 3564 Hospes,
652 3482 741 3565 quid
763 3483 879 3547 miras
901 3483 1017 3546 atinio
1040 3485 1108 3561 (alii
1134 3488 1278 3553 nummo)

227 3602 363 3650 ourare
396 3586 588 3670 Serapim?
633 3588 748 3666 Quid,
781 3610 921 3673 queso,
955 3608 1024 3654 non
1059 3598 1177 3658 curat
1210 3595 1279 3656 tau·

226 3690 347 3756 tidem
381 3694 644 3759 Aristoteles?
707 3697 781 3760 Aut
813 3695 946 3759 ambos
978 3695 1080 3761 mira
1115 3705 1183 3763 aut
1217 3692 1278 3762 uoli

226 3796 365 3863 mirare
387 3799 429 3861 de
453 3800 527 3867 deo.
571 3800 706 3886 Vulgare
728 3801 871 3866 mendum
895 3804 944 3866 est
962 3801 995 3866 iu
1018 3806 1146 3885 quasi.

285 3889 292 3900 ’
326 3902 360 3969 P.
382 3904 445 3966 494
466 3907 568 3984 (adis)
612 3907 730 3973 Varro
765 3907 810 3971 de
845 3909 928 3973 uita
962 3911 1098 3990 populi
1138 3903 1278 3978 Romani

224 4006 292 4071 lib.
327 4008 356 4071 l:
400 4010 487 4077 Haec
520 4014 624 4088 aedis,
661 4033 731 4096 quo
768 4031 864 4077 nuno
897 4016 971 4086 est,
1008 4017 1153 4083 multis
1185 4013 1277 4082 anuis

225 4118 310 4195 post
351 4114 456 4182 facta
488 4121 540 4184 sit
577 4121 691 4204 inque
729 4119 855 4186 omnia
892 4120 1012 4204 regiis
1053 4123 1275 4211 temporibus
