2678 5016
262 280 321 344 m
619 278 879 348 mmmm

318 479 458 545 Ridicule
489 478 522 542 et
553 486 692 542 neumata
723 477 789 543 lata
817 476 953 562 Phineus
984 477 1131 560 appellat,
1152 497 1286 563 qnorum

218 604 258 675 ne
292 585 407 650 similia
434 582 558 668 quidem
581 581 742 665 quisquam
775 600 884 664 passus
917 586 992 659 erat,
1023 586 1056 650 et
1077 594 1219 648 consueto
1247 606 1285 648 ae

217 692 347 756 ordeo,
378 690 527 774 Loquitur
549 688 586 753 de
607 687 771 771 praeteritis
792 687 855 752 iam
877 690 1044 754 etsensim
1066 691 1238 756 exhaustis:

521 793 703 880 consumptio
724 812 826 859 serum
850 797 899 860 est
916 814 952 860 er
973 794 1077 860 ordine
1098 794 1172 862 fatis

354 903 520 986 ingemere.

320 1008 430 1090 (Paulo
462 1008 535 1072 ante
567 1027 595 1072 v.
629 1004 691 1068 439
723 1006 755 1070 in
781 1005 872 1068 rebar
891 1007 953 1083 eie,
985 1023 1114 1088 quornm
1136 1006 1284 1071 neutrum

219 1112 381 1179 tolerabile
403 1114 460 1188 est,
483 1114 557 1196 puto
578 1114 704 1178 subesse
724 1110 896 1195 perfeetum
919 1113 962 1188 (in
984 1112 1013 1174 ei
1032 1111 1167 1190 ondens),
1204 1111 1287 1193 quod

221 1217 415 1303 eomputandi
444 1217 694 1302 significationem
727 1217 899 1283 vicinamve
926 1217 1055 1300 babeat,
1088 1216 1144 1284 sed
1180 1216 1286 1301 ipsum

222 1343 280 1391 non
303 1324 436 1407 reperim
457 1341 530 1388 nam
552 1322 664 1407 diqeeei
684 1323 777 1389 nimis
799 1323 938 1402 discedit,
971 1323 1108 1409 decep&
1126 1341 1185 1388 non
1208 1321 1288 1388 satis

217 1431 327 1512 aptum
352 1430 422 1505 est.)

319 1533 393 1621 lbd,
408 1534 487 1599 474:

307 1641 422 1724 Teque,
444 1640 496 1716 ait
519 1641 637 1715 iniusti,
659 1657 726 1722 qua
747 1658 826 1705 nuno
847 1639 971 1722 premis,
994 1638 1041 1704 ira
1061 1638 1209 1703 Tonantis

306 1748 377 1812 ante
399 1747 650 1830 proconnesum
672 1746 798 1811 tandem
819 1747 882 1810 iam
904 1763 994 1830 paree
1016 1744 1159 1810 seneotae.

321 1851 448 1915 Haerent
468 1851 500 1915 in
525 1861 609 1918 aab:
643 1852 698 1917 sed
728 1851 811 1916 aliud
834 1852 883 1917 est
904 1849 1151 1925 incommodum
1186 1867 1287 1933 neque

219 1952 306 2019 enim
327 1954 462 2021 Phineus
484 1957 664 2036 Tonantem,
687 1957 773 2023 ouius
797 1958 875 2022 iram
909 1956 1061 2022 submisse
1092 1953 1288 2037 depreeatur,

222 2059 371 2127 iniustum
407 2062 561 2145 appellare
582 2063 693 2147 potest.
738 2062 939 2127 Scribendum
972 2065 1030 2140 est,
1062 2063 1188 2127 sublata
1218 2070 1289 2145 per·

220 2167 395 2232 mutatione
416 2185 474 2232 non
496 2185 585 2233 rara:
1125 2215 1130 2224 .

307 2272 411 2355 Teque
435 2273 489 2351 ait,
511 2273 620 2336 iniuste
641 2293 707 2357 quae
728 2295 789 2337 non
809 2274 936 2356 premis,
957 2273 1004 2339 ira
1028 2273 1189 2361 Tonantis,

306 2381 389 2455 ante,
411 2398 526 2463 precor,
549 2382 660 2446 nostra
682 2380 807 2445 tandem
832 2380 894 2446 iam
916 2397 1007 2462 parea
1028 2380 1170 2445 seneotoe.

322 2484 469 2550 Concedit
496 2486 588 2551 antea
616 2503 675 2550 non
698 2486 765 2551 siue
787 2504 879 2551 eausa
902 2487 1015 2554 iratum
1037 2484 1133 2553 fuisse
1163 2485 1286 2560 Iouem3

222 2608 304 2656 nuno
349 2592 435 2669 (iam)
471 2592 595 2656 tandem
632 2592 763 2656 seneotae
795 2591 884 2657 uenia
914 2593 950 2656 ut
990 2591 1089 2668 detur,
1133 2592 1287 2673 predatur.

205 2695 343 2760 'Premis
377 2706 447 2759 ono
481 2697 624 2779 praesenti
662 2698 799 2784 tempore
838 2696 916 2760 dixit
955 2696 993 2762 de
1027 2696 1074 2761 ira
1109 2697 1288 2763 etiamnunc

219 2802 361 2870 durante.

229 2977 230 2982 ,
323 2909 389 2974 Ibd.
413 2908 490 2972 601:
549 2992 550 2995 Ἴ
1217 2993 1219 2999 Ι

231 3090 234 3097 1
423 3014 566 3080 Proxima
584 3012 779 3078 Thermodon
801 3012 852 3077 bie
873 3013 936 3078 iam
959 3017 1042 3079 seoat
1063 3032 1145 3080 arva.

220 3121 337 3206 Opinor
357 3122 467 3187 fuisse:
492 3119 642 3183 Proxima
667 3171 673 3184 .
697 3169 705 3184 .
730 3165 736 3180 .
762 3117 841 3182 diae.
884 3178 887 3183 .

323 3226 390 3292 lbd.
413 3226 475 3288 714
496 3245 562 3309 sqq.
586 3226 636 3303 (de
658 3227 751 3315 ponto
773 3225 915 3302 Ilurinolz

322 3333 391 3398 Non
414 3332 488 3399 alibi
511 3332 616 3398 effusis
638 3332 796 3398 cesserunt
816 3330 939 3414 longius
961 3328 1051 3422 undis

321 3439 422 3515 litora,
444 3457 501 3504 nee
524 3439 628 3503 tuntas
650 3436 790 3521 quamvis
812 3437 989 3520 Tyrrhenus
1014 3440 1045 3502 et
1065 3437 1166 3523 AEgou

323 3544 427 3609 volvat
449 3563 554 3628 aquas,
575 3543 707 3628 geminis
729 3545 761 3608 et
782 3543 883 3625 desint
904 3541 1045 3627 Syrtibus
1066 3542 1167 3608 undae.

323 3647 455 3715 Secundi
476 3669 581 3716 versus
609 3650 719 3715 vitium
741 3648 940 3714 manifestum
961 3652 1025 3726 est;
1050 3648 1104 3714 sed
1125 3648 1292 3716 infeliciter

222 3772 289 3820 rem
322 3758 495 3838 gesseruut,
527 3756 579 3838 qui
609 3755 745 3838 primum
776 3774 831 3838 pro
868 3764 894 3817 et
928 3755 1024 3817 desint
1055 3753 1206 3821 violenter
1235 3775 1293 3819 nee

223 3859 319 3921 desint
340 3862 535 3942 scripsemnt,
558 3861 668 3926 deinde
691 3861 827 3946 quomode
849 3861 992 3927 certatm
1014 3862 1185 3940 tentarunt,
1208 3862 1294 3946 quod

224 3984 284 4031 non
307 3966 405 4030 solum
435 3967 619 4032 coniunctivi
642 3968 777 4044 tuentur,
809 3966 865 4032 sed
898 3968 1090 4050 apertissime
1124 3969 1293 4044 sententia,

223 4090 292 4152 quae
315 4072 379 4136 haeo
401 4075 456 4148 est,
480 4073 601 4138 etiamsi
624 4069 713 4139 alteri
734 4073 813 4140 mari
830 4072 945 4156 aliquid
967 4074 1161 4150 concedatur,
1182 4077 1295 4142 tamen
