<?xml version="1.0" encoding="UTF-8"?>
<!DOCTYPE html PUBLIC "-//W3C//DTD XHTML 1.0 Transitional//EN"
    "http://www.w3.org/TR/xhtml1/DTD/xhtml1-transitional.dtd">
<html xmlns="http://www.w3.org/1999/xhtml" xml:lang="en" lang="en">
 <head>
  <title>
</title>
<meta http-equiv="Content-Type" content="text/html;charset=utf-8" />
  <meta name='ocr-system' content='tesseract 3.04.00' />
  <meta name='ocr-capabilities' content='ocr_page ocr_carea ocr_par ocr_line ocrx_word'/>
</head>
<body>
  <div class='ocr_page' id='page_1' title='image "./ioniemadvigiiad00madvgoog_0545.png"; bbox 0 0 2656 5056; ppageno 0'>
   <div class='ocr_carea' id='block_1_1' title="bbox 155 296 870 399">
    <p class='ocr_par' dir='ltr' id='par_1_1' title="bbox 155 296 870 399">
     <span class='ocr_line' id='line_1_1' title="bbox 155 296 870 399; baseline -0.006 -40"><span class='ocrx_word' id='word_1_1' title='bbox 155 296 162 309; x_wconf 82' lang='lat'>&#39;</span> <span class='ocrx_word' id='word_1_2' title='bbox 185 309 187 311; x_wconf 82' lang='grc'><strong>’</strong></span> <span class='ocrx_word' id='word_1_3' title='bbox 252 308 314 373; x_wconf 80' lang='grc'>534</span> <span class='ocrx_word' id='word_1_4' title='bbox 541 383 542 399; x_wconf 20' lang='lat'>¹</span> <span class='ocrx_word' id='word_1_5' title='bbox 610 304 669 361; x_wconf 82' lang='lat' dir='ltr'>Lib.</span> <span class='ocrx_word' id='word_1_6' title='bbox 676 303 754 359; x_wconf 83' lang='lat' dir='ltr'>vm.</span> <span class='ocrx_word' id='word_1_7' title='bbox 765 303 830 375; x_wconf 80' lang='lat' dir='ltr'>Cap.</span> <span class='ocrx_word' id='word_1_8' title='bbox 838 302 870 356; x_wconf 82' lang='lat' dir='ltr'>V.</span> 
     </span>
    </p>
   </div>
   <div class='ocr_carea' id='block_1_2' title="bbox 210 501 1269 1758">
    <p class='ocr_par' dir='ltr' id='par_1_2' title="bbox 210 463 1322 1124">
     <span class='ocr_line' id='line_1_2' title="bbox 210 501 1266 590; baseline -0.006 -14"><span class='ocrx_word' id='word_1_9' title='bbox 210 510 375 586; x_wconf 72' lang='lat' dir='ltr'>venerum,</span> <span class='ocrx_word' id='word_1_10' title='bbox 397 505 531 572; x_wconf 84' lang='lat' dir='ltr'>Plinium</span> <span class='ocrx_word' id='word_1_11' title='bbox 553 504 625 568; x_wconf 81' lang='lat' dir='ltr'>mn.</span> <span class='ocrx_word' id='word_1_12' title='bbox 652 501 1116 581; x_wconf 78' lang='lat' dir='ltr'>(vid.Boetticheri1er.Tacio.</span> <span class='ocrx_word' id='word_1_13' title='bbox 1138 527 1170 590; x_wconf 79' lang='lat' dir='ltr'>p.</span> <span class='ocrx_word' id='word_1_14' title='bbox 1196 507 1266 584; x_wconf 83' lang='lat' dir='ltr'>no,</span> 
     </span>
     <span class='ocr_line' id='line_1_3' title="bbox 212 609 1268 697; baseline -0.004 -13"><span class='ocrx_word' id='word_1_15' title='bbox 212 618 359 684; x_wconf 86' lang='lat' dir='ltr'>Senecam</span> <span class='ocrx_word' id='word_1_16' title='bbox 391 619 451 696; x_wconf 91' lang='lat' dir='ltr'>(ep.</span> <span class='ocrx_word' id='word_1_17' title='bbox 474 613 502 691; x_wconf 82' lang='grc'>1,</span> <span class='ocrx_word' id='word_1_18' title='bbox 540 611 573 689; x_wconf 87' lang='grc'>6)</span> <span class='ocrx_word' id='word_1_19' title='bbox 608 610 809 693; x_wconf 89' lang='lat' dir='ltr'>reperiuntur.</span> <span class='ocrx_word' id='word_1_20' title='bbox 868 609 952 693; x_wconf 82' lang='lat' dir='ltr'>(lpse</span> <span class='ocrx_word' id='word_1_21' title='bbox 985 610 1036 675; x_wconf 89' lang='lat' dir='ltr'>hic</span> <span class='ocrx_word' id='word_1_22' title='bbox 1066 631 1146 679; x_wconf 80' lang='lat' dir='ltr'>neus</span> <span class='ocrx_word' id='word_1_23' title='bbox 1171 633 1268 697; x_wconf 86' lang='lat' dir='ltr'>pamm</span> 
     </span>
     <span class='ocr_line' id='line_1_4' title="bbox 211 715 1267 807; baseline -0.003 -20"><span class='ocrx_word' id='word_1_24' title='bbox 211 722 368 807; x_wconf 86' lang='lat' dir='ltr'>perspicue</span> <span class='ocrx_word' id='word_1_25' title='bbox 401 721 568 793; x_wconf 77' lang='lat' dir='ltr'>enarratur,</span> <span class='ocrx_word' id='word_1_26' title='bbox 602 717 696 782; x_wconf 89' lang='lat' dir='ltr'>etiam</span> <span class='ocrx_word' id='word_1_27' title='bbox 719 716 759 781; x_wconf 88' lang='lat' dir='ltr'>ab</span> <span class='ocrx_word' id='word_1_28' title='bbox 789 715 899 780; x_wconf 81' lang='lat' dir='ltr'>Heraeo</span> <span class='ocrx_word' id='word_1_29' title='bbox 932 715 969 781; x_wconf 86' lang='lat' dir='ltr'>ad</span> <span class='ocrx_word' id='word_1_30' title='bbox 992 717 1068 782; x_wconf 85' lang='lat' dir='ltr'>Tae.</span> <span class='ocrx_word' id='word_1_31' title='bbox 1104 719 1179 784; x_wconf 89' lang='lat' dir='ltr'>hist.</span> <span class='ocrx_word' id='word_1_32' title='bbox 1200 721 1224 797; x_wconf 84' lang='lat'>1,</span> <span class='ocrx_word' id='word_1_33' title='bbox 1243 720 1267 784; x_wconf 85' lang='grc'>9.</span> 
     </span>
     <span class='ocr_line' id='line_1_5' title="bbox 212 822 1268 908; baseline -0.002 -16"><span class='ocrx_word' id='word_1_34' title='bbox 212 825 300 908; x_wconf 85' lang='lat' dir='ltr'>Quod</span> <span class='ocrx_word' id='word_1_35' title='bbox 323 828 444 908; x_wconf 90' lang='lat' dir='ltr'>poterat</span> <span class='ocrx_word' id='word_1_36' title='bbox 465 825 508 891; x_wconf 81' lang='lat' dir='ltr'>sic</span> <span class='ocrx_word' id='word_1_37' title='bbox 530 823 607 889; x_wconf 90' lang='lat' dir='ltr'>dici:</span> <span class='ocrx_word' id='word_1_38' title='bbox 633 823 739 897; x_wconf 89' lang='lat' dir='ltr'>,Adeo</span> <span class='ocrx_word' id='word_1_39' title='bbox 766 824 823 889; x_wconf 87' lang='lat' dir='ltr'>boc</span> <span class='ocrx_word' id='word_1_40' title='bbox 855 841 914 888; x_wconf 92' lang='lat' dir='ltr'>non</span> <span class='ocrx_word' id='word_1_41' title='bbox 945 822 1013 887; x_wconf 88' lang='lat' dir='ltr'>fieri</span> <span class='ocrx_word' id='word_1_42' title='bbox 1034 828 1152 907; x_wconf 79' lang='lat' dir='ltr'>potent,</span> <span class='ocrx_word' id='word_1_43' title='bbox 1185 830 1268 890; x_wconf 88' lang='lat' dir='ltr'>utne</span> 
     </span>
     <span class='ocr_line' id='line_1_6' title="bbox 210 929 1268 1016; baseline 0.001 -19"><span class='ocrx_word' id='word_1_44' title='bbox 210 932 288 998; x_wconf 93' lang='lat' dir='ltr'>illud</span> <span class='ocrx_word' id='word_1_45' title='bbox 310 932 432 1016; x_wconf 89' lang='lat' dir='ltr'>quidem</span> <span class='ocrx_word' id='word_1_46' title='bbox 454 933 583 1014; x_wconf 83' lang='lat' dir='ltr'>poesit“,</span> <span class='ocrx_word' id='word_1_47' title='bbox 606 931 649 995; x_wconf 88' lang='lat' dir='ltr'>sic</span> <span class='ocrx_word' id='word_1_48' title='bbox 663 930 872 999; x_wconf 81' lang='lat' dir='ltr'>convertitur:</span> <span class='ocrx_word' id='word_1_49' title='bbox 896 929 963 1008; x_wconf 84' lang='lat' dir='ltr'>,Ne</span> <span class='ocrx_word' id='word_1_50' title='bbox 974 930 1054 995; x_wconf 88' lang='lat' dir='ltr'>illud</span> <span class='ocrx_word' id='word_1_51' title='bbox 1065 932 1193 1016; x_wconf 90' lang='lat' dir='ltr'>quidem</span> <span class='ocrx_word' id='word_1_52' title='bbox 1212 933 1268 998; x_wconf 87' lang='lat' dir='ltr'>lieri</span> 
     </span>
     <span class='ocr_line' id='line_1_7' title="bbox 210 1038 919 1124; baseline -0.006 -18"><span class='ocrx_word' id='word_1_53' title='bbox 210 1039 322 1124; x_wconf 79' lang='lat' dir='ltr'>potest,</span> <span class='ocrx_word' id='word_1_54' title='bbox 345 1038 419 1104; x_wconf 88' lang='lat' dir='ltr'>adeo</span> <span class='ocrx_word' id='word_1_55' title='bbox 440 1038 497 1103; x_wconf 91' lang='lat' dir='ltr'>hoc</span> <span class='ocrx_word' id='word_1_56' title='bbox 518 1056 576 1103; x_wconf 94' lang='lat' dir='ltr'>non</span> <span class='ocrx_word' id='word_1_57' title='bbox 598 1040 742 1121; x_wconf 86' lang='lat' dir='ltr'>potest.“)</span> <span class='ocrx_word' id='word_1_58' title='bbox 916 1086 919 1094; x_wconf 37' lang='lat' dir='ltr'>r</span> 
     </span>
    </p>

    <p class='ocr_par' dir='ltr' id='par_1_3' title="bbox 211 1140 1269 1758">
     <span class='ocr_line' id='line_1_8' title="bbox 312 1140 1269 1222; baseline -0.001 -14"><span class='ocrx_word' id='word_1_59' title='bbox 312 1142 378 1208; x_wconf 90' lang='lat' dir='ltr'>lbd.</span> <span class='ocrx_word' id='word_1_60' title='bbox 401 1140 439 1205; x_wconf 90' lang='lat'>31</span> <span class='ocrx_word' id='word_1_61' title='bbox 463 1144 508 1222; x_wconf 83' lang='lat'>(7,</span> <span class='ocrx_word' id='word_1_62' title='bbox 529 1142 599 1221; x_wconf 79' lang='lat'><strong>28):</strong></span> <span class='ocrx_word' id='word_1_63' title='bbox 643 1144 719 1208; x_wconf 85' lang='lat' dir='ltr'>Rex</span> <span class='ocrx_word' id='word_1_64' title='bbox 739 1144 890 1208; x_wconf 84' lang='lat' dir='ltr'>iussum</span> <span class='ocrx_word' id='word_1_65' title='bbox 914 1140 1122 1207; x_wconf 81' lang='lat' dir='ltr'>confidere</span> <span class='ocrx_word' id='word_1_66' title='bbox 1150 1144 1269 1209; x_wconf 88' lang='lat' dir='ltr'>felici-</span> 
     </span>
     <span class='ocr_line' id='line_1_9' title="bbox 211 1247 1267 1335; baseline -0.001 -23"><span class='ocrx_word' id='word_1_67' title='bbox 211 1249 308 1314; x_wconf 85' lang='lat' dir='ltr'>tatis</span> <span class='ocrx_word' id='word_1_68' title='bbox 331 1267 407 1314; x_wconf 87' lang='lat' dir='ltr'>suae</span> <span class='ocrx_word' id='word_1_69' title='bbox 430 1249 473 1313; x_wconf 91' lang='lat' dir='ltr'>ad</span> <span class='ocrx_word' id='word_1_70' title='bbox 496 1249 576 1314; x_wconf 87' lang='lat' dir='ltr'>alia</span> <span class='ocrx_word' id='word_1_71' title='bbox 598 1248 673 1315; x_wconf 88' lang='lat' dir='ltr'>eibi</span> <span class='ocrx_word' id='word_1_72' title='bbox 694 1248 741 1314; x_wconf 89' lang='lat' dir='ltr'>ad</span> <span class='ocrx_word' id='word_1_73' title='bbox 762 1248 927 1335; x_wconf 84' lang='lat' dir='ltr'>gloriam</span> <span class='ocrx_word' id='word_1_74' title='bbox 943 1247 1158 1314; x_wconf 78' lang='lat' dir='ltr'>concedere</span> <span class='ocrx_word' id='word_1_75' title='bbox 1176 1251 1267 1315; x_wconf 84' lang='lat' dir='ltr'>deos.</span> 
     </span>
     <span class='ocr_line' id='line_1_10' title="bbox 212 1353 1269 1440; baseline 0.002 -22"><span class='ocrx_word' id='word_1_76' title='bbox 212 1353 262 1419; x_wconf 85' lang='lat' dir='ltr'>Sic</span> <span class='ocrx_word' id='word_1_77' title='bbox 285 1354 357 1420; x_wconf 90' lang='lat' dir='ltr'>boui</span> <span class='ocrx_word' id='word_1_78' title='bbox 385 1355 517 1429; x_wconf 87' lang='lat' dir='ltr'>codices3</span> <span class='ocrx_word' id='word_1_79' title='bbox 549 1355 726 1438; x_wconf 87' lang='lat' dir='ltr'>interpolati</span> <span class='ocrx_word' id='word_1_80' title='bbox 758 1357 840 1422; x_wconf 90' lang='lat' dir='ltr'>recte</span> <span class='ocrx_word' id='word_1_81' title='bbox 871 1353 1083 1432; x_wconf 88' lang='lat' dir='ltr'>felicitati;</span> <span class='ocrx_word' id='word_1_82' title='bbox 1118 1376 1174 1440; x_wconf 94' lang='lat' dir='ltr'>pro</span> <span class='ocrx_word' id='word_1_83' title='bbox 1195 1357 1269 1421; x_wconf 87' lang='lat' dir='ltr'>ius·</span> 
     </span>
     <span class='ocr_line' id='line_1_11' title="bbox 212 1460 1269 1538; baseline 0.002 -13"><span class='ocrx_word' id='word_1_84' title='bbox 212 1479 293 1525; x_wconf 85' lang='lat' dir='ltr'>sum</span> <span class='ocrx_word' id='word_1_85' title='bbox 315 1460 510 1527; x_wconf 85' lang='lat' dir='ltr'>Mnetaellius</span> <span class='ocrx_word' id='word_1_86' title='bbox 532 1461 610 1526; x_wconf 89' lang='lat' dir='ltr'>bene</span> <span class='ocrx_word' id='word_1_87' title='bbox 636 1462 755 1528; x_wconf 84' lang='lat' dir='ltr'>iussit</span> <span class='ocrx_word' id='word_1_88' title='bbox 778 1480 873 1538; x_wconf 89' lang='lat' dir='ltr'>eum;</span> <span class='ocrx_word' id='word_1_89' title='bbox 895 1464 1035 1526; x_wconf 85' lang='lat' dir='ltr'>extrema</span> <span class='ocrx_word' id='word_1_90' title='bbox 1067 1463 1206 1527; x_wconf 89' lang='lat' dir='ltr'>nondum</span> <span class='ocrx_word' id='word_1_91' title='bbox 1226 1481 1269 1528; x_wconf 87' lang='lat' dir='ltr'>sa·</span> 
     </span>
     <span class='ocr_line' id='line_1_12' title="bbox 213 1565 1268 1652; baseline 0.002 -20"><span class='ocrx_word' id='word_1_92' title='bbox 213 1569 390 1647; x_wconf 78' lang='lat' dir='ltr'>natarunt,</span> <span class='ocrx_word' id='word_1_93' title='bbox 414 1587 481 1652; x_wconf 87' lang='lat' dir='ltr'>quae</span> <span class='ocrx_word' id='word_1_94' title='bbox 514 1568 559 1633; x_wconf 87' lang='lat' dir='ltr'>sic</span> <span class='ocrx_word' id='word_1_95' title='bbox 590 1567 682 1633; x_wconf 80' lang='lat' dir='ltr'>scribi</span> <span class='ocrx_word' id='word_1_96' title='bbox 703 1567 830 1633; x_wconf 91' lang='lat' dir='ltr'>debent:</span> <span class='ocrx_word' id='word_1_97' title='bbox 953 1565 1162 1635; x_wconf 82' lang='lat' dir='ltr'>felicitati</span> <span class='ocrx_word' id='word_1_98' title='bbox 1184 1589 1268 1645; x_wconf 79' lang='lat' dir='ltr'>suae3</span> 
     </span>
     <span class='ocr_line' id='line_1_13' title="bbox 212 1669 1268 1758; baseline 0.009 -24"><span class='ocrx_word' id='word_1_99' title='bbox 212 1673 309 1736; x_wconf 81' lang='lat' dir='ltr'>tolia</span> <span class='ocrx_word' id='word_1_100' title='bbox 341 1676 417 1742; x_wconf 87' lang='lat' dir='ltr'>eibi</span> <span class='ocrx_word' id='word_1_101' title='bbox 450 1674 494 1739; x_wconf 91' lang='lat' dir='ltr'>ad</span> <span class='ocrx_word' id='word_1_102' title='bbox 529 1674 695 1758; x_wconf 83' lang='lat' dir='ltr'>gloriam</span> <span class='ocrx_word' id='word_1_103' title='bbox 729 1669 937 1739; x_wconf 82' lang='lat' dir='ltr'>concedere</span> <span class='ocrx_word' id='word_1_104' title='bbox 970 1672 1070 1738; x_wconf 80' lang='lat' dir='ltr'>deon.</span> <span class='ocrx_word' id='word_1_105' title='bbox 1133 1676 1268 1742; x_wconf 81' lang='lat' dir='ltr'>Formam</span> 
     </span>
    </p>
   </div>
   <div class='ocr_carea' id='block_1_3' title="bbox 80 1777 1268 1863">
    <p class='ocr_par' dir='ltr' id='par_1_4' title="bbox 80 1777 1268 1863">
     <span class='ocr_line' id='line_1_14' title="bbox 80 1777 1268 1863; baseline 0.003 -22"><span class='ocrx_word' id='word_1_106' title='bbox 80 1794 88 1813; x_wconf 63' lang='lat'><em>⁸</em></span> <span class='ocrx_word' id='word_1_107' title='bbox 212 1779 372 1844; x_wconf 83' lang='lat' dir='ltr'>sententiae</span> <span class='ocrx_word' id='word_1_108' title='bbox 396 1780 517 1845; x_wconf 80' lang='lat' dir='ltr'>viderat</span> <span class='ocrx_word' id='word_1_109' title='bbox 537 1779 667 1863; x_wconf 81' lang='lat' dir='ltr'>Ieepius,</span> <span class='ocrx_word' id='word_1_110' title='bbox 688 1777 743 1844; x_wconf 81' lang='lat' dir='ltr'>aad</span> <span class='ocrx_word' id='word_1_111' title='bbox 755 1778 866 1844; x_wconf 89' lang='lat' dir='ltr'>incidit</span> <span class='ocrx_word' id='word_1_112' title='bbox 885 1777 918 1843; x_wconf 94' lang='lat' dir='ltr'>in</span> <span class='ocrx_word' id='word_1_113' title='bbox 942 1779 1128 1846; x_wconf 86' lang='lat' dir='ltr'>uocabulum</span> <span class='ocrx_word' id='word_1_114' title='bbox 1149 1784 1268 1848; x_wconf 88' lang='lat' dir='ltr'>minime</span> 
     </span>
    </p>
   </div>
   <div class='ocr_carea' id='block_1_4' title="bbox 210 1883 1268 3032">
    <p class='ocr_par' dir='ltr' id='par_1_5' title="bbox 211 1883 517 1967">
     <span class='ocr_line' id='line_1_15' title="bbox 211 1883 517 1967; baseline 0.013 -19"><span class='ocrx_word' id='word_1_115' title='bbox 211 1885 317 1967; x_wconf 92' lang='lat' dir='ltr'>aptum</span> <span class='ocrx_word' id='word_1_116' title='bbox 341 1883 517 1963; x_wconf 84' lang='lat' dir='ltr'>(fatalia).</span> 
     </span>
    </p>

    <p class='ocr_par' dir='ltr' id='par_1_6' title="bbox 211 1990 1268 2391">
     <span class='ocr_line' id='line_1_16' title="bbox 311 1990 1267 2073; baseline 0.005 -19"><span class='ocrx_word' id='word_1_117' title='bbox 311 1990 378 2061; x_wconf 85' lang='lat' dir='ltr'>Lib.</span> <span class='ocrx_word' id='word_1_118' title='bbox 416 1992 509 2072; x_wconf 87' lang='lat' dir='ltr'>VIII,</span> <span class='ocrx_word' id='word_1_119' title='bbox 549 1991 590 2055; x_wconf 88' lang='lat'>39</span> <span class='ocrx_word' id='word_1_120' title='bbox 630 1993 701 2070; x_wconf 86' lang='grc'>(11,</span> <span class='ocrx_word' id='word_1_121' title='bbox 745 1993 794 2073; x_wconf 81' lang='grc'>5);</span> <span class='ocrx_word' id='word_1_122' title='bbox 838 1990 913 2056; x_wconf 86' lang='lat' dir='ltr'>Hos</span> <span class='ocrx_word' id='word_1_123' title='bbox 947 1990 1046 2056; x_wconf 91' lang='lat' dir='ltr'>enim</span> <span class='ocrx_word' id='word_1_124' title='bbox 1084 1993 1267 2071; x_wconf 87' lang='lat' dir='ltr'>circuitu,</span> 
     </span>
     <span class='ocr_line' id='line_1_17' title="bbox 211 2094 1268 2183; baseline 0.006 -24"><span class='ocrx_word' id='word_1_125' title='bbox 211 2094 274 2176; x_wconf 91' lang='lat' dir='ltr'>qui</span> <span class='ocrx_word' id='word_1_126' title='bbox 306 2095 502 2177; x_wconf 87' lang='lat' dir='ltr'>fallerent</span> <span class='ocrx_word' id='word_1_127' title='bbox 528 2098 693 2172; x_wconf 83' lang='lat' dir='ltr'>hostem,</span> <span class='ocrx_word' id='word_1_128' title='bbox 736 2095 773 2160; x_wconf 92' lang='lat' dir='ltr'>in</span> <span class='ocrx_word' id='word_1_129' title='bbox 806 2114 988 2160; x_wconf 86' lang='lat' dir='ltr'>summum</span> <span class='ocrx_word' id='word_1_130' title='bbox 1020 2095 1159 2181; x_wconf 87' lang='lat' dir='ltr'>iugum</span> <span class='ocrx_word' id='word_1_131' title='bbox 1192 2101 1268 2183; x_wconf 88' lang='lat' dir='ltr'>pla·</span> 
     </span>
     <span class='ocr_line' id='line_1_18' title="bbox 212 2200 1267 2286; baseline 0.005 -22"><span class='ocrx_word' id='word_1_132' title='bbox 212 2200 324 2267; x_wconf 90' lang='lat' dir='ltr'>cebat</span> <span class='ocrx_word' id='word_1_133' title='bbox 356 2204 529 2269; x_wconf 86' lang='lat' dir='ltr'>eradere.</span> <span class='ocrx_word' id='word_1_134' title='bbox 587 2202 653 2269; x_wconf 83' lang='lat' dir='ltr'>Sor.</span> <span class='ocrx_word' id='word_1_135' title='bbox 686 2203 748 2286; x_wconf 88' lang='lat' dir='ltr'>qui</span> <span class='ocrx_word' id='word_1_136' title='bbox 775 2201 953 2286; x_wconf 80' lang='lat' dir='ltr'>falleret.</span> <span class='ocrx_word' id='word_1_137' title='bbox 1004 2201 1267 2271; x_wconf 79' lang='lat' dir='ltr'>Etvenaratboc</span> 
     </span>
     <span class='ocr_line' id='line_1_19' title="bbox 213 2295 817 2391; baseline 0.005 -20"><span class='ocrx_word' id='word_1_138' title='bbox 213 2295 331 2391; x_wconf 80' lang='lat' dir='ltr'>(proque¹</span> <span class='ocrx_word' id='word_1_139' title='bbox 353 2307 562 2376; x_wconf 74' lang='lat' dir='ltr'>Freinshemio</span> <span class='ocrx_word' id='word_1_140' title='bbox 584 2309 616 2373; x_wconf 94' lang='lat' dir='ltr'>in</span> <span class='ocrx_word' id='word_1_141' title='bbox 638 2310 817 2386; x_wconf 86' lang='lat' dir='ltr'>mentem.¹)</span> 
     </span>
    </p>

    <p class='ocr_par' dir='ltr' id='par_1_7' title="bbox 210 2413 1268 3032">
     <span class='ocr_line' id='line_1_20' title="bbox 308 2413 1189 2493; baseline 0.001 -13"><span class='ocrx_word' id='word_1_142' title='bbox 308 2414 376 2480; x_wconf 86' lang='lat' dir='ltr'>Lib.</span> <span class='ocrx_word' id='word_1_143' title='bbox 409 2415 464 2492; x_wconf 90' lang='lat' dir='ltr'>lX,</span> <span class='ocrx_word' id='word_1_144' title='bbox 500 2413 537 2477; x_wconf 88' lang='lat'>13</span> <span class='ocrx_word' id='word_1_145' title='bbox 571 2413 615 2493; x_wconf 91' lang='lat'>(3,</span> <span class='ocrx_word' id='word_1_146' title='bbox 648 2414 716 2491; x_wconf 71' lang='lat' dir='ltr'>ill:</span> <span class='ocrx_word' id='word_1_147' title='bbox 760 2414 868 2479; x_wconf 90' lang='lat' dir='ltr'>Inter</span> <span class='ocrx_word' id='word_1_148' title='bbox 898 2414 976 2480; x_wconf 87' lang='lat' dir='ltr'>haec</span> <span class='ocrx_word' id='word_1_149' title='bbox 1004 2414 1189 2482; x_wconf 88' lang='lat' dir='ltr'>Memnon</span> 
     </span>
     <span class='ocr_line' id='line_1_21' title="bbox 210 2512 1268 2607; baseline 0.008 -25"><span class='ocrx_word' id='word_1_150' title='bbox 210 2520 383 2602; x_wconf 89' lang='lat' dir='ltr'>equitum</span> <span class='ocrx_word' id='word_1_151' title='bbox 404 2521 433 2585; x_wconf 91' lang='lat' dir='ltr'>V</span> <span class='ocrx_word' id='word_1_152' title='bbox 454 2522 578 2599; x_wconf 86' lang='lat' dir='ltr'>milia,</span> <span class='ocrx_word' id='word_1_153' title='bbox 600 2512 823 2603; x_wconf 71' lang='lat' dir='ltr'>praeter&#39;eos</span> <span class='ocrx_word' id='word_1_154' title='bbox 844 2522 888 2585; x_wconf 89' lang='lat' dir='ltr'>ab</span> <span class='ocrx_word' id='word_1_155' title='bbox 909 2520 1078 2603; x_wconf 88' lang='lat' dir='ltr'>Harpalo</span> <span class='ocrx_word' id='word_1_156' title='bbox 1098 2524 1268 2607; x_wconf 89' lang='lat' dir='ltr'>peditum</span> 
     </span>
     <span class='ocr_line' id='line_1_22' title="bbox 210 2623 1268 2709; baseline 0.007 -22"><span class='ocrx_word' id='word_1_157' title='bbox 210 2623 281 2689; x_wconf 87' lang='lat' dir='ltr'>Vll</span> <span class='ocrx_word' id='word_1_158' title='bbox 315 2626 426 2693; x_wconf 89' lang='lat' dir='ltr'>milia</span> <span class='ocrx_word' id='word_1_159' title='bbox 458 2625 689 2698; x_wconf 85' lang='lat' dir='ltr'>adduxerat,</span> <span class='ocrx_word' id='word_1_160' title='bbox 722 2644 899 2709; x_wconf 86' lang='lat' dir='ltr'>armaque</span> <span class='ocrx_word' id='word_1_161' title='bbox 920 2625 1020 2689; x_wconf 86' lang='lat' dir='ltr'>XXV</span> <span class='ocrx_word' id='word_1_162' title='bbox 1050 2628 1163 2696; x_wconf 90' lang='lat' dir='ltr'>milia</span> <span class='ocrx_word' id='word_1_163' title='bbox 1184 2648 1268 2696; x_wconf 90' lang='lat' dir='ltr'>auro</span> 
     </span>
     <span class='ocr_line' id='line_1_23' title="bbox 211 2731 1267 2817; baseline 0.009 -23"><span class='ocrx_word' id='word_1_164' title='bbox 211 2731 250 2795; x_wconf 91' lang='lat' dir='ltr'>et</span> <span class='ocrx_word' id='word_1_165' title='bbox 270 2734 429 2814; x_wconf 86' lang='lat' dir='ltr'>argento</span> <span class='ocrx_word' id='word_1_166' title='bbox 451 2733 585 2799; x_wconf 86' lang='lat' dir='ltr'>caelata</span> <span class='ocrx_word' id='word_1_167' title='bbox 614 2733 839 2817; x_wconf 86' lang='lat' dir='ltr'>pertulerat</span> <span class='ocrx_word' id='word_1_168' title='bbox 883 2733 1021 2798; x_wconf 89' lang='lat' dir='ltr'>Debebat</span> <span class='ocrx_word' id='word_1_169' title='bbox 1043 2753 1131 2803; x_wconf 87' lang='lat' dir='ltr'>essa:</span> <span class='ocrx_word' id='word_1_170' title='bbox 1155 2757 1267 2803; x_wconf 89' lang='lat' dir='ltr'>armo·</span> 
     </span>
     <span class='ocr_line' id='line_1_24' title="bbox 210 2838 1267 2928; baseline 0.01 -30"><span class='ocrx_word' id='word_1_171' title='bbox 210 2853 367 2920; x_wconf 86' lang='lat' dir='ltr'>rumque</span> <span class='ocrx_word' id='word_1_172' title='bbox 488 2839 706 2905; x_wconf 87' lang='lat' dir='ltr'>caelatorum</span> <span class='ocrx_word' id='word_1_173' title='bbox 729 2840 776 2916; x_wconf 90' lang='lat' dir='ltr'>(nt</span> <span class='ocrx_word' id='word_1_174' title='bbox 796 2858 882 2904; x_wconf 88' lang='lat' dir='ltr'>arma</span> <span class='ocrx_word' id='word_1_175' title='bbox 902 2838 1171 2923; x_wconf 81' lang='lat' dir='ltr'>intelligerentur,</span> <span class='ocrx_word' id='word_1_176' title='bbox 1207 2863 1267 2928; x_wconf 86' lang='lat' dir='ltr'>quae</span> 
     </span>
     <span class='ocr_line' id='line_1_25' title="bbox 211 2942 1266 3032; baseline 0.005 -27"><span class='ocrx_word' id='word_1_177' title='bbox 211 2942 248 3006; x_wconf 88' lang='lat' dir='ltr'>ad</span> <span class='ocrx_word' id='word_1_178' title='bbox 287 2942 423 3027; x_wconf 79' lang='lat' dir='ltr'>singulos</span> <span class='ocrx_word' id='word_1_179' title='bbox 458 2943 595 3009; x_wconf 82' lang='lat' dir='ltr'>hominen</span> <span class='ocrx_word' id='word_1_180' title='bbox 629 2943 793 3009; x_wconf 88' lang='lat' dir='ltr'>armandos</span> <span class='ocrx_word' id='word_1_181' title='bbox 815 2947 1015 3028; x_wconf 85' lang='lat' dir='ltr'>pertinerent,</span> <span class='ocrx_word' id='word_1_182' title='bbox 1053 2944 1266 3032; x_wconf 74' lang='lat' dir='ltr'>Racomopea).</span> 
     </span>
    </p>
   </div>
   <div class='ocr_carea' id='block_1_5' title="bbox 89 3046 750 3116">
    <p class='ocr_par' dir='ltr' id='par_1_8' title="bbox 89 3046 750 3116">
     <span class='ocr_line' id='line_1_26' title="bbox 89 3046 750 3116; baseline 0.005 -4"><span class='ocrx_word' id='word_1_183' title='bbox 89 3096 91 3100; x_wconf 26' lang='grc' dir='ltr'><strong><em>ι</em></strong></span> <span class='ocrx_word' id='word_1_184' title='bbox 210 3046 425 3116; x_wconf 69' lang='lat' dir='ltr'>scribendum:</span> <span class='ocrx_word' id='word_1_185' title='bbox 448 3049 547 3115; x_wconf 85' lang='lat' dir='ltr'>XXV</span> <span class='ocrx_word' id='word_1_186' title='bbox 568 3050 750 3116; x_wconf 71' lang='lat' dir='ltr'>millibus.</span> 
     </span>
    </p>
   </div>
   <div class='ocr_carea' id='block_1_6' title="bbox 207 3153 1267 3559">
    <p class='ocr_par' dir='ltr' id='par_1_9' title="bbox 207 3153 1267 3559">
     <span class='ocr_line' id='line_1_27' title="bbox 310 3153 1267 3235; baseline 0.006 -19"><span class='ocrx_word' id='word_1_187' title='bbox 310 3153 378 3221; x_wconf 93' lang='lat' dir='ltr'>lbd.</span> <span class='ocrx_word' id='word_1_188' title='bbox 411 3158 450 3219; x_wconf 87' lang='grc'>41</span> <span class='ocrx_word' id='word_1_189' title='bbox 486 3155 553 3235; x_wconf 89' lang='grc'>(10,</span> <span class='ocrx_word' id='word_1_190' title='bbox 590 3156 657 3231; x_wconf 87' lang='lat'>18):</span> <span class='ocrx_word' id='word_1_191' title='bbox 704 3156 876 3222; x_wconf 88' lang='lat' dir='ltr'>Omnium</span> <span class='ocrx_word' id='word_1_192' title='bbox 911 3174 1037 3221; x_wconf 87' lang='lat' dir='ltr'>rerum</span> <span class='ocrx_word' id='word_1_193' title='bbox 1071 3158 1158 3223; x_wconf 85' lang='lat' dir='ltr'>sola</span> <span class='ocrx_word' id='word_1_194' title='bbox 1190 3159 1267 3224; x_wconf 84' lang='lat' dir='ltr'>ier·</span> 
     </span>
     <span class='ocr_line' id='line_1_28' title="bbox 208 3258 1267 3351; baseline 0.007 -27"><span class='ocrx_word' id='word_1_195' title='bbox 208 3258 302 3326; x_wconf 88' lang='lat' dir='ltr'>tilis</span> <span class='ocrx_word' id='word_1_196' title='bbox 323 3261 432 3351; x_wconf 86' lang='lat' dir='ltr'>regio</span> <span class='ocrx_word' id='word_1_197' title='bbox 455 3263 532 3340; x_wconf 91' lang='lat' dir='ltr'>est,</span> <span class='ocrx_word' id='word_1_198' title='bbox 570 3263 701 3346; x_wconf 89' lang='lat' dir='ltr'>inqua</span> <span class='ocrx_word' id='word_1_199' title='bbox 733 3261 883 3328; x_wconf 81' lang='lat' dir='ltr'>stativa</span> <span class='ocrx_word' id='word_1_200' title='bbox 904 3262 1058 3338; x_wconf 90' lang='lat' dir='ltr'>habuit,</span> <span class='ocrx_word' id='word_1_201' title='bbox 1093 3265 1136 3329; x_wconf 90' lang='lat' dir='ltr'>ut</span> <span class='ocrx_word' id='word_1_202' title='bbox 1158 3284 1267 3331; x_wconf 83' lang='lat' dir='ltr'>vera·</span> 
     </span>
     <span class='ocr_line' id='line_1_29' title="bbox 207 3362 1265 3453; baseline 0.004 -23"><span class='ocrx_word' id='word_1_203' title='bbox 207 3362 443 3434; x_wconf 79' lang='lat' dir='ltr'>tosmi&#39;litee</span> <span class='ocrx_word' id='word_1_204' title='bbox 477 3370 607 3453; x_wconf 88' lang='lat' dir='ltr'>quiete</span> <span class='ocrx_word' id='word_1_205' title='bbox 628 3369 817 3435; x_wconf 85' lang='lat' dir='ltr'>firmaret.</span> <span class='ocrx_word' id='word_1_206' title='bbox 868 3367 1052 3451; x_wconf 87' lang='lat' dir='ltr'>Corruptum</span> <span class='ocrx_word' id='word_1_207' title='bbox 1088 3390 1159 3437; x_wconf 79' lang='lat' dir='ltr'>eene</span> <span class='ocrx_word' id='word_1_208' title='bbox 1187 3371 1265 3437; x_wconf 83' lang='lat' dir='ltr'>oola</span> 
     </span>
     <span class='ocr_line' id='line_1_30' title="bbox 207 3472 1266 3559; baseline 0.004 -23"><span class='ocrx_word' id='word_1_209' title='bbox 207 3472 407 3538; x_wconf 86' lang='lat' dir='ltr'>manifestum</span> <span class='ocrx_word' id='word_1_210' title='bbox 434 3477 494 3551; x_wconf 88' lang='lat' dir='ltr'>est,</span> <span class='ocrx_word' id='word_1_211' title='bbox 532 3475 586 3541; x_wconf 81' lang='lat' dir='ltr'>sed</span> <span class='ocrx_word' id='word_1_212' title='bbox 618 3475 743 3559; x_wconf 83' lang='lat' dir='ltr'>quoda</span> <span class='ocrx_word' id='word_1_213' title='bbox 775 3474 876 3558; x_wconf 88' lang='lat' dir='ltr'>Ieepio</span> <span class='ocrx_word' id='word_1_214' title='bbox 908 3476 1067 3557; x_wconf 87' lang='lat' dir='ltr'>sumptum</span> <span class='ocrx_word' id='word_1_215' title='bbox 1102 3476 1266 3543; x_wconf 83' lang='lat' dir='ltr'>Hediciriur</span> 
     </span>
    </p>
   </div>
   <div class='ocr_carea' id='block_1_7' title="bbox 208 3701 404 3714">
    <p class='ocr_par' dir='ltr' id='par_1_10' title="bbox 208 3701 404 3714">
     <span class='ocr_line' id='line_1_31' title="bbox 208 3701 404 3714; baseline 0.02 -4"><span class='ocrx_word' id='word_1_216' title='bbox 208 3701 404 3714; x_wconf 69' lang='lat'>—-—-.---</span> 
     </span>
    </p>
   </div>
   <div class='ocr_carea' id='block_1_8' title="bbox 170 3848 1265 4202">
    <p class='ocr_par' dir='ltr' id='par_1_11' title="bbox 235 3848 1265 3925">
     <span class='ocr_line' id='line_1_32' title="bbox 235 3848 1265 3925; baseline 0.004 -18"><span class='ocrx_word' id='word_1_217' title='bbox 235 3848 257 3917; x_wconf 72' lang='grc' dir='ltr'>ι)</span> <span class='ocrx_word' id='word_1_218' title='bbox 276 3849 306 3907; x_wconf 86' lang='lat' dir='ltr'>C.</span> <span class='ocrx_word' id='word_1_219' title='bbox 324 3854 356 3908; x_wconf 80' lang='lat'>41</span> <span class='ocrx_word' id='word_1_220' title='bbox 377 3856 429 3920; x_wconf 89' lang='grc'>(11,</span> <span class='ocrx_word' id='word_1_221' title='bbox 448 3855 495 3919; x_wconf 81' lang='grc'>25)</span> <span class='ocrx_word' id='word_1_222' title='bbox 524 3855 679 3925; x_wconf 86' lang='lat' dir='ltr'>Zumptinm</span> <span class='ocrx_word' id='word_1_223' title='bbox 705 3855 808 3911; x_wconf 80' lang='lat' dir='ltr'>litteris</span> <span class='ocrx_word' id='word_1_224' title='bbox 833 3853 924 3910; x_wconf 79' lang='lat' dir='ltr'>micale</span> <span class='ocrx_word' id='word_1_225' title='bbox 950 3854 1022 3910; x_wconf 86' lang='lat' dir='ltr'>inter</span> <span class='ocrx_word' id='word_1_226' title='bbox 1039 3854 1095 3910; x_wconf 88' lang='lat' dir='ltr'>alia</span> <span class='ocrx_word' id='word_1_227' title='bbox 1113 3870 1265 3912; x_wconf 82' lang='lat' dir='ltr'>monueram</span> 
     </span>
    </p>

    <p class='ocr_par' dir='ltr' id='par_1_12' title="bbox 170 3943 1265 4202">
     <span class='ocr_line' id='line_1_33' title="bbox 276 3943 1265 4016; baseline 0.006 -19"><span class='ocrx_word' id='word_1_228' title='bbox 276 3943 445 4001; x_wconf 80' lang='lat' dir='ltr'>rcribcndum</span> <span class='ocrx_word' id='word_1_229' title='bbox 484 3963 542 4004; x_wconf 81' lang='lat' dir='ltr'>eane</span> <span class='ocrx_word' id='word_1_230' title='bbox 576 3968 633 4016; x_wconf 81' lang='lat' dir='ltr'>pao</span> <span class='ocrx_word' id='word_1_231' title='bbox 668 3948 791 4003; x_wconf 73' lang='lat' dir='ltr'>subire.</span> <span class='ocrx_word' id='word_1_232' title='bbox 854 3945 934 4016; x_wconf 82' lang='lat' dir='ltr'>Apud</span> <span class='ocrx_word' id='word_1_233' title='bbox 964 3947 1127 4003; x_wconf 80' lang='lat' dir='ltr'>Hedickium</span> <span class='ocrx_word' id='word_1_234' title='bbox 1157 3952 1265 4005; x_wconf 72' lang='lat' dir='ltr'>retenta</span> 
     </span>
     <span class='ocr_line' id='line_1_34' title="bbox 170 4037 1265 4112; baseline 0.005 -22"><span class='ocrx_word' id='word_1_235' title='bbox 170 4044 179 4062; x_wconf 77' lang='lat'><strong><em>¹</em></strong></span> <span class='ocrx_word' id='word_1_236' title='bbox 276 4051 363 4106; x_wconf 68' lang='lat' dir='ltr'>praru</span> <span class='ocrx_word' id='word_1_237' title='bbox 381 4037 499 4094; x_wconf 85' lang='lat' dir='ltr'>codicum</span> <span class='ocrx_word' id='word_1_238' title='bbox 517 4040 655 4111; x_wconf 78' lang='lat' dir='ltr'>scripturn</span> <span class='ocrx_word' id='word_1_239' title='bbox 674 4040 793 4112; x_wconf 85' lang='lat' dir='ltr'>Zumptii</span> <span class='ocrx_word' id='word_1_240' title='bbox 811 4054 908 4095; x_wconf 89' lang='lat' dir='ltr'>nomen</span> <span class='ocrx_word' id='word_1_241' title='bbox 926 4039 1095 4107; x_wconf 72' lang='lat' dir='ltr'>adaombitur,</span> <span class='ocrx_word' id='word_1_242' title='bbox 1116 4043 1265 4099; x_wconf 80' lang='lat' dir='ltr'>coniectura</span> 
     </span>
     <span class='ocr_line' id='line_1_35' title="bbox 180 4131 860 4202; baseline 0.004 -19"><span class='ocrx_word' id='word_1_243' title='bbox 180 4148 181 4151; x_wconf 43' lang='lat'>¹</span> <span class='ocrx_word' id='word_1_244' title='bbox 276 4132 403 4201; x_wconf 74' lang='lat' dir='ltr'>tanqum</span> <span class='ocrx_word' id='word_1_245' title='bbox 421 4131 542 4188; x_wconf 83' lang='lat' dir='ltr'>codicum</span> <span class='ocrx_word' id='word_1_246' title='bbox 560 4133 690 4202; x_wconf 69' lang='lat' dir='ltr'>scriptura</span> <span class='ocrx_word' id='word_1_247' title='bbox 707 4134 860 4188; x_wconf 84' lang='lat' dir='ltr'>annotatur.</span> 
     </span>
    </p>
   </div>
   <div class='ocr_carea' id='block_1_9' title="bbox 0 0 1332 5056">
    <p class='ocr_par' dir='ltr' id='par_1_13' title="bbox 0 0 1332 5056">
     <span class='ocr_line' id='line_1_36' title="bbox 0 0 1332 5056; baseline 0 0"><span class='ocrx_word' id='word_1_248' title='bbox 0 0 1332 5056; x_wconf 95' lang='lat' dir='ltr'> </span> 
     </span>
    </p>
   </div>
  </div>
 </body>
</html>
