2678 5016
251 306 311 367 172
592 300 651 356 Lib.
671 300 734 356 vll.
766 297 831 367 Cap.
850 297 871 350 1.

207 497 672 587 populnsinlioiaturad
704 494 961 578 magistratus
994 491 1265 572 conspectum,

208 609 274 691 qui
297 606 398 671 viros
421 622 558 669 vooare
580 604 727 685 potest,
748 601 785 664 in
809 615 891 664 eum
915 596 1061 668 loonm,
1084 594 1186 659 unde
1211 596 1271 660 oet.

208 712 333 794 (Vulgoz
377 711 506 794 potest
550 709 588 773 in
621 726 703 772 eum
734 706 884 780 locum.)
928 701 1056 786 [Viros
1087 700 1152 764 iam
1185 700 1268 764 Mar·

208 816 391 899 quardtius]
452 814 568 878 Eadem
616 812 729 895 pagina
780 813 916 876 extrema
957 807 988 870 in
1038 805 1270 871 enumeratione

207 939 329 997 vorum,
365 938 431 1003 qnae
469 915 583 984 Graoae
620 917 735 983 eadem
764 918 797 981 et
827 914 945 979 Latina
983 914 1072 987 sunt,
1104 929 1120 974 e
1156 910 1270 974 oodioie

208 1025 377 1091 Florentini
409 1023 547 1107 vestigiis
577 1023 710 1088 etlioitur
738 1019 911 1102 perspicuo:
941 1009 1132 1100 praterea
1159 1039 1178 1083 a
1206 1019 1270 1084 δέ·

209 1148 305 1208 ψειν
330 1131 494 1213 depaere.

308 1236 373 1299 Lib.
398 1235 456 1298 Vll
477 1254 505 1318 p.
523 1233 568 1310 ῥ79
590 1233 662 1314 post
681 1230 824 1294 lacunam
849 1228 894 1293 sio
915 1228 1112 1293 seribendum
1135 1231 1201 1292 est:

208 1360 346 1422 repens
369 1340 481 1404 ruina
503 1336 667 1419 operuit,
700 1336 754 1396 ita
775 1335 878 1417 (vulgo
901 1339 950 1412 ut)
972 1334 1131 1399 verbum
1155 1356 1272 1416 quom

209 1452 248 1523 (v.
272 1445 381 1529 quod)
414 1425 612 1509 conditum
638 1444 698 1506 est
719 1460 736 1506 e
761 1439 1072 1522 quibuslitteris
1094 1443 1272 1523 oportet,

208 1549 297 1614 inde
319 1552 403 1632 post
423 1548 460 1609 oi
481 1547 578 1628 (oodd.
601 1548 724 1611 tantum
740 1552 844 1629 poet)
866 1545 997 1628 aliqua
1018 1545 1208 1627 demptam
1230 1547 1274 1622 (v.

209 1635 360 1738 dempta
382 1654 463 1735 ait),
496 1652 699 1718 obscurior
732 1651 782 1715 fit
811 1651 990 1715 voluntas
1012 1649 1272 1731 impositoris.

209 1760 289 1823 Non
338 1758 702 1841 reprehendendum
750 1757 873 1841 igitur
916 1758 974 1821 oet.
1042 1746 1275 1833 (obscurior

209 1865 323 1940 Halm„
345 1863 549 1926 obscurius
571 1865 666 1940 Flor.)

308 1967 374 2031 lbd.
398 1987 428 2048 p.
451 1967 506 2031 80:
545 1970 607 2050 qui
628 1969 757 2035 herois
779 1968 983 2043 tritavum,
1016 1969 1172 2033 atavum
1197 1987 1273 2033 non
1318 2015 1324 2031 .

208 2072 383 2156 potuerit
415 2074 599 2156 reperire.
652 2073 720 2138 Non
743 2074 844 2157 agitur
867 2073 904 2136 de
925 2074 1093 2155 quaetione
1116 2073 1274 2156 mytholo-

208 2177 277 2261 gioa
299 2196 335 2242 en
357 2197 391 2242 eo
413 2197 535 2261 genere,
557 2179 666 2262 quibos
680 2178 936 2244 TiberiusCaesar
957 2177 1177 2261 grammaticos
1199 2195 1274 2242 vor·

210 2301 263 2348 are
286 2285 406 2350 solebat
438 2283 572 2360 (Seston.
596 2285 663 2349 Tib.
691 2284 755 2360 70),
790 2283 846 2350 sed
874 2284 912 2348 do
936 2284 1097 2349 vorborum
1130 2282 1276 2365 prosapia

211 2389 405 2470 exquirenda.
462 2389 563 2455 Codex
594 2391 694 2455 Haun.
718 2408 737 2453 a
758 2390 858 2471 prima
879 2405 989 2453 manu:
1026 2388 1089 2470 qni
1116 2388 1275 2451 erroris.

212 2491 432 2558 scribendum:
470 2496 534 2577 qui
558 2495 691 2557 uerbis
714 2495 917 2571 tritavum,
938 2496 1093 2559 atavum
1114 2511 1186 2557 non
1209 2511 1276 2574 po·

210 2598 335 2662 tuerit
357 2601 536 2680 reperire.
592 2601 712 2664 Hausta
734 2600 880 2665 litterae
904 2599 943 2663 ob
964 2598 1138 2681 praeoedens
1160 2599 1216 2672 ui,
1240 2617 1276 2663 er

205 2703 288 2765 erbis
310 2706 417 2769 natum
442 2707 490 2769 est
512 2706 598 2780 ereio,
620 2703 796 2778 temporeis
817 2705 980 2768 eterrore'o.
1003 2704 1099 2768 Paulo
1120 2706 1200 2786 post,
1223 2702 1277 2769 ubi

210 2808 377 2873 Muellerus
400 2829 453 2891 pro
477 2808 625 2870 Latina
657 2810 758 2891 posuit
775 2808 950 2893 prolato,
972 2810 1050 2874 mihi
1070 2808 1102 2872 in
1136 2812 1276 2875 mentem

210 2917 335 2978 venerat
355 2925 459 2976 naua.
502 2913 619 2979 Deinde
655 2914 785 2979 fortasse
808 2914 852 2979 sio
874 2913 1000 2998 soripsit
1028 2915 1140 2979 Varro:
1175 2934 1275 2996 prae·

210 3019 341 3082 sertim
363 3038 444 3083 oum
466 3019 573 3084 dieat
594 3019 869 3102 etymologiae,
899 3037 969 3083 non
993 3019 1163 3083 omnium
1185 3039 1275 3085 ver·

210 3122 339 3188 borum
383 3124 459 3189 dioi
493 3143 603 3207 posse
636 3143 806 3201 oausam,
850 3125 890 3187 ut
933 3122 1067 3206 aliqua
1108 3116 1275 3207 (plural)

211 3249 378 3311 quoa-ere
399 3249 437 3291 ee
457 3230 501 3294 ad
523 3229 746 3295 medendum
769 3229 968 3293 medicina
989 3228 1102 3310 (dicit).
1155 3228 1276 3294 Saltem

210 3334 377 3398 tenendum
409 3333 465 3414 est,
499 3355 557 3401 non
581 3336 619 3400 de
641 3334 757 3418 origine
789 3335 922 3400 nominis
951 3333 1112 3399 medioinae
1145 3334 1206 3418 agi,
1241 3335 1276 3397 ut

210 3435 377 3503 Muellerus
410 3441 518 3516 voluit,
554 3441 607 3506 sed
630 3458 700 3504 eum
723 3441 875 3505 medioina
896 3459 956 3505 non
978 3442 1009 3506 in
1036 3439 1177 3505 omnibus
1207 3439 1276 3503 effi·

209 3542 273 3605 oaoi
302 3563 358 3609 nee
386 3546 491 3610 omnia
517 3546 676 3611 salutifera
702 3548 828 3611 tenente
859 3545 1030 3627 eomparari
1052 3544 1274 3628 etymologioen

210 3663 269 3710 non
293 3649 396 3736 omnia
417 3650 639 3733 expedientem.

310 3753 376 3818 lbd.
401 3754 458 3818 82:
495 3756 559 3821 sed
587 3753 686 3839 quod
708 3757 771 3821 ubi
792 3754 979 3839 mysteria
1000 3753 1105 3818 liunt
1126 3755 1193 3818 aut
1213 3757 1276 3819 tu·

210 3860 612 3926 enturtuesoadiota.
656 3859 868 3935 Scrib.:sed,
906 3880 934 3943 q.
957 3859 1011 3924 ibi
1033 3877 1076 3925 m.
1098 3858 1222 3933 fiunt,
1258 3881 1277 3919 α

211 3963 347 4025 ruendo
389 3967 528 4031 tuosea
562 3966 593 4030 d.
658 3966 827 4032 Muellerus
869 3967 947 4032 miro
980 3967 1074 4033 etiam
1111 3964 1275 4049 asyndeto:
