2656 5056
333 682 343 709 ³
447 688 478 745 L.
496 688 599 744 senece
617 689 755 758 Epistole.
1024 690 1086 754 489

60 889 211 953 breuis
237 885 329 952 verbo
366 884 456 949 elteri
492 887 646 970 negationi
683 889 855 972 preposito.
922 891 993 956 Sine
1034 891 1128 955 dubio

59 994 184 1057 Seneca
216 993 395 1074 scripserat:
449 991 570 1056 Nulle
606 991 692 1056 vite
723 1011 792 1059 non
824 995 1048 1076 brevissima
1083 1005 1128 1072 er,

60 1100 94 1165 ei
119 1100 168 1163 ed
189 1103 366 1163 naturem
387 1115 515 1162 rernm
536 1100 779 1179 respexeris,
802 1100 920 1165 etiem
943 1100 1130 1166 Nestoris

61 1207 104 1268 et
126 1203 321 1279 Statilius,
344 1220 423 1285 quae
444 1203 615 1268 inscribi
635 1207 693 1270 cet.
756 1222 761 1234 ·
846 1284 847 1288 Ἰ

168 1309 225 1396 Ep.
250 1308 298 1384 78,
324 1309 360 1369 11
386 1308 465 1385 (10);
503 1308 593 1372 Inde
615 1327 787 1376 morosus
809 1315 869 1375 est
890 1311 1129 1394 stomachusp

62 1416 171 1489 inde,
198 1415 338 1498 quihus
361 1413 437 1477 luit
458 1413 641 1489 aviditas,
678 1415 804 1480 odium
826 1420 896 1481 est.
948 1416 1130 1481 Necessario

63 1525 94 1586 in
129 1520 239 1585 eedem
271 1538 304 1582 re
337 1519 394 1583 hoo
418 1518 553 1584 occidere
583 1519 644 1583 dici
676 1520 777 1585 debet.
836 1520 965 1603 Scripsit
997 1520 1128 1585 Seneca:

63 1627 162 1700 inde,
186 1625 294 1688 cuiue
315 1623 391 1688 fnit
417 1622 605 1698 aviditas,
628 1625 763 1691 odium
792 1629 859 1692 est.
904 1625 1015 1705 [ilditt.
1038 1644 1130 1709 supe·

65 1732 163 1797 riores
178 1731 256 1813 ‚inde
278 1748 297 1794 e
319 1729 455 1794 Mureto:
488 1749 646 1813 quornm
669 1731 748 1795 suit
777 1737 840 1810 en]
896 1733 1014 1797 Deinde
1049 1733 1066 1816 ξ
1091 1733 1129 1793 17

66 1835 279 1903 scribendum:
313 1853 479 1900 necesse
515 1839 632 1901 ester
664 1841 852 1920 exsurget
887 1842 924 1902 et
957 1838 1130 1903 desinet.

67 1943 182 2025 (Vulgo
203 1944 248 2005 ut
269 1960 360 2021 ers,
396 1942 459 2005 Ab:
488 1943 528 2006 et
548 1944 592 2004 ut
613 1960 704 2016 exe:
728 1994 730 1998 ,
753 1942 900 2007 Hessius:
936 1963 965 2007 o.
989 1946 1065 2018 est,
1088 1945 1132 2006 ut

67 2046 268 2130 exsurgit,
301 2050 339 2110 et
371 2047 411 2119 d,
444 2046 523 2129 quod
546 2046 676 2111 debebat
698 2066 779 2112 esse:
811 2049 869 2112 sio
902 2050 939 2112 et
966 2049 1022 2127 d).
1050 2049 1129 2112 Tum

66 2151 371 2239 §18,ubieditur:
415 2152 562 2234 Cogite,
594 2153 681 2235 qnid
702 2153 889 2224 honeste,
923 2153 1016 2237 quid
1048 2153 1134 2217 for-

67 2263 173 2326 tit'er
194 2257 359 2332 feceris:
393 2257 517 2322 bones
548 2260 683 2341 perles
719 2262 849 2325 tecum
871 2261 956 2343 ipse
979 2262 1130 2334 tracte:

67 2366 293 2432 memoriam
340 2364 378 2427 in
427 2382 485 2436 ee,
539 2383 616 2446 quae
651 2367 831 2431 maxime
864 2367 1031 2430 miratus
1074 2383 1131 2442 es,

67 2489 226 2556 sparge,
247 2470 336 2534 unius
369 2469 456 2535 verbi
477 2469 623 2533 mendum
644 2470 815 2536 tollendum
838 2473 903 2546 est:
937 2473 1027 2537 nnllee
1049 2472 1131 2537 enim

66 2578 117 2643 hic
138 2577 272 2660 perles
293 2576 420 2640 trecteri
440 2574 595 2647 iubentur,
617 2576 671 2664 sed
691 2577 795 2641 bonae
816 2587 929 2642 artes.
970 2578 1027 2659 (De
1048 2575 1069 2661 ξ
1091 2576 1130 2636 27

26 2726 29 2732 ‡
67 2682 187 2747 dictum
210 2681 267 2745 vol.
292 2682 355 2764 lp.
378 2680 420 2742 70
441 2687 494 2757 n).
915 2734 917 2737 ,

169 2788 224 2869 llp.
240 2787 299 2860 79,
335 2786 355 2847 4
378 2785 496 2868 pridem
530 2790 614 2850 certe
635 2787 848 2851 emendatione
869 2786 991 2851 sanauit
1012 2785 1134 2868 egregie

66 2912 163 2977 segur
196 2896 228 2957 el
249 2892 382 2975 prudens
404 2892 516 2985 ..homo
551 2893 720 2968 Rubenius,
753 2891 905 2957 Gronouio
934 2890 1133 2965 assentiente,

66 3001 120 3083 qui
159 2998 296 3082 scripsit:
439 2998 599 3064 etiemsi
631 3016 738 3063 nomo
771 2997 987 3062 manderet
1031 2993 1132 3073 Quid

66 3105 145 3171 tibi
169 3104 232 3177 dc,
253 3123 299 3169 ne
320 3104 469 3169 AEtnem
492 3102 696 3168 describes
717 3103 756 3167 in
778 3105 842 3166 tuo
863 3101 1053 3178 carmine,
1086 3118 1133 3164 ne

65 3211 126 3289 (sic
149 3211 200 3274 Ab
233 3214 265 3274 et
296 3210 389 3274 ceteri
410 3209 586 3275 tolerabiles
609 3228 662 3290 pro
688 3213 737 3283 et)
771 3209 870 3273 hunc
900 3207 1130 3273 sollemnem

152 3315 277 3380 locum
298 3316 500 3398 attinges?
542 3314 614 3392 (Cir.
637 3319 741 3380 nostre
762 3313 937 3380 emendatio
970 3313 1002 3376 in
1024 3311 1133 3394 quaest

65 3423 130 3486 net.
155 3420 226 3493 Vll,
258 3421 286 3495 6,
320 3419 373 3495 2.).
416 3419 478 3484 Sed
511 3420 692 3511 paulopost
724 3419 757 3505 (ξ
790 3420 823 3498 5)
857 3418 1027 3484 tollendum
1056 3414 1132 3492 sed,

65 3526 152 3610 quod
183 3526 341 3590 sententie
379 3530 544 3608 repugnet,
589 3530 690 3590 ortum
736 3545 771 3588 ex
806 3524 1006 3608 precedentis
1047 3520 1132 3586 vocis

63 3633 180 3698 ultime
200 3631 330 3716 syllibe,
362 3634 397 3695 nt
428 3632 594 3696 scribetur:
631 3649 704 3695 non
741 3630 1004 3712 preripuisse
1024 3625 1132 3691 mihi

64 3739 267 3814 videntur,
315 3755 393 3819 quse
438 3736 516 3801 diei
557 3737 760 3819 poterent,
807 3734 873 3799 sed
917 3731 1130 3814 aperuisse.

65 3842 241 3908 Multum
273 3843 445 3908 interest
477 3845 535 3907 oet.
581 3838 725 3924 ‘lnired
762 3840 800 3901 12
833 3839 900 3916 110)
934 3836 1131 3902 scribendum

66 3953 130 4015 est:
155 3967 239 4013 cum
347 3949 440 4013 caelo
472 3946 654 4012 redditus
676 3962 744 4010 sno
765 3943 886 4008 luerit
907 3952 939 4004 et
961 3963 1041 4004 cem
1062 3945 1131 4023 (pro

66 4055 204 4130 fuerit,
238 4061 333 4132 cum)
365 4053 562 4136 receperit
593 4052 741 4124 locum,
776 4066 888 4132 quem
919 4045 1132 4129 occupavit

68 4161 170 4224 sorte
185 4158 376 4224 noscendi.
389 4157 604 4224 Necessarium
612 4160 661 4220 est
669 4172 837 4239 pronomen
845 4152 1131 4219 demonstrativum.

69 4263 228 4330 Postremo
249 4264 267 4347 ᾗ
292 4265 330 4327 16
353 4266 422 4344 (14)
443 4245 567 4347 prorsus
582 4261 736 4346 sequenda
756 4261 893 4326 codicum
910 4259 975 4336 (Ab
997 4262 1029 4322 et
1050 4258 1132 4321 oete·

69 4381 185 4444 romm)
211 4373 244 4435 et
270 4369 338 4435 edd.
363 4371 479 4454 antiqq.
493 4369 661 4450 scripture:
704 4385 744 4430 se
766 4367 803 4430 et
820 4365 1033 4448 Epicurum
1055 4380 1131 4427 non

71 4476 177 4540 setis
198 4475 398 4541 enituisse
420 4476 498 4552 (heo
520 4472 667 4540 consessio
690 4475 747 4549 est,
784 4490 875 4554 quem
899 4469 1015 4535 Seneca
1036 4467 1130 4545 dicit),
