2656 5056
254 294 315 356 492
617 286 895 358 muniremur.

216 511 327 575 qoam
360 487 553 552 misisset.
597 486 778 561 (lufeliciter
801 487 934 552 Haasins
955 487 988 549 in
1014 485 1191 569 generalem
1211 502 1266 548 sen·

214 597 346 661 tentiam
369 599 460 657 certae
482 610 619 674 persona
641 610 752 656 nomen
773 593 921 669 inclusit.)

200 744 204 751 -
315 698 370 780 llp.
393 696 444 772 83,
472 698 512 761 26
539 699 609 779 (24,
631 697 820 774 vitiatur,
849 695 929 782 qued
957 697 1162 761 restituturus
1191 713 1267 768 eraut

216 804 375 886 occupavit
397 803 551 885 Hauptius
564 803 606 879 (ΙΙ
628 825 658 886 p.
682 804 745 882 14),
767 803 907 884 idemque
928 802 1070 883 proxima
1091 803 1198 874 etiam,
1217 818 1268 882 qne
1310 832 1311 835 ¹

216 929 272 994 ego
294 928 354 974 non
378 910 600 993 expediveram,
616 954 619 957 -
634 911 758 994 egregie
779 907 965 982 emendavit,
995 906 1062 970 nisi
1094 884 1178 990 quod
1207 904 1270 970 rela-

216 1017 280 1079 tiva
318 1016 469 1098 particula
503 1017 742 1098 comparationis
784 1013 874 1078 index
910 1014 1018 1078 abesse
1062 1031 1124 1076 uon
1170 1009 1267 1095 potest

159 1139 161 1143 ⁴
215 1122 323 1203 ltaque
345 1120 539 1186 scribendum
563 1123 653 1202 puto:
702 1121 748 1182 Ut
781 1121 965 1203 querulos
999 1118 1271 1198 difficilesque

217 1227 372 1292 faciunt
393 1225 539 1290 diutini
557 1227 684 1292 morbi
709 1230 768 1290 cet.
1092 1268 1096 1274 -

317 1331 371 1414 lilp.
401 1331 452 1404 84,
486 1332 515 1407 8,
548 1333 601 1397 ubi
632 1333 733 1416 agitur
755 1331 793 1396 de
826 1331 997 1396 imitatione
1029 1328 1125 1394 alieni
1157 1326 1272 1411 ingenii

216 1441 377 1522 postquam
410 1434 527 1501 Seneca
559 1437 644 1514 dixit,
682 1456 769 1510 enm,
801 1437 853 1519 qui
867 1436 1007 1517 ,aliquem
1031 1435 1186 1510 imitetur,
1217 1434 1273 1497 eius

217 1541 451 1609 similitudinem
484 1543 585 1626 potins
615 1546 651 1607 nt
671 1543 768 1607 filium
794 1560 885 1624 quam
909 1543 945 1604 ut
964 1541 1135 1623 imaginem
1158 1539 1275 1604 reddere

218 1648 337 1723 debere,
370 1650 402 1712 et
435 1647 543 1711 deinde
579 1646 730 1713 Lucilium
760 1646 1000 1730 interrogantem
1030 1645 1137 1709 finxit:
1184 1643 1275 1724 Quid

218 1757 328 1836 ergo?
350 1773 418 1818 nou
434 1752 825 1836 intelligetur,cnius
847 1751 1016 1816 imiteris
1038 1751 1277 1823 orationem,

220 1859 330 1922 cuius
363 1859 761 1942 argumentationem,
794 1857 907 1922 cuins
937 1856 1195 1921 sententias?
1216 1856 1275 1920 hec

218 1965 435 2035 subiicinutur,
457 1967 493 2028 ut
514 1964 637 2046 quidem
659 1964 729 2027 iuP
752 1964 785 2027 et
795 1963 845 2027 Ab
866 1963 1057 2027 scribuntur:
1083 1963 1185 2025 Puto
1206 1960 1279 2024 ali·

218 2069 369 2154 quando
391 2087 435 2131 ne
456 2069 635 2152 intelligi
665 2069 821 2151 quidem
843 2086 954 2150 posse
976 2070 1010 2134 si
1032 2068 1171 2150 magni
1207 2063 1279 2130 viri

218 2194 289 2241 nec
313 2174 411 2239 enim
433 2175 625 2248 omnibns,
652 2192 729 2257 quae
751 2186 794 2237 ex
815 2194 885 2258 qno
905 2175 1015 2240 velut
1038 2171 1281 2254 exemplaria

219 2282 348 2347 traxit
370 2281 448 2356 (Abz
472 2299 552 2362 qnae
574 2300 616 2345 ex
636 2298 741 2363 aequo
764 2281 892 2346 traxit
913 2282 1022 2345 velut
1044 2276 1279 2360 exemplari),

218 2389 385 2453 formam
437 2404 542 2450 suem
592 2386 802 2469 impressit
850 2391 888 2452 et
929 2387 1167 2451 invitantem
1211 2381 1282 2446 illa

218 2493 406 2575 conpetat
451 2492 532 2568 (Abz
583 2493 619 2556 et
660 2493 698 2555 iu
736 2491 908 2556 veritate
950 2491 1023 2555 illa
1054 2490 1280 2570 competat).

218 2598 357 2663 Primum
392 2600 520 2678 apparet
547 2599 580 2661 et
607 2598 646 2661 ab
673 2598 742 2661 allis
768 2597 960 2662 intellectum
982 2600 1040 2669 cst,
1063 2613 1192 2677 pravum
1216 2611 1281 2659 esse

216 2722 299 2781 nec;
343 2702 523 2784 exprimitur
557 2704 648 2780 enim,
692 2703 765 2785 quid
797 2703 868 2776 fiat,
904 2721 979 2776 uon,
1015 2701 1089 2783 quid
1123 2719 1182 2765 non
1218 2700 1280 2763 fiat

217 2809 336 2874 Deinde
372 2809 502 2892 magui
534 2809 610 2873 viri
645 2809 760 2873 mentio
791 2810 914 2874 omnino
947 2808 1048 2872 aliena
1081 2810 1146 2880 est;
1180 2806 1282 2888 agitur

220 2916 301 2980 enim
335 2913 373 2978 de
397 2931 442 2984 eo,
475 2914 559 2997 qnod
576 2914 747 2980 imitatione
769 2916 958 2998 exprimitur.
1008 2911 1213 2978 Scribendnm
1236 2911 1282 2974 ost

216 3021 368 3101 primurn:
412 3017 488 3081 trec
532 3021 635 3084 euim
787 3020 1009 3106 impressit;
1052 3019 1111 3084 hoo
1157 3017 1280 3081 invento

215 3126 321 3208 liquet,
349 3124 421 3209 qnid
446 3125 548 3190 lateat
566 3126 598 3189 in
619 3126 673 3190 illo
697 3128 829 3211 magni
851 3128 943 3202 viri;
979 3125 1040 3189 init
1059 3126 1159 3189 euim:
1184 3123 1280 3188 Puto

215 3229 449 3312 aliqnando,
471 3250 516 3295 ne
538 3232 721 3316 intelligi
751 3232 908 3314 quidem
930 3249 1060 3313 posse,
1099 3231 1131 3295 si
1153 3229 1281 3310 imcpo

214 3356 303 3398 cera
325 3335 391 3402 sit:
427 3335 504 3399 doec
537 3337 637 3402 enim
674 3338 867 3410 omnibus,
900 3356 983 3419 que
1013 3355 1056 3402 ex
1077 3355 1150 3417 quo
1173 3333 1282 3398 velut

215 3443 431 3525 exemplari
453 3444 592 3513 traxit,
623 3445 783 3508 formam
814 3461 923 3507 suam
956 3442 1170 3523 impressit
1220 3438 1281 3503 Po·

214 3550 330 3611 strema
351 3549 496 3629 quattuor
518 3549 611 3613 verba
622 3548 668 3613 sic
680 3547 840 3613 scribenda
863 3553 952 3631 puto:
975 3554 1014 3612 et
1035 3551 1192 3609 onitate
1212 3542 1283 3609 ille

215 3651 339 3734 compl
346 3672 414 3713 erra
445 3663 493 3728 rt3
528 3655 583 3719 sed
614 3653 813 3718 dubitationis
842 3654 956 3738 aliquid
978 3657 1084 3728 restat,
1120 3653 1181 3716 nisi
1202 3649 1281 3733 qnod

214 3757 393 3823 unitatis
415 3777 535 3833 nomen,
558 3759 638 3840 quod
659 3777 764 3824 omues
786 3761 902 3832 tenent,
925 3763 1042 3825 certum
1064 3761 1123 3824 est.

313 3862 368 3943 Ep.
390 3861 441 3938 85,
472 3864 559 3930 dsic
580 3865 723 3930 scribitur
744 3864 774 3928 in
797 3864 837 3929 P:
881 3865 919 3930 Si
950 3867 1018 3930 des
1040 3863 1201 3945 aliquos
1222 3861 1282 3926 ai·

213 3966 343 4032 iectus
365 3971 561 4052 sapienti,
598 3971 722 4052 impar
755 3971 840 4035 illis
868 3971 946 4036 erit
966 3970 1068 4034 ratio
1096 4017 1160 4041 ...‚
1185 3990 1285 4052 prae·

213 4071 355 4135 sertim
388 4092 472 4140 enm
504 4075 571 4140 illi
604 4093 674 4139 nen
707 4093 824 4139 unum
857 4076 1071 4152 affectum,
1104 4074 1175 4140 sed
1197 4074 1285 4140 nni-
