2654 5010
538 668 659 723 Tacitus.
1031 666 1071 727 22

63 864 322 950 significationem
346 864 530 948 detorqueri,
561 883 629 948 quae
655 862 713 929 hoc
734 865 799 929 loeo
820 864 996 946 requiritur,
1019 866 1055 926 nt
1078 880 1133 944 pro

64 991 112 1048 eo,
135 970 217 1053 quod
240 971 287 1036 est
308 970 557 1047 incuriosus,
580 969 710 1035 dicatur.
758 968 849 1035 Certa
872 972 904 1034 et
926 968 1007 1034 sacili
1031 987 1131 1032 emen·

64 1077 191 1143 datione
213 1077 406 1143 scribendum
430 1082 494 1142 est:
518 1077 747 1142 absentium
769 1092 885 1150 cacos,
916 1072 1131 1158 praesenti-

64 1185 134 1248 bus
160 1184 341 1249 mobiles.
393 1182 573 1249 Absentiam
604 1183 675 1248 cerci
706 1182 866 1264 aptissime
896 1182 1047 1255 dicuntur,
1077 1179 1129 1262 qni

64 1310 100 1354 ea
134 1309 190 1354 nec
223 1290 328 1354 vident
360 1310 417 1355 nec
449 1292 565 1369 curant,
599 1291 705 1354 eadem
738 1289 874 1372 genetivi
906 1289 1034 1362 ratione,
1071 1304 1131 1368 qne

64 1395 191 1460 Tacitus
228 1395 416 1476 pavidum
452 1396 740 1470 ostensionum,
776 1394 973 1472 laborum,
1012 1391 1130 1457 nundi

65 1501 188 1584 aliaque
212 1502 328 1567 similia
350 1501 439 1576 dixit,
472 1502 587 1567 Seneca
618 1501 807 1566 timidum
840 1500 947 1565 lncis
969 1499 1133 1576 (Horatius

64 1607 280 1690 procellae),
314 1609 510 1674 transitivum
531 1608 692 1673 adiectivis
714 1607 775 1671 vim
800 1606 981 1671 tribuentes.
1026 1605 1131 1687 ipsum

64 1732 188 1779 caecns
220 1715 266 1779 sic
299 1733 366 1779 cum
402 1715 545 1798 genetivo
575 1715 698 1796 ponitur
727 1712 805 1794 apud
836 1712 994 1776 Lucanum
1025 1710 1132 1786 Il,14

64 1824 96 1883 et
119 1818 232 1884 Silium
255 1819 400 1885 italicum
426 1822 463 1897 ll,
487 1820 557 1883 206.
616 1820 661 1884 Ex
694 1835 815 1885 caecos
848 1819 979 1900 primum
1014 1817 1132 1880 iactum

62 1942 164 1989 aecos
186 1925 314 2007 antiqua
334 1926 441 2004 forma,
466 1933 532 1992 tum
555 1944 685 2008 aequos
707 1925 871 1989 communi.

165 2029 242 2094 lbid.
265 2032 323 2096 49:
353 2034 484 2116 igitur
505 2035 696 2097 accusata
717 2029 851 2112 (Papinii
875 2034 985 2105 mater)
1008 2029 1044 2091 in
1068 2047 1133 2092 se·

61 2140 175 2212 netu,
213 2155 446 2221 quamquem
484 2158 612 2223 genua
647 2144 805 2219 patrum
844 2135 1133 2201 advolveretur

62 2243 300 2325 luctumque
321 2263 563 2310 communem
588 2239 1132 2328 etmagieimbecillumteli

61 2368 186 2429 super
209 2368 300 2414 casu
331 2353 567 2416 teminorum
596 2350 768 2415 animum
790 2350 951 2431 aliaque
973 2349 1012 2411 in
1036 2367 1132 2411 eon·

62 2456 151 2520 dem
185 2454 362 2521 dolorem
398 2459 535 2522 maesta
568 2461 606 2521 et
634 2455 865 2521 miseranda
894 2456 958 2520 diu
988 2455 1133 2531 terret,

62 2562 162 2625 urbe
195 2566 327 2627 tamen
362 2563 399 2627 in
435 2563 565 2629 decem
599 2582 722 2628 annos
752 2561 960 2644 prohibita
990 2563 1133 2624 estcet.

60 2666 174 2750 Neque
197 2661 268 2750 quid
289 2671 332 2733 sit
353 2669 393 2733 in
416 2670 591 2734 dolorem
615 2672 793 2743 maestus,
816 2668 1010 2750 intelligitur,
1035 2686 1134 2749 neque

60 2793 124 2856 qno
142 2771 292 2838 referatur
307 2776 336 2838 in
354 2774 468 2840 doloris
487 2776 633 2841 vocabulo
656 2792 822 2855 pronomen
846 2773 964 2850 idem,
988 2775 1132 2856 quoniam

60 2881 223 2961 praecessit
244 2881 428 2946 feminarum
451 2884 544 2946 animi
568 2882 692 2951 mentio,
716 2897 814 2961 neque
836 2880 960 2943 omnino
983 2898 1042 2961 qno
1065 2897 1134 2961 per·

59 2987 165 3050 tineet
186 2986 235 3051 hic
259 2985 416 3052 doloris
435 2967 559 3053 nomen.
593 2986 747 3068 Scriptum
770 2984 886 3049 luerat:
910 2986 946 3049 in
969 2984 1132 3049 eundem

60 3090 214 3165 colorem,
248 3093 304 3158 hoc
338 3098 394 3165 est,
428 3096 459 3157 in
490 3093 615 3160 eandem
647 3096 766 3174 partem
797 3090 892 3156 etad
924 3092 1054 3156 eundern
1078 3110 1133 3155 au·

61 3198 215 3262 clientium
250 3205 282 3263 et
313 3198 516 3264 iudicantium
552 3201 693 3264 allectum
729 3198 924 3263 movendum.
975 3197 1054 3261 Nam
1088 3196 1134 3260 sic

61 3306 184 3386 proprie
207 3303 264 3369 hec
286 3309 386 3383 aetate,
407 3306 540 3370 maxime
556 3305 635 3388 apud
653 3308 789 3372 oratores
805 3312 836 3370 et
852 3306 998 3377 rhetores,
1023 3302 1134 3367 color

61 3411 227 3475 dicebatur
256 3412 294 3476 de
323 3430 359 3475 eo
388 3413 498 3492 specie,
530 3430 597 3493 quae
627 3412 669 3476 rei
700 3412 730 3475 in
762 3411 908 3477 iudicium
933 3410 1071 3474 deducta
1093 3408 1132 3472 acl

62 3516 290 3582 excusationem
313 3516 583 3600 defensionemque
612 3519 652 3582 ab
682 3536 732 3583 reo
762 3518 816 3581 aut
847 3521 973 3598 petrono
1003 3517 1130 3581 induce·

65 3627 166 3688 butor.
218 3625 325 3707 ltaque
354 3622 469 3688 Seneca
491 3623 606 3689 Rhelor
628 3626 775 3706 perpetua
808 3624 1039 3696 consuetudine,
1072 3643 1133 3706 qno

62 3729 194 3812 quisque
223 3732 357 3796 colore
389 3730 420 3794 in
451 3730 660 3795 controversia
689 3729 792 3812 eliqua
822 3749 895 3794 usus
924 3733 974 3806 sit,
999 3732 1133 3812 exponit.

63 3834 130 3914 [Sic
152 3836 214 3899 iarn
238 3834 425 3915 Acidaliusss]
470 3837 530 3911 (De
553 3838 652 3901 verbis
675 3837 741 3900 diu
770 3836 897 3901 ferret
919 3837 1134 3901 dubitantibus

61 3943 224 4017 assentior,
248 3943 323 4007 certi
345 3943 422 4006 nihil
444 3944 587 4026 reperio.)

166 4058 244 4123 lbid.
268 4059 320 4136 Xl,
344 4061 384 4122 23
407 4060 602 4140 (deGallis):
635 4062 828 4127 Recentia
850 4061 945 4135 haec;
968 4060 1073 4144 qnid,
1099 4060 1132 4122 si

64 4165 255 4230 memoria
286 4186 418 4232 eorum
447 4171 649 4245 oreretur,
677 4170 743 4250 qui
771 4167 977 4250 Capitolio
999 4171 1037 4230 et
1065 4186 1134 4231 era

64 4271 236 4337 Romana
265 4274 446 4338 manibus
480 4274 694 4338 eorundem
724 4292 743 4355 p
774 4274 893 4350 (addita
916 4274 994 4338 inira
1017 4272 1130 4338 lineola

61 4383 252 4457 transversa)
275 4399 315 4444 se
338 4379 466 4444 setis?
511 4379 561 4443 Sic
583 4379 675 4444 codex
696 4380 739 4443 tl.
784 4380 819 4444 ln
841 4381 907 4446 loco
931 4381 1040 4444 misere
1063 4398 1133 4444 eor-

61 4487 155 4566 rnpto
177 4489 248 4550 ante
270 4485 373 4550 onrnin
393 4485 560 4550 tenendum
584 4489 642 4562 est,
665 4486 695 4550 in
718 4486 895 4567 pronomine
917 4504 1050 4551 eorum
1072 4501 1132 4549 non
