2648 5084
459 746 555 816 Soript
576 744 648 801 naa
667 743 736 816 Aug.
1007 740 1086 810 Μ

128 950 130 955 ’
168 946 233 1012 lid.
267 946 322 1010 18:
360 964 402 1011 ao
434 944 573 1028 populo
608 944 646 1010 R.
675 945 852 1012 diurnum
883 948 1010 1013 oleum
1043 963 1130 1032 grub

58 1055 209 1120 tuitum
243 1056 281 1119 et
309 1051 632 1118 facundissimum
669 1051 706 1117 in
749 1055 931 1119 aeternnm
961 1053 1128 1120 donauit.

61 1158 175 1225 Oleum
189 1158 374 1224 diurnumiu
396 1161 544 1224 nmmum
566 1158 672 1222 donari
684 1157 799 1240 nequit
813 1152 1035 1243 manifestoque
1057 1179 1130 1225 con·

56 1268 161 1332 traria
181 1258 334 1349 ponuntur
356 1265 459 1330 oleum
480 1249 623 1330 murnum
644 1266 679 1328 et
699 1263 783 1329 uliud
806 1265 967 1348 quiddam,
989 1266 1129 1350 quamvis

57 1392 135 1438 cum
155 1372 227 1439 oleo
248 1372 379 1437 tortasse
401 1369 607 1447 coniunctum,
639 1370 671 1434 iu
698 1374 854 1464 aternum
881 1370 1039 1439 donatum.
1061 1365 1129 1438 'Nec

60 1482 169 1546 oleum
189 1477 507 1545 fecundissimum
540 1480 595 1544 aut
614 1477 940 1543 iucundissimum
964 1480 1021 1556 (sie
1047 1481 1129 1544 cuim

60 1586 242 1670 corrigitur)
275 1587 331 1649 aut
360 1582 472 1649 datum
496 1585 619 1649 omnino
652 1583 851 1650 toieuabiiiter
880 1584 990 1649 dicitnr
1022 1588 1076 1652 aut
1096 1587 1128 1651 iu

59 1697 223 1758 aeteruum
272 1690 395 1765 (Oleum
419 1691 583 1777 iocundum
606 1692 725 1756 nullum
747 1688 817 1768 est)
861 1690 1127 1776 Subesscopinor:

58 1787 191 1891 oleum
230 1797 407 1863 diurnum
447 1816 498 1882 gr.
541 1801 581 1863 et
620 1796 747 1860 lucam
780 1795 1130 1880 profandiecimnm

57 1905 145 1987 (oleo
176 1901 337 1983 maudo)
364 1905 401 1969 iu
424 1907 605 1970 aeternum
628 1903 798 1969 donarit.
873 1936 882 1957 π.

168 2010 234 2075 Ibd.
268 2010 324 2075 tls
367 2009 554 2076 Sallustii
589 2011 817 2083 crstinum.
854 2000 926 2091 qua
958 2009 1130 2094 Micipsa

58 2117 174 2183 filios
217 2116 262 2182 ad
288 2133 436 2198 pucem
476 2115 673 2192 hortatur,
716 2116 952 2199 ingravatus
994 2119 1126 2184 morin

60 2224 227 2290 misisse
262 2222 349 2288 filio
381 2220 529 2287 dicitnr
560 2223 714 2299 maiori,
756 2222 872 2307 idque
902 2224 1053 2290 frustra
1089 2228 1125 2289 ct

60 2329 254 2395 hominem
276 2331 427 2396 tantum
450 2329 680 2395 valetudine.
724 2327 873 2394 Iordanus
896 2331 999 2396 mendi
1019 2335 1124 2397 uotam

61 2436 176 2519 posuit
198 2435 290 2500 Peter
310 2427 429 2501 lucunn
450 2438 521 2519 post
542 2435 791 2518 frustraque
813 2438 967 2503 sententia
989 2438 1033 2503 sic
1047 2438 1127 2504 crire

59 2538 216 2625 potuerit:
235 2547 272 2608 et
294 2543 483 2608 hominem
506 2544 656 2607 tautum
672 2540 1130 2619 valetudine'diviuandum
1161 2604 1167 2611 .

61 2649 250 2731 relinquens.
298 2647 514 2714 Scribendnm:
537 2652 575 2711 et
594 2648 715 2724 omine
736 2634 885 2713 tuntum
909 2648 1126 2713 valituram.

59 2754 177 2821 Omine
198 2756 330 2831 tuntum,
359 2754 431 2838 quid
454 2753 630 2819 Caracallus
643 2753 810 2836 >iugurtha
832 2754 970 2837 exemplo
992 2754 1127 2821 facturus
1253 2809 1258 2819 .

60 2862 156 2931 esset
180 2860 278 2926 valuit
291 2861 397 2929 oratio
417 2861 532 2937 missa,
563 2859 639 2923 nihil
662 2861 810 2942 preterea
831 2862 955 2944 profuit.
998 2862 1128 2928 Homi-

62 2985 131 3032 nes
153 2984 207 3048 pro
230 2968 358 3033 omine
379 2967 522 3032 scnbitm
543 2965 575 3028 in
598 2965 759 3031 codicibus
776 2982 803 3031 c.
826 2965 877 3033 22.

166 3073 234 3139 lbd.
259 3074 317 3138 22:
361 3074 454 3138 Post
486 3088 632 3137 murum
662 3071 757 3154 apud
793 3073 939 3139 vallum
970 3075 1128 3141 missura

60 3182 102 3245 in
125 3180 337 3245 Britannia
358 3195 440 3244 cum
469 3177 514 3243 ad
536 3177 752 3261 proximam
779 3181 1016 3247 mansionem
1046 3182 1129 3246 red·

61 3285 162 3350 iret.
204 3291 262 3351 cet.
319 3284 401 3366 Quid
432 3286 474 3349 sit
516 3303 636 3348 murum
679 3283 803 3348 mittere
832 3287 863 3349 ct
895 3302 1017 3353 murum
1050 3289 1128 3371 apud

61 3390 181 3455 uallum
218 3392 352 3469 mittere,
388 3392 494 3474 ignoro
530 3392 562 3453 et
593 3389 753 3472 ignorant,
789 3392 825 3454 ut
860 3392 974 3475 opinor,
1010 3409 1129 3459 mecum

60 3498 169 3561 ceteri.
217 3496 344 3562 Codices
377 3496 453 3561 mire
475 3514 659 3562 maurum.
715 3495 859 3579 Suspicor
880 3498 992 3562 fuisse:
1034 3499 1130 3564 Post

61 3613 219 3664 tauram
256 3604 515 3681 (Postaurum)
552 3603 650 3685 apud
687 3602 835 3667 vallum
867 3604 1052 3680 missum,
1095 3608 1130 3669 dt

59 3706 256 3794 significetur
276 3713 434 3775 teutonum
456 3711 612 3773 certamen
633 3708 677 3772 ibi
704 3708 856 3787 ‘habitum
902 3708 1040 3773 Mittitur
1060 3715 1129 3775 tau·

62 3835 118 3881 rue
142 3835 158 3881 e
181 3834 275 3882 cavea
297 3817 329 3880 iu
351 3831 491 3899 arenam3
520 3815 591 3878 hiuc
611 3814 726 3879 locutio
748 3818 821 3880 nata
842 3816 880 3880 de
904 3834 950 3891 ec,
972 3816 1023 3898 qni
1046 3816 1130 3880 eius·

63 3922 149 3988 modi
172 3923 259 3988 ludus
281 3923 396 3993 faceret
417 3921 693 4003 committeretque.
814 3905 816 3911 ’

167 4028 251 4094 clod.
275 4028 378 4118 Albin.
406 4029 422 4089 i
451 4027 503 4103 (de
524 4025 673 4108 Septimio
694 4023 804 4092 Severo
827 4029 859 4091 et
880 4026 1015 4103 Clodiu):
1060 4027 1129 4093 Sed

63 4138 148 4200 cum
186 4134 290 4199 alter
322 4134 491 4198 aiterum
513 4132 791 4215 indignaretur
824 4133 1037 4216 imperare·
1062 4153 1131 4199 nee

62 4240 175 4307 Gelli
197 4240 301 4305 ferre
318 4241 484 4322 ‘possent
512 4240 580 4302 aut
603 4236 897 4303 Germaniciani
921 4239 1130 4314 exercitus,

63 4347 166 4431 quod
188 4349 226 4411 et
256 4347 336 4430 ipsi
369 4364 478 4411 snum
511 4343 727 4427 specialem
764 4343 980 4426 principem
1013 4344 1130 4408 habe»

63 4456 170 4528 rent,
202 4452 371 4536 undique
403 4454 544 4518 cuncta
565 4441 728 4516 turbata
748 4453 850 4515 eunt.
906 4448 1003 4514 Scrib.
1025 4466 1130 4515 ueces-

63 4559 162 4626 saric:
194 4559 285 4642 quio
308 4562 346 4624 et
365 4559 449 4642 ipsi.
507 4558 659 4623 Volebant
689 4555 802 4640 stipsi
830 4575 888 4622 uon
912 4557 1013 4622 minus
1035 4568 1127 4639 quum
