2626 5070
450 723 456 748 ,y
483 639 603 722 Velleius
621 667 725 725 Patere.
1035 672 1093 733 311

171 864 240 930 lbd.
274 864 344 938 118,
377 867 410 928 l:
447 884 543 931 nunc
574 868 829 951 provocantes
851 868 951 934 alter
971 871 1138 936 alterum

84 971 230 1046 iniuria,
264 989 361 1035 nunc
391 973 551 1057 agentes
580 974 747 1057 gratias,
784 973 881 1056 quod
908 994 950 1039 ee
971 975 1139 1042 Romana

82 1076 237 1142 iustitia
257 1077 405 1142 finiret.
448 1078 518 1142 Non
541 1078 683 1161 congruit
704 1096 747 1144 ea
768 1079 870 1162 (plur.)
890 1100 960 1144 curn
982 1082 1137 1157 iniuria;

80 1199 127 1247 nec
149 1181 301 1248 Germani
324 1183 404 1267 apud
427 1183 612 1264 Quintilium
635 1184 751 1249 Varum
772 1186 882 1251 iniuria
905 1186 987 1252 iuter·
1009 1209 1041 1253 se
1069 1208 1139 1272 pro·

78 1287 232 1366 uocabant,
266 1288 322 1353 sed
344 1288 381 1354 de
402 1290 529 1363 iniuriis,
553 1307 629 1372 quas
651 1296 723 1354 aute
744 1290 848 1356 illatas
871 1291 1031 1372 dicebant,
1065 1295 1136 1360 lites

77 1394 221 1459 serebant.
267 1393 336 1460 Una
356 1397 461 1461 littera
492 1395 635 1461 addenda
657 1398 720 1461 est:
749 1401 1000 1478 provocantes
1036 1402 1138 1465 alter

76 1498 238 1567 alterurn
261 1502 299 1561 in
322 1501 461 1585 dorcic.
503 1501 601 1566 Paulo
622 1502 694 1583 post
716 1504 749 1581 (ξ
772 1501 803 1579 2)
826 1521 923 1586 neque
944 1505 1025 1570 iure
1045 1508 1136 1571 civi·

74 1606 163 1672 tatis
186 1606 291 1672 Rom.
325 1624 424 1691 neque
457 1626 537 1672 cum
567 1607 648 1672 iure
674 1606 849 1687 civitatis
871 1609 907 1672 R.
943 1611 1001 1676 ius
1025 1631 1137 1695 eque·
1232 1598 1237 1608 ’

75 1713 162 1776 stris
185 1730 419 1795 consequeus
441 1713 579 1797 gradus
601 1713 674 1778 ferri
695 1715 804 1796 potest,
829 1733 866 1778 na
888 1715 989 1798 ipsum
1012 1715 1135 1799 quidem

75 1817 284 1900 deaequescis
303 1819 421 1902 orodes
441 1839 496 1902 pro
519 1820 652 1903 equestri
673 1820 785 1903 gradu3
809 1826 897 1897 (nam
919 1821 985 1883 iare
1009 1822 1137 1884 civitatis

77 1924 119 1988 est
152 1943 189 1988 co
229 1925 315 2001 iure,
357 1925 437 2008 quod
470 1926 578 1990 civitas
615 1925 693 2004 dat),
738 1924 868 1991 Videtur
904 1926 1013 1992 fuisse:
1055 1928 1137 1992 iure

78 2028 186 2092 etiarn
216 2029 393 2096 civitatis
425 2033 599 2097 Romanae
633 2032 747 2094 dacus
780 2033 974 2115 equestris
1005 2052 1137 2097 conse·

77 2152 186 2215 quens
220 2135 380 2218 gradus,
417 2137 476 2202 hoe
511 2140 568 2215 est,
601 2138 630 2200 ei
661 2139 826 2222 proximus.
879 2137 959 2202 Nam
988 2139 1031 2202 ita
1063 2139 1134 2202 ferri

78 2256 308 2340 consequeus
340 2244 457 2325 potest;
494 2243 606 2325 alioqui
643 2261 714 2308 cum
746 2243 873 2309 Heinsio
906 2250 1133 2310 consecutus

79 2345 161 2410 scribi
184 2345 325 2413 debebat.
368 2347 432 2431 [Sic
454 2348 674 2432 Burmannus]

168 2451 238 2515 Ibd.
263 2454 333 2532 119,
356 2454 390 2518 2:
419 2455 621 2520 Exercitus
728 2454 1032 2533 circumventus,
1055 2477 1135 2522 cum

79 2571 114 2620 ne
145 2558 341 2641 pugnandi
363 2559 516 2643 quidem
550 2561 709 2644 egredi'e
738 2563 802 2626 aut
834 2561 1065 2636 occasionis,
1099 2562 1135 2625 in

79 2665 250 2741 quantum
279 2666 494 2742 voluerant,
529 2666 618 2731 data
651 2670 759 2733 esset
789 2666 985 2740 immunis,
1014 2667 1136 2729 casti·

77 2769 167 2847 gatis
192 2770 309 2835 etiam
345 2771 576 2854 quibusdam
597 2774 706 2856 gravi
727 2792 851 2855 poena,
889 2771 976 2854 quia
998 2768 1136 2835 Rorna-

78 2872 128 2936 uis
149 2876 187 2939 et
209 2877 324 2947 armis
346 2879 384 2941 et
404 2877 545 2942 animis
568 2878 628 2942 usi
649 2878 830 2952 fuissent,
868 2877 1040 2956 inclusus
1063 2877 1136 2941 sil·

77 2979 127 3044 uis
237 2981 458 3047 trucidatus
480 2984 547 3047 est.
594 2984 639 3046 Er
660 2983 803 3067 vestigiis
820 2983 959 3048 codicum
983 2982 1133 3047 efficitur:

77 3102 147 3150 cum
170 3105 216 3153 ne
237 3086 439 3171 pugnandi
471 3088 624 3170 quidem
648 3089 917 3172 oyredieodioe
943 3090 1009 3152 aut
1031 3110 1134 3150 occe-

74 3195 120 3255 eio
151 3196 219 3269 iis,
262 3194 299 3258 iu
333 3196 519 3276 quantum
552 3194 772 3272 voluerant,
806 3194 897 3258 data
932 3197 1038 3259 esset
1070 3205 1134 3255 aot

73 3298 284 3381 impunitae,
307 3300 514 3383 castigatis
537 3302 652 3366 etiam
674 3302 731 3365 cet.
770 3299 913 3384 Singulas
936 3301 1131 3365 correctionis

72 3407 169 3484 partes
192 3404 247 3469 alii
269 3406 444 3471 coniectura
465 3407 645 3491 attigerunt,
668 3424 757 3471 nemo
779 3408 888 3471 totam.

164 3511 232 3577 Ibd.
258 3511 329 3591 125,
351 3512 385 3575 4:
430 3509 507 3590 Quo
540 3511 689 3595 quidem
711 3514 901 3594 ternpore,
940 3513 980 3574 ut
1003 3510 1133 3592 plera·

72 3635 134 3698 que
156 3617 296 3700 ignave
321 3616 588 3693 Germanicus,
621 3618 676 3682 ita
702 3617 866 3694 Drusus,
900 3618 961 3700 qui
984 3616 1132 3699 epatre

70 3723 104 3788 iu
135 3723 175 3789 id
211 3724 336 3805 ipsum
375 3725 542 3806 plurimo
575 3723 726 3806 quidem
757 3724 845 3807 igue
880 3721 1134 3786 emicansiu·

71 3830 245 3896 caudium
267 3830 455 3896 militaris
477 3828 674 3895 tumultus
696 3829 837 3894 missus
861 3831 961 3904 erat,
1001 3825 1133 3909 prisca

70 3937 301 4021 antiquaque
323 3935 549 4001 severitate
571 3953 661 4000 rusus
684 3934 874 4018 ancipitia
896 3933 1130 3999 sibitimere

71 4059 173 4123 quam
204 4043 378 4125 exemplo
410 4041 637 4126 perniciosa
669 4042 706 4105 et
739 4040 801 4104 his
834 4039 934 4121 ipsis
963 4037 1131 4102 militurn

72 4146 232 4227 gladiis,
265 4148 402 4232 quibus
424 4150 611 4214 obsessus
643 4148 740 4222 erat,
773 4145 1003 4211 obsidentes
1026 4160 1132 4207 coer·

15 4262 22 4297 ⁸
73 4253 154 4318 cuit.
209 4253 276 4334 Quo
298 4255 428 4333 invenis,
462 4273 532 4319 cum
565 4253 628 4319 solo
650 4250 826 4317 Ruhnkeirii
855 4251 992 4332 exemplo
1015 4247 1131 4321 utebar,

40 4374 48 4414 o
73 4351 189 4424 iuuenta
200 4359 391 4444 megaudere
402 4359 561 4440 meminii
568 4359 771 4444 gnoritpro
784 4358 794 4422 i
801 4375 935 4442 grave,
944 4355 1132 4438 praeceperat
