2662 5046
254 116 317 189 m
614 93 914 186 mmmm'

213 324 425 393 vetantem
447 332 521 381 nem
544 313 651 383 neure
672 333 829 384 urrnoruru
850 331 910 382 non
931 315 989 389 est,
1015 331 1073 380 neo
1093 317 1207 393 notari,
1231 318 1290 384 sed

214 421 284 486 tolli
293 421 542 490 intercessionem
562 421 781 503 querebantur.
818 420 937 487 Deinde
958 438 1018 486 non
1039 421 1176 489 tollendo
1198 424 1290 506 pluro

214 529 318 606 verbu,
341 527 407 606 sed,
428 531 463 594 ut
485 527 637 597 contrarie
658 526 783 594 interne
796 526 908 592 uuerbe
925 525 1107 603 referuntur,
1128 528 1284 606 addenda,

213 652 280 716 quae
291 637 369 723 post
381 634 441 700 nis
463 633 599 710 (annis)
613 631 703 699 fsoile
718 631 841 709 excidit
856 631 1046 714 praepositio:
1067 652 1151 716 quse
1173 653 1287 718 supe·

213 739 387 805 rioribus
402 739 510 804 annis
521 736 1062 820 (primoipsiusPornpeiioonsulutn)
1074 739 1156 804 eine
1167 741 1285 811 ermis

213 847 318 911 esset
350 844 553 911 restitute.
577 841 645 926 [Sio
665 840 886 924 Hotomanus]
911 843 1019 919 (Paulo
1033 846 1106 926 pest
1125 864 1184 930 ego
1206 867 1285 931 que·

213 967 272 1032 que
286 949 491 1015 oonisoerum:
514 949 658 1017 emisse
679 947 906 1014 restituisse
920 948 1099 1015 uidentur
1115 951 1163 1014 bo
1176 957 1284 1033 na.)¹)

312 1054 380 1120 lbd.
403 1054 458 1119 22:
490 1054 548 1120 uti
569 1073 612 1120 se
634 1072 653 1118 s
674 1054 925 1119 eontumeliis
947 1054 1196 1123 inimieorum
1218 1058 1285 1125 de·

213 1159 412 1240 tenderet,
445 1164 489 1229 ut
511 1159 846 1243 tribunusplebis
867 1159 907 1224 in
928 1177 1030 1225 eure
1054 1178 1098 1226 er
1119 1163 1284 1233 civitate

213 1267 398 1349 expulsos
434 1266 472 1331 in
503 1285 607 1333 susm
638 1265 874 1350 dignitatem
900 1266 1144 1334 restitueret.
1190 1270 1283 1354 Inep-

212 1370 371 1439 tissimum
405 1373 454 1438 est
477 1372 519 1436 in
546 1392 588 1438 eu
610 1371 875 1450 renouetur,
907 1371 990 1455 quod
1021 1373 1193 1455 superiores
1216 1376 1282 1442 edi·

212 1479 295 1542 tores
316 1479 421 1544 eontrs
442 1478 561 1545 oudinus
572 1481 745 1561 posuerant,
768 1496 811 1545 es
836 1496 893 1556 re;
915 1480 1020 1546 utrum
1041 1477 1125 1544 enim
1147 1480 1188 1546 ob
1210 1500 1282 1548 oon·

213 1584 358 1649 turnelios
379 1584 574 1653 inimieorum
595 1583 725 1653 cesarie
746 1605 785 1651 un
807 1585 847 1669 ud
868 1583 1020 1651 Censurem
1042 1601 1062 1651 u
1082 1587 1280 1656 contumeliis

212 1686 459 1754 defendendum?
471 1690 573 1756 Caesur
583 1690 715 1774 scripsit:
727 1691 902 1757 tribunes
917 1690 964 1774 pl.
976 1692 1124 1753 iniuria
1136 1709 1179 1757 sr
1191 1693 1281 1759 oiri·

213 1794 297 1857 tute
313 1795 504 1877 expulsos.
529 1795 775 1880 [sternamus]
793 1794 900 1878 (Apud
912 1795 1091 1865 ciceronem
1102 1816 1159 1878 pro
1172 1798 1280 1866 Fluooo

214 1899 253 1961 77
276 1902 358 1984 quod
379 1921 415 1967 er
435 1903 582 1968 iniuria
603 1902 721 1969 suetum
743 1903 811 1968 erut
843 1900 880 1965 in
903 1900 1026 1978 eurio¹
1062 1904 1135 1967 unte
1160 1904 1280 1971 -multos

212 2023 308 2072 annos
330 2009 466 2089 oorreri.)
518 2009 635 2075 Eodem
658 2009 759 2090 cupite
781 2007 871 2091 puulo
891 2007 964 2088 post
985 2005 1150 2076 seribiturr
1183 2011 1279 2077 eden

212 2129 300 2178 esse
322 2115 556 2196 perterritos
589 2114 816 2191 nonnullos,
850 2113 891 2176 ut
923 2131 997 2177 suae
1029 2112 1119 2180 uitae
1142 2115 1280 2182 durius

213 2220 420 2288 consulere
452 2224 647 2305 eoguntur.
705 2218 909 2286 Soribendum
931 2220 980 2284 est
1002 2229 1201 2299 conentur,
1228 2222 1282 2288 hoe

213 2325 270 2399 est,
293 2330 328 2392 ut
348 2328 548 2403 meditentur,
582 2328 619 2392 ut
640 2325 673 2391 in
696 2343 731 2392 eo
752 2326 803 2402 sit,
836 2326 873 2389 ut
892 2325 1055 2392 consulent
1074 2325 1132 2403 (de
1153 2328 1280 2394 oonsilio

213 2430 336 2496 effectui
357 2435 548 2517 propinquo),
569 2436 605 2496 ut
629 2422 763 2514 persaepe
784 2432 842 2497 huo
863 2429 957 2499 aetute
978 2431 1110 2496 oonuri
1143 2435 1281 2515 pontem

212 2536 273 2604 vid.
293 2537 344 2604 hio
365 2558 391 2604 o.
415 2540 465 2617 20,
483 2539 554 2604 cie.
571 2538 657 2603 Verr.
668 2538 727 2614 ΙΙΙ,
740 2538 777 2611 l,
800 2536 839 2614 V,
863 2536 912 2614 11,
934 2535 1008 2604 Irael.
1034 2535 1084 2615 16,
1106 2538 1197 2607 Brut.
1211 2538 1282 2617 292,

212 2642 333 2710 Lueret.
355 2641 383 2723 Ι,
405 2645 456 2724 25,
478 2645 549 2708 937.
595 2644 664 2729 [Sio'
684 2644 747 2709 ium
773 2640 952 2726 Gruterus]

213 2850 412 2857 ...Ἢ-.-

233 3003 253 3070 ¹)
284 3000 376 3070 Cup9
396 3002 424 3054 iu
443 3003 597 3054 transcursu
615 2999 643 3053 in
661 2999 815 3053 memorium
826 2996 954 3052 revoenbo
972 2996 1108 3052 immerito
1123 2999 1277 3067 neglectum

282 3094 454 3241 Εἱῑιοτὲίιίξίἱ,
472 3091 658 3239 sedulisbulim
676 3095 705 3146 et
718 3091 798 3145 eunici
813 3091 877 3196 rinei,
897 3092 943 3234 (etf
954 3092 1018 3194 unte
1036 3105 1097 3234 signu
1116 3090 1281 3235 Homeri)

282 3204 393 3241 emens
418 3203 557 3241 onemrsr
587 3199 910 3254 rsemperprrmum
945 3196 1038 3235 ursse
1078 3197 1156 3252 rgnr
1180 3199 1198 3236 u
1222 3199 1281 3238 em.

282 3279 353 3334 Num
372 3280 404 3333 ds
423 3278 535 3333 Caesnris
562 3279 649 3347 ipsius
677 3277 810 3346 dignitate
839 3279 929 3344 (quern
952 3274 1055 3343 noricio
1082 3276 1111 3328 et
1138 3273 1280 3330 Gallorum

283 3390 334 3426 usu
352 3373 479 3427 honorem
498 3371 676 3440 appellemus)
694 3369 740 3437 ngi
756 3369 881 3430 olumunt,
903 3383 961 3436 qun
980 3365 1169 3422 subiiciuntur.
1209 3367 1280 3433 (cfr.

284 3465 347 3521 bell.
366 3465 441 3521 Alex.
460 3467 490 3518 8:
516 3461 737 3532 qniprimnrn
755 3460 968 3530 dignitatem
985 3459 1175 3526 heberent.)
1213 3460 1282 3530 Cup.

285 3561 318 3612 14
328 3559 396 3612 extr.
408 3555 553 3622 Rubenius,
572 3554 797 3624 prudentissimus
807 3552 928 3624 alioquin
946 3552 1033 3617 horno,
1052 3551 1197 3609 uberrurit.
1218 3553 1282 3608 Non

283 3650 380 3703 eironm
407 3647 528 3704 iumilius
557 3645 754 3716 (gladiatorium
783 3650 928 3700 conuentus
960 3645 1112 3714 Campanis
1145 3644 1283 3701 Lentulus

283 3740 447 3811 gladiatores
472 3741 585 3797 Coesuris
611 3739 738 3794 custodis
763 3754 844 3793 ceusu
873 3738 967 3792 divisit
994 3742 1090 3806 (nsque
1117 3740 1191 3792 enirn
1215 3737 1280 3792 ullor

283 3836 429 3889 conventus
446 3832 555 3888 familie
573 3835 657 3894 erunt,
685 3835 714 3886 et
731 3833 842 3887 minime
870 3834 933 3890 tute
958 3845 989 3885 ee
1011 3829 1134 3885 eustodiu
1160 3829 1283 3900 inisset),

284 3926 331 3981 sed
352 3926 451 3980 circum
468 3925 613 3980 familiares
631 3942 701 3990 suos,
719 3926 768 3999 qui
784 3925 815 3980 in
831 3922 880 3982 illo
900 3926 1033 3978 eonventu
1051 3924 1135 3976 ersnt.
