2626 5070
432 696 556 753 Valerius
573 699 645 757 linx.
965 702 1027 768 335

41 894 213 971 orobsudo,
229 973 234 980 ⁸
251 894 332 979 quod
364 895 508 963 Halmius
542 898 656 981 posuit,
687 899 774 964 nulla
806 900 966 978 sententis,
1000 921 1068 987 quse

41 999 176 1068 ruiusmodi
198 1019 267 1067 csse
283 1002 386 1079 debet
408 1002 597 1086 scriptorem,
618 1003 699 1086 qnod
714 1004 857 1069 omittere
878 1024 937 1070 non
958 1009 1068 1089 possit,

41 1107 167 1173 scimtm
204 1126 240 1173 eo
271 1108 438 1173 sustentari
471 1107 600 1184 debere,
639 1109 719 1192 quod
752 1110 832 1176 sciat
868 1129 902 1176 se
933 1110 1067 1178 libenter

41 1211 147 1292 lterum,
168 1215 205 1278 ut
227 1213 350 1299 egregia
371 1213 454 1284 iacta
474 1215 588 1289 laudet,
610 1215 720 1280 fucore.
762 1216 859 1282 Recte
880 1215 977 1300 igitur
997 1218 1066 1282 inB

41 1316 102 1384 ltcra
122 1337 216 1384 manu
237 1319 426 1402 probandi
447 1319 604 1396 scribitur;
631 1320 688 1386 sed
711 1338 771 1385 una
790 1324 940 1404 praterea
961 1323 1067 1390 littora

41 1425 150 1489 uuanda
172 1428 235 1490 cst:
270 1423 356 1490 dum
377 1426 561 1507 praeclara
589 1426 763 1491 libenter
782 1426 979 1508 probandi
1000 1447 1066 1494 ue·
1164 1475 1176 1497 .

41 1531 176 1595 rosaria
197 1530 380 1593 narranti
397 1531 644 1597 conscientia
665 1551 738 1598 non
760 1531 876 1597 desit.

99 1636 167 1701 lbd.
198 1637 235 1699 11
263 1636 299 1701 Ε.
335 1638 368 1703 4.
405 1635 531 1701 Certum
561 1640 618 1716 est,
641 1637 799 1703 Valerium
830 1635 994 1703 Fabiorum
1026 1637 1065 1702 ad

41 1757 177 1806 remoram
205 1740 324 1807 cladem
347 1743 379 1807 et
399 1743 482 1809 diem
506 1743 679 1809 Alliensem
700 1761 760 1808 non
783 1741 965 1820 confudisse,
986 1759 1066 1826 prae·

41 1845 108 1911 utim
134 1848 167 1912 in
196 1846 339 1931 diligenti
375 1849 606 1914 enumeratione
637 1847 770 1914 cladium
798 1846 1062 1923 memorabilium

41 1950 165 2033 uipsernt
200 1955 324 2018 autem:
373 1956 411 2019 et
445 1955 709 2020 trecentorum
743 1953 898 2018 inclitae
931 1952 1065 2037 gentis

41 2055 172 2122 irorum
205 2059 339 2144 strage
365 2058 566 2125 foedatum
594 2058 751 2143 [omnem
777 2057 822 2141 et]
845 2058 1061 2122 Alliensem

41 2160 99 2227 iem
135 2167 174 2230 et
210 2183 416 2248 oppressos
457 2163 496 2229 in
528 2164 720 2248 Hispania
758 2162 961 2246 Scipiones
1004 2164 1062 2228 oct.

42 2265 141 2333 llll
162 2269 204 2335 ad
225 2269 317 2335 ΑΜ,
338 2270 493 2339 aberravit
510 2271 628 2359 librarii
650 2268 765 2335 oculus.

99 2375 167 2441 Ibd.
192 2375 241 2453 12,
263 2376 299 2440 8:
342 2375 439 2443 Fine
465 2394 628 2460 namque
659 2374 749 2440 vitae
771 2376 913 2440 nostrae
933 2373 1062 2442 seriis

41 2478 239 2547 toooultis
271 2482 399 2547 causis
432 2481 621 2566 exposito,
651 2479 849 2546 interdum
882 2499 960 2563 quae
992 2480 1063 2544 im-

42 2587 189 2652 lerentia
223 2586 394 2670 supremi
425 2588 496 2653 fati
527 2584 689 2652 titulum
721 2573 936 2670 ocoupant.¹
975 2584 1063 2650 idem

42 2706 84 2754 ror
104 2695 161 2767 cst,
184 2710 277 2775 quem
298 2692 368 2771 VH,
391 2692 421 2770 8',
444 2693 463 2754 7
485 2690 607 2769 sustuli,
629 2691 904 2775 scribendumque:
932 2689 1062 2755 iuter-

42 2811 85 2860 un
105 2797 272 2882 quodam
291 2796 538 2863 immerentis
559 2798 618 2862 cet
664 2796 756 2881 [lldd.
779 2797 898 2880 aliquot
918 2795 1062 2878 veteres]

101 2902 166 2981 (IX,
191 2903 278 2967 12Ε.
300 2903 320 2965 8
343 2901 504 2968 emendari
526 2902 584 2967 rol.
606 2903 622 2966 Ι
643 2922 673 2985 p.
696 2902 763 2982 73.)

99 3009 237 3084 lbd.13‚
274 3009 309 3074 Ε.
341 3009 380 3073 4:
413 3027 494 3072 cum
529 3008 650 3073 forem
687 3005 877 3085 cubiculi,
914 3005 1063 3071 extrin-

42 3128 115 3180 cous
136 3133 155 3180 a
176 3113 405 3181 custodibus
427 3116 614 3197 opertam,
641 3114 866 3180 interiorem
888 3111 1060 3178 claustro

42 3234 84 3283 osc
106 3221 335 3286 obserasset
358 3218 616 3286 Seninteriore
638 3220 821 3286 claustro.
869 3218 935 3303 [Sic
957 3217 1062 3304 oyes]

451 3632 537 3715 Gap.
558 3632 605 3697 11.

197 3809 229 3864 L.
247 3809 343 3864 Annei
356 3807 461 3864 Senones
481 3806 588 3878 Scripta
601 3806 705 3861 Minora
717 3805 863 3876 (Dialcgi).

97 3961 146 4027 Ad
178 3960 293 4026 nullius
327 3960 486 4045 scriptoris
519 3959 621 4024 Latini
652 3958 749 4023 libros
776 3960 830 4023 aut
853 3956 955 4039 plures
983 3954 1060 4020 mihi

44 4067 254 4149 eproferendae
276 4069 349 4132 sunt
369 4065 600 4132 emendationes
622 4063 797 4128 coniectura
817 4062 945 4146 reperta
967 4080 1058 4144 quam

44 4166 95 4235 ll.
115 4172 228 4240 Annaei
255 4172 392 4249 Seneca,
416 4175 478 4245 aut,
506 4170 615 4255 quibus
647 4169 717 4250 plus
747 4168 847 4234 inesse
878 4170 996 4250 putem,
1027 4165 1059 4228 in

44 4272 104 4356 ique
126 4279 234 4345 saltem
255 4279 402 4344 librorum
424 4278 522 4362 parte,
554 4275 593 4340 ad
615 4274 758 4339 orationis
782 4272 990 4358 integritatem
1011 4287 1060 4334 re·
1153 4280 1155 4286 ⁴

44 4376 184 4450 ituendam
222 4384 333 4451 auxilii.
391 4384 427 4449 Id
457 4382 570 4448 accidit
606 4378 744 4446 materies
775 4380 871 4463 ipsius
906 4378 1059 4443 ubertate.

44 4477 89 4548 lom
113 4508 205 4575 neque
233 4491 430 4574 cuiusquam,
468 4490 495 4554 si
523 4487 627 4554 Cicero
656 4488 688 4553 et
713 4486 820 4553 Livius
848 4485 1060 4561 excluduntur,
