2648 5084
541 738 654 797 Gellius.
1029 736 1091 804 605

170 943 236 1008 lbd.
272 941 301 1017 6,
335 926 527 1007 barisano
561 953 647 1016 nov,
679 944 852 1024 inquam,
974 934 1135 1026 ταύτης

63 1053 142 1135 τῆς
165 1049 458 1133 πολυμαθίας.
503 1047 613 1120 Scrib„
636 1049 672 1112 ut
692 1047 911 1125 sentcntiasit,
932 1041 1052 1116 ὄναιό
1072 1070 1133 1116 cv.

63 1165 66 1170 “
171 1157 237 1222 Lib.
283 1152 357 1232 XV,
399 1155 437 1229 b,
481 1152 518 1218 3:
569 1153 835 1221 urbanissime
880 1155 1135 1240 respondisse

64 1267 294 1349 praetorem,
346 1278 417 1327 non
462 1261 658 1326 indoctum
703 1261 845 1337 virum,
897 1261 1136 1329 barba'sculo

65 1368 222 1436 cuidam
261 1385 302 1433 cr
347 1367 629 1434 advocatorum
673 1367 797 1432 turba.
842 1366 1136 1433 Solibdarbori·
1210 1382 1211 1385 ’

63 1474 218 1539 uocato.

172 1581 238 1647 Ibd.
255 1571 292 1659 7,
317 1581 332 1642 1
357 1579 553 1646 scribendum
577 1582 640 1644 est:
663 1597 745 1644 oum
767 1581 942 1664 periculo
965 1583 1003 1646 et
1024 1580 1136 1646 clade

59 1691 210 1774 aliqua
230 1686 368 1752 venire
399 1689 468 1751 aut
490 1687 669 1768 corporis
689 1687 815 1750 morbi
834 1692 902 1771 (pro
920 1687 1136 1773 morbique)

64 1793 274 1881 gravioris
302 1797 368 1858 aut
396 1794 487 1858 vitae
520 1792 712 1857 interitus
741 1793 808 1859 aut
827 1794 952 1860 animi
975 1795 1138 1880 aegritu·

63 1904 188 1969 dinis.
257 1899 373 1983 Corpus
417 1900 602 1982 morbusque
633 1882 754 1982 inopte⁴
771 1899 1005 1984 coniunguntur,
1052 1903 1137 1968 recte

68 2027 192 2091 corpus,
216 2008 290 2083 vita,
312 2005 433 2071 animus
456 2024 492 2069 ex
514 2023 599 2088 aequo
622 2007 785 2088 ponuntur,
807 2006 881 2072 item
900 2009 1033 2082 morbus,
1055 2009 1138 2074 iube-

66 2116 158 2189 muns,
181 2112 375 2198 aegritudo.¹)

174 2219 244 2285 Ibd.¹
263 2219 313 2295 30,
336 2218 355 2281 6
378 2218 460 2301 quod
481 2220 639 2286 scribitur:
676 2221 916 2304 petorritum
949 2222 1049 2286 euim
1078 2224 1139 2287 ast

67 2345 145 2394 non
171 2307 225 2392 'ex
259 2326 407 2393 Graecia
450 2324 720 2402 dimidiatum,
764 2327 830 2392 sad
871 2329 991 2393 totum
1028 2329 1138 2394 trans

67 2434 252 2518 Alpibus,
274 2431 447 2498 faciendum
466 2432 777 2517 Transalpinam,
800 2433 878 2517 quod
892 2434 1138 2500 vidooiamantc

63 2540 264 2608 Gronorinm
298 2539 481 2626 qmbusdam
516 2539 677 2621 placuisse.
734 2539 814 2619 Quid
841 2541 919 2605 illud
940 2545 1049 2606 trans
1071 2541 1140 2606 Al·

67 2648 186 2733 pibus
207 2648 328 2712 iuvatur
349 2644 454 2711 addito
488 2649 635 2723 ortum,
672 2649 708 2711 ut
739 2646 815 2712 facit
835 2648 988 2721 Horisius,
1014 2665 1140 2730 prorsus

67 2774 134 2820 non
159 2753 310 2836 intelligo.
699 2747 701 2752 ’
921 2770 923 2773 ·

174 2858 240 2925 Lib.
263 2859 354 2933 XVI,
387 2858 424 2938 4,
457 2859 477 2920 4
507 2859 550 2934 (in
574 2858 670 2924 Cincii
693 2859 806 2940 verbis]
829 2878 882 2942 pro
906 2878 952 2933 eo,
974 2858 1054 2942 quod
1075 2858 1140 2924 cdi·

66 2971 139 3032 tur:
176 2969 258 3029 tum
280 2982 320 3029 se
342 2964 559 3046 postridie,
581 2984 692 3049 quam
714 2985 782 3050 per
803 2983 867 3030 aas
890 2982 1025 3030 causas
1048 2964 1140 3030 lice·

71 3073 150 3147 bic,
175 3091 217 3136 eo
241 3071 300 3135 die
324 3076 522 3136 venturum
542 3072 845 3155 adiuturumque
867 3072 1035 3156 numqui
1057 3090 1140 3136 cum

68 3196 216 3264 pagum
332 3177 543 3263 delegerit,
573 3177 766 3243 scribendum
789 3181 839 3245 ast
858 3179 1140 3262 editorumque

71 3303 159 3350 eum
196 3283 285 3355 lund
310 3283 375 3348 sicb
409 3284 459 3349 bei
491 3284 683 3368 demieuigon
728 3283 871 3364 melden).
918 3282 1141 3359 ¹adiuvandus,

69 3391 127 3475 qni
150 3390 304 3455 delectum
325 3388 484 3466 babuerat,
508 3409 567 3456 non
590 3396 663 3470 erat,
686 3409 744 3457 uae
765 3393 797 3456 id
819 3393 946 3458 curabat
966 3389 1067 3455 miles.

177 3495 244 3561 Ibd.
268 3495 316 3571 19,
338 3497 358 3559 9
380 3497 590 3563 scribendum:
636 3497 707 3564 Sed
729 3520 788 3562 eoa
810 3497 1045 3574 Corinthios,
1068 3496 1141 3560 bo-

68 3604 178 3670 mine
212 3606 374 3686 accapto
411 3606 578 3689 navique
613 3605 649 3671 iu
683 3605 806 3670 altum
842 3605 1047 3687 provecta,

65 3710 229 3793 cepisse
252 3711 461 3778 consilinm
483 3713 542 3777 oet.
586 3711 712 3777 llditur:
749 3707 822 3777 Sed
845 3729 888 3778 oo
911 3708 1141 3776 Corinthios

68 3817 255 3892 homine,
278 3820 456 3901 pronomine
479 3836 573 3901 prave
594 3816 708 3901 posito
851 3827 853 3830 ’

71 4049 101 4056 ...-
106 4047 138 4053 2...
143 4044 275 4054 φοι-οη..-

102 4203 125 4267 ¹)
147 4201 177 4252 ln
197 4199 324 4262 lemmate
343 4214 399 4267 cup.
421 4200 453 4254 18
472 4194 605 4251 mirabilis
630 4195 675 4249 ille
703 4211 790 4250 remex
808 4195 1015 4266 (cuiuspiam
1045 4196 1142 4250 remi·

148 4293 220 4362 gis.
239 4308 300 4348 cum
327 4292 355 4346 in
383 4291 441 4361 ipso
470 4290 557 4360 capite
586 4305 626 4355 res
653 4290 776 4343 narratur
795 4288 827 4343 de
844 4287 969 4344 Cornelio
997 4287 1142 4356 sacerdote)

147 4390 224 4438 ortus
242 4391 291 4452 est,
320 4385 409 4439 nescio
436 4382 575 4453 quomodo,
595 4399 626 4436 ex
645 4382 819 4436 annotatione
847 4382 959 4452 antiqua
990 4380 1142 4450 marginali,
1234 4403 1236 4405 ¹

146 4495 200 4547 qua
218 4477 450 4547 comparabantur,
481 4492 538 4545 qua
564 4475 634 4545 apud
655 4473 809 4543 ,Ciceronem
835 4475 867 4530 de
886 4474 970 4531 divin.
1000 4479 1019 4540 l,
1048 4475 1083 4530 68
1109 4474 1143 4529 dc

147 4571 248 4640 remige
268 4569 416 4625 Rhodieusi
435 4573 586 4623 narrantur.
