2656 5056
444 739 582 793 Ciceronis
601 741 709 794 Orator.
1025 745 1063 806 99

32 931 121 996 nulla
143 935 190 996 est
213 931 383 1009 dubitator
413 936 438 999 si
461 954 496 1001 ex
517 937 570 1000 illo
592 936 752 1019 inquam
773 939 874 1020 aptius
897 939 1013 1020 aliquid
1038 958 1105 1005 eru·

32 1041 104 1103 tum
128 1037 229 1115 fuerit,
253 1057 310 1103 non
333 1043 517 1124 repugnabo.

139 1157 216 1221 lbid.
236 1156 313 1220 163:
337 1156 466 1223 Verba
488 1206 517 1221 ..
540 1161 711 1244 legenda
734 1163 827 1225 aunt
849 1162 1104 1242 potissimum

32 1263 136 1326 bene
159 1265 365 1341 sonantia,
398 1265 464 1329 sed
498 1285 542 1332 ea
574 1287 646 1332 non
677 1268 720 1331 ut
749 1269 874 1350 poetae
903 1268 1107 1351 exquisita

32 1369 83 1433 ad
106 1387 262 1447 sonum,
286 1371 355 1433 sed
377 1373 534 1452 sumpta
557 1372 601 1436 de
624 1373 769 1439 medio:

336 1476 437 1556 „Qua
459 1481 578 1560 ponto
603 1480 648 1543 ab
670 1480 833 1546 Helles“

32 1582 202 1661 superat
224 1580 376 1645 modum
399 1585 440 1645 at
463 1586 622 1648 auriens
656 1584 722 1669 (alii
745 1586 879 1652 codices:
907 1585 1103 1670 tauricas)

33 1687 212 1753 locorum
237 1687 469 1770 splendidis
499 1687 729 1756 nominibus
758 1691 1023 1757 illuminatus
1047 1696 1108 1755 est

33 1812 194 1869 versus,
227 1794 295 1858 sed
326 1797 530 1875 proximus
560 1796 798 1879 inquinatus
821 1799 881 1865 cet.
938 1798 996 1876 Qui
1020 1798 1103 1886 difli-

32 1899 128 1965 cilem
160 1898 243 1964 hunc
274 1900 373 1966 locum
404 1902 588 1976 tractarunt,
616 1905 696 1966 inter
718 1922 792 1984 quos
816 1907 863 1967 est
889 1903 983 1967 etiam
1006 1904 1104 1967 Lach-

32 2023 176 2080 mannus,
210 2025 270 2070 non
303 2007 500 2072 attenderunt
531 2008 562 2072 in
594 2008 677 2072 brevi
712 2009 765 2073 illo
789 2029 895 2073 versus
919 2010 1105 2092 fragmento:

31 2111 118 2191 Qua
139 2113 259 2192 ponto
281 2113 326 2176 ab
347 2113 491 2179 Helles
521 2114 597 2177 nihil
628 2115 752 2178 omnino
783 2134 859 2196 esse,
883 2114 963 2198 quod
986 2133 1106 2197 supe-

32 2236 126 2283 rare
149 2217 302 2282 modum
325 2218 386 2283 dici
415 2222 525 2301 possit;
557 2221 665 2285 deinde
688 2221 874 2286 extrinsecus
897 2222 1056 2295 arcessunt
1078 2224 1109 2285 ct

32 2324 186 2390 audacter
206 2324 372 2390 inferciunt
394 2326 550 2408 complura
579 2327 616 2390 ad
645 2326 841 2392 efficiendum
863 2327 951 2390 illum
976 2346 1108 2403 versum,

32 2430 76 2496 ad
115 2448 206 2513 quem
248 2432 380 2513 pertinet
422 2432 580 2507 iudicium,
625 2432 707 2516 qnod
750 2436 899 2516 seqnitur,
938 2431 1107 2498 Ciceronis:

32 2534 271 2619 splendidis
304 2542 361 2602 cet.
421 2538 507 2616 Quod
545 2528 720 2623 requiritur,
758 2541 834 2604 latet
871 2541 900 2604 in
935 2539 1012 2621 ipsis
1044 2538 1109 2603 illis

32 2643 149 2708 verbis.
194 2640 350 2725 Scriptum
373 2644 456 2708 enim
479 2645 580 2708 fuerat
601 2645 640 2708 ad
662 2645 744 2710 hunc
767 2646 908 2711 modum:

144 2747 243 2827 ,Qua
280 2753 400 2833 ponto
440 2751 485 2815 ab
522 2750 663 2815 Helles
697 2752 862 2833 superat
897 2749 1040 2816 Tmolum
1076 2750 1111 2815 et

945 2854 1107 2922 'lauriss‘⁴

36 2963 235 3028 Locorum
279 2961 514 3043 splendidis
558 2962 788 3026 nominibus
831 2963 887 3026 cet.
964 2960 1109 3040 Apparet,

34 3088 132 3154 quam
170 3071 240 3149 apte
277 3067 349 3132 hnic
392 3071 587 3133 continuetur
629 3068 782 3149 proximus
823 3084 946 3131 versus:
991 3064 1109 3138 finis,

35 3175 244 3257 frugifera
266 3178 323 3238 oet.
358 3173 458 3250 (Nihil
481 3175 593 3250 obstat,
617 3175 697 3256 quod
721 3173 801 3238 alius
824 3191 943 3256 quoque
966 3170 1110 3253 antiquus

36 3283 133 3364 poeta
160 3279 242 3361 apud
271 3281 341 3345 Sco.
374 3281 427 3362 llp.
450 3281 539 3349 80,7
574 3284 689 3362 ponto
722 3280 767 3344 ab
802 3278 945 3342 Helles
974 3276 1051 3340 dixit
1079 3275 1110 3338 in

37 3386 227 3453 definiendis
250 3385 376 3450 Gracia
399 3385 533 3462 finibus.)

145 3492 323 3557 lbid.183:
357 3511 483 3573 neque
517 3492 620 3555 enirn
654 3491 741 3573 ipsa
774 3508 915 3554 versus
948 3487 1112 3553 ratione

39 3602 107 3665 cst
140 3598 347 3681 cognitus,
382 3598 450 3663 sed
483 3605 628 3662 natura
663 3600 786 3680 atque
824 3580 959 3672 sensu,
997 3611 1110 3675 quem

39 3707 225 3771 dimensa
248 3705 351 3769 ratio
375 3703 522 3782 docuit,
547 3705 643 3786 quid
666 3701 880 3768 acciderit.
908 3699 1109 3766 Scribendnm

39 3831 111 3877 cssc
134 3810 306 3883 accideret,
330 3811 419 3893 periti
442 3794 591 3875 admoniti
613 3809 802 3891 intelligent,
824 3805 960 3887 imperiti
983 3802 1112 3868 docendi

39 3937 104 3983 non
128 3919 208 3981 sunt.

146 4024 225 4089 lbid.
260 4023 339 4087 221:
375 4023 413 4086 in
452 4025 557 4087 veris
595 4022 728 4087 carisis
766 4023 833 4082 ant
869 4014 1113 4082 forensibus.

40 4131 115 4196 Non
146 4128 282 4208 delendae
313 4131 400 4218 erant
431 4129 498 4191 duae
524 4133 684 4211 postremae
707 4144 804 4198 voces,
828 4125 879 4189 scd
903 4121 1114 4186 scribendum:

40 4255 82 4306 ac
103 4236 345 4301 forensibus.
390 4234 584 4314 [Schuetzius
607 4238 669 4309 et]

147 4342 222 4406 lbid.
247 4340 323 4405 230:
356 4339 455 4405 Sunt
479 4339 617 4422 etiam,
643 4339 710 4421 qui
837 4331 1114 4417 infringendis

41 4447 395 4527 concidendisque
422 4450 597 4510 numeris
623 4442 661 4506 in
687 4440 881 4524 quoddam
903 4457 1026 4525 genus
1048 4438 1115 4503 ab·

41 4558 196 4623 iactum
234 4553 419 4616 incidunt
451 4550 677 4615 Siculorum
711 4546 973 4612 simillimum.
1028 4544 1114 4608 ferri

882 4657 916 4715 ἵ*
