2656 5056
457 614 597 671 Ciceronis
615 615 748 685 epistolae.
1033 616 1091 680 167

4 848 41 892 Ξ
58 811 129 877 iam
152 810 327 895 Malaspina
347 812 471 892 lecerat,
500 813 540 879 ad
568 811 670 896 priora
698 810 806 881 trectis
829 812 1133 889 (amentissimus

26 941 39 1001 s:-
58 916 164 994 mei),
198 916 230 983 in
263 921 399 985 mentem
431 919 533 985 venire
556 917 698 999 Tullius,
726 922 762 984 ut
788 918 981 1003 intelligatur
1010 918 1133 985 Marcus

26 1022 101 1109 ῥέε,
125 1023 180 1105 qui
202 1024 287 1104 VIII,
311 1025 348 1088 11
374 1025 400 1090 B
422 1027 501 1101 extr„
520 1025 711 1093 necessarius
733 1024 889 1091 Ciceronis
911 1024 1093 1109 appellatur.

166 1163 245 1230 Ibid.
278 1169 299 1252 ξ
328 1166 347 1227 2
380 1173 487 1249 (quem
517 1166 618 1250 locum
650 1165 729 1231 Adr.
756 1166 788 1230 Il
815 1186 845 1249 p.
873 1165 935 1228 234
962 1184 1006 1248 eq.
1030 1164 1132 1229 minus

4 1284 35 1325 Ξ
56 1271 150 1336 recte
168 1271 328 1349 tractari):
352 1274 394 1338 In
418 1269 638 1355 republica
659 1290 768 1349 vero,
791 1270 1132 1355 quamquamani-

7 1397 29 1431 τ
54 1396 149 1442 mua
178 1378 239 1442 est
266 1395 459 1459 praesens,
490 1379 621 1442 tamen
650 1378 840 1443 voluntas
869 1378 991 1442 etiam
1013 1378 1132 1461 atque

56 1482 189 1549 etiam
210 1483 298 1566 ipsa
318 1483 520 1550 medicina
542 1482 688 1548 elficit
736 1483 796 1548 Pro
827 1482 967 1549 eflicit
995 1484 1130 1550 scriben-

20 1610 24 1647 ;
56 1590 140 1653 dum
169 1608 236 1655 esse
266 1589 415 1656 deficit
439 1590 502 1654 iem
527 1590 565 1655 ab
593 1589 663 1655 aliis
684 1588 879 1655 intellectum
901 1593 965 1665 est;
986 1589 1042 1655 sed
1062 1608 1131 1655 vo·

56 1694 204 1762 luntas
236 1697 275 1762 ab
309 1697 411 1762 auimo
443 1697 587 1778 prasenti
616 1695 752 1780 separari
781 1696 814 1761 et
835 1695 864 1760 ei
886 1695 1040 1761 contraria
1061 1696 1130 1777 poni

8 1860 22 1882 ἶ
58 1803 180 1887 nequit.
229 1804 319 1869 Latet
340 1803 397 1867 sub
418 1802 476 1869 hoe
503 1801 625 1867 nomine
648 1800 800 1883 participii
822 1800 982 1884 praesentis
1004 1817 1129 1865 aecusa-

56 1909 157 1987 tivus,
188 1908 235 1973 cui
262 1906 447 1993 adiungatur
476 1909 599 1973 etiam
627 1908 748 1991 etque
770 1906 902 1972 stiam.
945 1905 1015 1973 Non
1037 1903 1129 1971 satis·

4 2000 13 2004 ”
57 2013 147 2091 facit,
171 2012 250 2097 quod
281 2013 454 2096 proximum
483 2014 623 2094 occurrit
659 2012 860 2089 volentes3
891 2012 983 2096 longe
1013 2012 1129 2095 aptius:

57 2117 249 2186 volutantes
276 2121 399 2185 etiam
427 2122 547 2205 atque
575 2121 707 2186 etiam.
750 2119 888 2185 Verbum
911 2120 1027 2195 tamen¹
1049 2117 1129 2201 quod

54 2228 112 2291 est
133 2226 334 2303 volutare,
352 2225 411 2292 hoc
424 2226 597 2311 significatu
612 2245 671 2291 nou
687 2226 839 2309 reperitur
854 2224 936 2309 apud
952 2223 1128 2291 Ciceronem

58 2330 125 2396 nisi
147 2330 183 2396 de
205 2332 250 2396 Re
271 2349 301 2414 p.
323 2333 348 2411 Ι,
371 2332 421 2397 28.

162 2470 243 2536 Ibid.
267 2473 316 2550 19,
333 2472 368 2535 2:
390 2474 520 2554 Atque
539 2471 577 2536 in
600 2490 639 2537 re
661 2471 826 2555 publiea
846 2490 948 2537 nunc
970 2468 1127 2553 quidem

55 2578 229 2643 maxime
252 2577 407 2644 Gallici
435 2583 650 2644 versantur
678 2582 825 2655 metue;
857 2596 942 2643 nam
971 2574 1128 2651 Haedui,

56 2683 215 2749 iratres
248 2684 397 2762 nostri,
425 2687 605 2768 pugnant
632 2683 746 2766 pueri
776 2683 815 2748 in
846 2682 948 2748 alam
979 2700 1129 2766 pugua-

56 2792 157 2856 runt
178 2792 217 2856 et
238 2789 324 2856 sine
346 2789 465 2854 dubio
487 2787 631 2854 suntin
648 2789 771 2854 armis
788 2789 1129 2870 excursionesque

55 2899 102 2962 in
127 2897 375 2978 provinciam
398 2895 563 2961 iaciunt.
614 2895 657 2959 lix
678 2893 792 2960 litteris
813 2896 994 2978 puguant
1015 2894 1129 2977 pueri

56 3002 101 3067 in
124 3003 224 3067 alam
246 3005 478 3088 pugnarunt
498 3018 622 3084 prorsus
646 3002 731 3065 certa
752 3001 967 3066 emendatione
982 2998 1128 3065 efficitur:

56 3124 207 3193 pugnarn
228 3109 406 3193 normalem
434 3107 675 3192 pugnarunt.
724 3107 784 3171 Sed
807 3105 918 3172 deiude
939 3105 1130 3174 desideretur

57 3233 174 3280 nomen
209 3213 336 3280 alterius
370 3214 472 3298 populi
500 3211 613 3280 Gallici
642 3212 729 3277 infidi
758 3213 790 3278 et
818 3213 950 3294 hostilis,
984 3211 1038 3295 qui
1060 3229 1128 3277 con-

56 3320 176 3385 trarius
207 3321 330 3403 ponitur
356 3320 485 3386 Haeduis
513 3320 718 3385 Romanorum
741 3319 863 3397 amicis;
898 3320 963 3384 eius
996 3316 1129 3382 nominis

58 3431 154 3491 tenue
176 3426 342 3510 restiqum
364 3426 506 3492 relictum
528 3426 628 3492 estin
657 3425 772 3491 litteris
802 3427 849 3491 et.
894 3424 1129 3491 Carnutesne

57 3532 185 3610 fuerint
219 3550 279 3598 non
314 3532 440 3610 delinio;
469 3532 550 3614 prior
571 3531 664 3597 huius
686 3532 817 3597 nominis
839 3522 910 3615 pars
933 3531 1128 3609 (Cernat)

59 3637 153 3704 facile
190 3638 326 3704 excidere
361 3640 483 3720 poterat
518 3640 643 3722 propter
678 3638 853 3703 litterarum
890 3636 1129 3703 similitudinem

53 3746 234 3822 (arunt),
257 3743 311 3810 sed
334 3743 422 3809 sedes
446 3762 551 3809 eorum
573 3745 695 3830 longius
716 3763 734 3809 a
755 3744 912 3828 provineIa
932 3744 1072 3808 aberant.

165 3897 242 3963 lbid.
264 3897 285 3983 ξ
307 3896 343 3960 9:
366 3915 468 3974 nam,
492 3895 592 3979 qnod
613 3914 670 3961 me
692 3915 780 3961 esee
802 3897 851 3961 ed
873 3894 1129 3963 scribendum

58 4003 194 4078 vides,
218 4003 368 4085 exipso
390 4002 765 4068 senatusconsulto
794 4002 1038 4085 intelligere
1059 4019 1128 4082 po-

57 4111 138 4187 tes,
161 4108 281 4174 aliam
304 4126 383 4173 rem
405 4111 485 4173 tum
506 4109 691 4188 relatam,
709 4107 928 4173 hoeautem
945 4107 989 4173 de
1005 4124 1128 4190 popu·

58 4216 116 4280 lie
149 4215 297 4281 liberis
330 4215 417 4279 sine
451 4232 570 4280 causa
598 4213 798 4292 additum,
832 4215 949 4280 etita
978 4212 1129 4277 lactum

52 4323 124 4408 est
145 4339 164 4387 a
184 4320 220 4386 P.
237 4320 421 4385 -Servilio
443 4318 551 4400 filio,
574 4321 639 4403 qui
662 4320 699 4383 in
721 4320 942 4402 postremis
964 4319 1128 4394 senten-

56 4429 158 4493 tiam
175 4427 278 4492 dixit
293 4430 351 4493 eet.
374 4425 574 4491 Manifestum
587 4426 635 4490 est
647 4430 791 4519 cormpta
805 4445 872 4493 esse
887 4428 920 4492 et
933 4426 1027 4493 verba
1040 4425 1128 4490 sine
