2678 5016
266 309 326 373 us
622 307 918 379 mmmm

421 508 484 575 CR.
517 509 568 575 Sie
598 508 668 574 odia
698 509 785 573 fiunt
844 506 938 571 (no,
956 505 1034 573 Cdie
1070 505 1122 589 qui
1155 505 1289 572 nimium

647 598 649 602 Α
945 668 947 671 .
1076 612 1186 697 timet,

339 760 343 767 ι
468 737 596 803 regnare
618 720 730 796 nesoit;
753 738 848 803 regno
873 716 1008 784 custodit
1030 721 1141 793 metue.

221 824 279 904 Qui
301 824 332 889 iu
355 826 444 909 eulpa
466 824 533 899 fuit
555 824 599 903 is,
616 830 693 889 'oum
714 822 860 890 dimissus
883 826 946 901 est,
969 822 1035 889 odit
1056 842 1141 898 eum,
1176 823 1230 906 qui
1252 824 1281 888 ei

221 930 343 1013 eulpam
364 931 472 996 intulit
494 930 609 1012 (itaque
624 929 754 1014 OEdipus
766 929 930 994 Creontem
952 929 1049 995 semel
1069 927 1286 993 insimulatum

221 1033 376 1099 dimittere
400 1055 461 1115 pou
483 1037 590 1118 vult),
612 1054 672 1101 non
694 1054 794 1109 omne,
815 1035 896 1118 quod
918 1034 1045 1101 dubium
1067 1034 1171 1116 putot,
1203 1034 1288 1117 quod

220 1139 293 1222 quid
316 1141 372 1216 sit,
394 1143 511 1218 neseio,
534 1160 591 1206 nee
621 1141 761 1216 omnino,
790 1128 863 1224 quid
884 1140 971 1202 dolii
986 1140 1106 1206 mentio
1128 1140 1180 1206 hio
1202 1141 1291 1224 agat,

219 1247 302 1311 reete
322 1245 424 1328 posite
445 1267 474 1312 u.
497 1247 568 1309 712.
615 1247 733 1312 Deinde
754 1247 854 1311 inanis
878 1247 926 1311 est
949 1245 1002 1311 ille
1018 1244 1156 1312 Creontis
1177 1262 1290 1312 osseu-

219 1370 288 1418 sus:
316 1349 372 1415 Sic
394 1353 453 1415 od.·
463 1352 494 1435 f
528 1353 564 1416 In
593 1351 698 1418 codiee
727 1353 844 1435 optimo
866 1351 1025 1418 scribitur:
1054 1351 1137 1436 quod
1157 1351 1284 1414 obuium

199 1461 244 1541 J,
267 1467 322 1524 eat.
368 1457 568 1523 Scribendum
591 1459 640 1522 est
662 1457 774 1541 igitur:

594 1563 670 1627 (ΕΙ).
714 1562 860 1645 Quisquis
882 1562 915 1628 iu
937 1562 1029 1645 eulpu
1049 1562 1118 1637 fuit,

319 1669 464 1735 dimissus
489 1669 561 1736 odit.
605 1668 666 1736 CR.
691 1666 798 1741 Omne,
822 1666 902 1751 quod
918 1670 1010 1752 pium
1031 1671 1086 1742 est,
1110 1668 1178 1742 θεῖς

319 1775 364 1839 sio
385 1773 454 1839 odiu
474 1775 565 1853 liunt.
612 1774 690 1839 llll).
725 1772 805 1838 odia
825 1775 882 1837 oet.

319 1878 425 1956 Creon,
447 1878 591 1962 OEdipum
614 1878 769 1961 corrigens
791 1879 822 1941 et
843 1880 932 1960 quusi
954 1879 1195 1962 experimentum
1218 1877 1288 1944 fieri

218 1983 335 2059 iubens,
375 1983 446 2049 odio
468 1984 534 2048 tum
556 1982 643 2048 nasei
663 1983 718 2062 eit,
753 2001 823 2047 eum
844 1986 944 2068 pietus
973 1984 1157 2068 negligatur,
1174 1975 1288 2066 'quam

219 2088 347 2173 (ildipus
375 2092 423 2155 est
444 2089 651 2174 neglecturus,
678 2088 705 2155 si
733 2088 897 2154 Creontem
925 2089 1050 2157 affinem
1079 2090 1111 2153 et
1136 2089 1286 2154 innoeen-

217 2198 282 2261 tem
314 2195 446 2261 vinxerit
478 2197 510 2260 et
543 2195 705 2277 puniverit.
747 2194 866 2273 (Paulo
897 2197 967 2278 post
997 2213 1137 2277 peruerse
1173 2194 1290 2278 Peiper

218 2301 340 2367 Creonti
362 2301 474 2385 eripuit
494 2301 559 2366 haee
584 2301 692 2365 rerba:
726 2310 820 2362 metuo
846 2301 878 2362 io
911 2310 1065 2371 auctoron
1084 2300 1183 2374 rodit,
1217 2318 1285 2383 quae

216 2407 421 2489 proximorum
456 2406 539 2468 timeo
566 2405 700 2467 timenter
722 2406 905 2470 seutentiam
927 2406 1075 2490 eolligunt
1097 2408 1128 2471 et
1149 2406 1284 2488 explent.

217 2511 353 2594 Oedipus
376 2511 561 2595 respondere
583 2511 665 2575 ultra
687 2508 871 2594 dedignatus
894 2511 965 2577 duci
981 2513 1012 2576 in
1035 2529 1187 2577 carcerem
1209 2510 1288 2576 Cre*

218 2619 323 2683 outem
349 2618 442 2683 iubet.
491 2615 552 2680 Sed
573 2630 626 2680 eur
647 2615 729 2680 lrnno
754 2635 849 2681 unum
871 2635 1002 2682 errorem
1025 2618 1184 2702 attingodl

318 2722 382 2788 lod.
404 2720 467 2785 970
488 2740 554 2804 sqq.

741 2827 901 2908 Quaeratur
921 2827 981 2902 uie,

417 2950 478 3016 qua
499 2949 556 2996 neo
576 2933 707 3014 sepultis
730 2933 843 3009 mixtus
869 2936 902 2998 et
922 2933 1000 3003 riuis
1024 2936 1129 2998 tumen

417 3027 576 3118 exemptus
599 3056 690 3103 erres.
733 3039 864 3116 Morere,
888 3039 943 3104 sed
967 3039 1045 3104 citra
1066 3041 1196 3121 patrem.

217 3140 386 3220 Quomodo,
410 3142 477 3224 qui,
500 3144 535 3207 ut
556 3162 613 3208 nee
634 3144 713 3210 riuis
741 3162 798 3208 nee
826 3145 953 3227 sepultis
975 3146 1097 3212 intersit
1120 3146 1284 3212 ettamen

215 3247 281 3312 rita
301 3249 419 3326 eareat,
441 3265 561 3312 earoere
581 3252 729 3332 perpetuo
752 3250 927 3325 includitur,
962 3253 1039 3313 eitra
1055 3260 1177 3335 patrem
1199 3252 1284 3320 mori

215 3351 345 3426 dicatur,
369 3370 460 3418 nomo
483 3354 689 3438 explicaverit.
735 3357 852 3422 Verum
875 3358 937 3421 eet:

361 3472 362 3475 ’
516 3459 648 3538 Morere,
670 3462 724 3527 sed
746 3463 823 3528 eitra
843 3471 949 3538 raone

214 3561 272 3627 hoo
294 3564 350 3641 est,
376 3563 421 3628 ita
442 3565 478 3629 ut
498 3564 538 3629 od
558 3565 670 3632 inferos
697 3586 757 3632 non
781 3568 950 3633 descendes
977 3587 1034 3635 neo
1057 3569 1211 3635 Charonis
1231 3589 1286 3635 ra·

214 3669 279 3731 tem
302 3669 495 3736 conscendas.

314 3772 379 3836 Ibd.
403 3775 480 3838 977:

314 3878 356 3941 Et
377 3879 450 3944 flere
473 3880 549 3945 satis
572 3874 642 3946 est?
684 3885 845 3950 Hactenus
865 3884 995 3951 fundent
1016 3887 1116 3951 leuem

269 4002 271 4007 ’
315 3983 395 4048 oculi
417 3984 583 4067 liquorem;
611 3990 735 4055 sedibus
757 3990 837 4072 pulsi
859 3991 923 4056 suis
1020 3987 1023 3991 ’
