2678 5018
268 311 309 374 50
512 333 522 351 ⁸
624 309 683 370 Lib.
702 310 749 367 VI.
768 309 833 381 (lup.
847 311 884 366 ll.

227 508 324 573 doleo
354 508 513 584 scribitur,
545 510 646 575 inesse
675 508 767 574 debet
791 508 950 591 inantque,
983 507 1010 572 si
1035 505 1068 570 id
1095 507 1282 573 nominativo

229 634 302 680 caen
339 615 556 697 acceperimus,
588 615 686 680 altera
717 614 836 699 syllaba
866 614 897 677 in
918 613 979 677 arsi
1000 612 1165 695 producta;
1201 613 1282 697 quod

229 740 294 805 ego,
331 722 366 784 ut
396 720 525 798 licenter
551 722 583 784 et
607 721 736 786 moleste
766 717 832 784 fieri
865 718 996 783 concedo
1028 719 1059 783 in
1088 720 1187 784 forma
1218 719 1282 783 sola

227 827 355 911 syllaba
393 826 562 909 quantitate
594 827 633 891 ab
660 826 829 918 accusativo
850 825 960 908 plurali
992 827 1143 908 separata,
1178 828 1281 889 tamen

226 951 367 1015 spernere
388 951 446 996 non
469 931 564 1000 audeo
586 932 616 996 in
638 935 727 1008 tanta
755 932 913 997 sententia
934 930 1150 1014 perspicuitate
1171 934 1203 995 et
1224 949 1282 1014 ap·

224 1039 345 1106 tissima
377 1038 434 1103 hae
465 1032 689 1102 coniunctione:
724 1035 821 1099 dalea
854 1049 982 1099 umeros,
1032 1038 1077 1100 Ao
1114 1036 1282 1120 lonpumro

228 1144 365 1229 genitivo
387 1161 470 1219 casu,
492 1143 690 1225 productam
712 1143 772 1208 arsi
794 1143 915 1222 ultima
930 1143 1085 1226 Vergilius
1096 1144 1199 1224 posuit
1210 1143 1280 1207 AEn.

227 1250 282 1321 ΧΙ,
319 1250 376 1325 69;
401 1249 600 1331 nominativo
622 1250 726 1314 autem
749 1253 774 1310 is
799 1248 941 1330 produxit
972 1249 1002 1312 in
1029 1247 1132 1332 pelvis
1153 1249 1179 1326 Ι,
1210 1249 1282 1324 478,

89 1429 92 1434 ,
226 1356 283 1422 sed
305 1355 336 1420 in
359 1357 457 1421 forma
477 1355 553 1420 nihil
575 1356 710 1440 ambigui
731 1355 871 1420 habente.

326 1460 512 1528 Delloratio
522 1462 733 1544 copiosissima
744 1465 826 1527 esset
837 1461 1107 1551 dicendimateria‚
1115 1461 1141 1524 si
1152 1459 1280 1524 aliorum

225 1569 305 1633 bona
326 1568 448 1634 inventa
481 1568 656 1652 protrahere
688 1570 721 1632 et
741 1568 969 1644 commendare,
995 1548 1089 1649 prava
1108 1571 1282 1631 commenta

231 1675 365 1739 refutare
399 1675 585 1758 propositum
620 1672 715 1750 esset;
748 1668 907 1762 novorum,
937 1664 1004 1757 qua
1035 1679 1099 1737 non
1122 1673 1152 1736 vi
1174 1673 1281 1735 ortun-

206 1779 338 1853 *derem
376 1780 430 1845 sed
452 1780 560 1863 quibus
581 1780 699 1845 ratione
720 1779 867 1845 suadente
889 1784 921 1845 et
941 1782 1066 1864 cogente
1088 1777 1286 1849 confiderem

222 1903 313 1967 parca
347 1885 406 1950 fuit
426 1904 525 1969 seges,
552 1885 590 1949 in
626 1888 817 1952 sermonibus
854 1892 886 1951 et
908 1885 1047 1968 epistolis
1070 1901 1163 1966 prope
1186 1882 1279 1946 nulla.

221 1989 303 2055 Nam
326 1992 407 2056 etin
432 1992 561 2058 Horatio
583 1992 694 2058 similis
717 1996 809 2076 atque
830 1994 862 2057 in
877 1994 1012 2077 Vergilio
1034 1990 1133 2055 cautio
1156 1991 1280 2053 estnec

222 2099 326 2162 tamen
349 2095 466 2176 eadem,
489 2096 568 2180 quod
590 2102 622 2163 et
643 2098 761 2164 codices
783 2100 890 2165 minus
908 2102 980 2164 sunt
1001 2117 1092 2181 quam
1112 2093 1282 2178 Vergiliani

223 2203 340 2286 antiqui
362 2207 396 2268 et·
413 2203 682 2287 grammaticorum
704 2207 898 2290 antiquorum
926 2203 1103 2279 testimonia
1123 2201 1280 2283 aliquanto

221 2309 356 2383 ramora,
388 2308 455 2393 ipsa
486 2304 603 2394 quoque
636 2312 750 2378 scholia
788 2311 943 2377 Servianis
976 2307 1205 2391 commentariis
1234 2306 1282 2369 vin

105 2473 106 2476 ,
221 2415 446 2500 aequiparanda,
480 2419 512 2481 et
532 2418 563 2485 in
586 2418 645 2492 hoo
667 2431 773 2501 campo
794 2420 906 2512 prater
920 2417 1084 2481 multorum
1106 2415 1228 2478 inanem
1252 2415 1283 2477 et

220 2522 378 2604 indoctam
399 2521 597 2622 sedulitatem
609 2512 716 2590 enam‘
729 2515 976 2590 doctissimorum
990 2527 1022 2588 et
1033 2520 1282 2588 acutissimorum

224 2627 383 2694 homiuum
404 2628 572 2696 saturavit
592 2630 751 2696 industria.
806 2631 880 2721 Quae
911 2630 944 2694 in
966 2627 1087 2695 Horatii
1109 2645 1199 2726 opera
1221 2643 1281 2689 non

226 2732 271 2797 ita
290 2735 536 2800 multosabhinc
570 2755 666 2802 annos
698 2736 790 2831 irruit
807 2736 943 2821 pravitas
965 2739 998 2801 et
1019 2734 1114 2803 libido
1132 2731 1282 2796 Holman·

223 2835 431 2924 Peerlkamp,
463 2841 502 2906 de
533 2861 570 2907 ea
598 2843 671 2926 quid
703 2844 859 2921 sentirem,
891 2843 953 2909 dixi
974 2843 1031 2908 vol.
1059 2843 1126 2923 lp.
1148 2837 1199 2915 93,
1227 2855 1284 2901 1¹⁰0

223 2945 262 3009 ab
298 2964 333 3021 eo
353 2946 464 3012 iudicio
493 2948 618 3039 seiunge
638 2949 735 3033 illam,
771 2970 837 3033 quae
865 2969 959 3033 nuper
980 2928 1125 3033 prorupit,
1158 2947 1283 3035 sumpto

224 3055 297 3116 ante
317 3051 349 3116 in
371 3038 539 3118 Ouidioetm
553 3054 696 3120 Iuvenale
711 3057 782 3133 (iun.
804 3078 838 3145 p2
854 3057 909 3137 94)
924 3056 1139 3139 experimento,
1164 3048 1286 3116 Lehrsii

222 3159 255 3222 et
276 3157 445 3223 Ribbeckii.
483 3159 598 3226 Contra
619 3180 693 3244 quos
715 3163 864 3229 si‘dieere
880 3164 1002 3240 vellem,
1023 3163 1117 3246 longa
1137 3156 1287 3222 ordienda

223 3266 307 3329 osset
329 3263 367 3346 de
389 3264 449 3330 fide
469 3266 616 3332 historica
637 3270 670 3332 et
688 3269 1100 3355 probabilitatedisputatio,
1114 3266 1213 3331 cuius
1234 3264 1284 3329 illi

220 3370 305 3454 leges
321 3373 322 3376 ’
341 3390 456 3447 omnes,
486 3374 655 3440 cavillando
695 3375 969 3458 calumniandoque
1001 3379 1032 3441 et
1063 3373 1206 3458 fingendo
1238 3373 1283 3437 ita

221 3482 377 3558 spernunt,
400 3482 435 3544 ut
455 3486 628 3564 nunquam
642 3480 715 3564 quid
729 3462 796 3546 fieri
818 3482 1016 3566 accidensque
1037 3482 1069 3545 in
1090 3481 1147 3545 hoo
1168 3498 1283 3565 genere

223 3585 255 3646 et
275 3585 355 3649 unde
379 3587 443 3652 haec
464 3587 567 3652 lormae
589 3588 775 3653 testimoniis
798 3590 986 3655 confirmatae
1008 3590 1178 3654 constantia
1195 3588 1282 3653 nasci

221 3691 363 3771 potuerit,
396 3692 473 3756 serio
505 3693 559 3756 aut
588 3711 702 3762 severe„
721 3680 874 3779 cogitasse
911 3696 1084 3771 vincentum
1118 3714 1199 3758 nuuc
1220 3695 1282 3759 alia
1332 3764 1334 3768 f

222 3795 299 3859 mihi
320 3797 438 3880 agenda
461 3802 541 3877 sunt,
575 3798 714 3882 licetque,
737 3802 851 3882 opinor,
866 3782 947 3870 ¹lucc
969 3804 1089 3868 somnia
1112 3801 1280 3885 praeterire,
1334 3869 1337 3883 ἶ

223 3919 293 3983 quae
323 3904 377 3975 aut
410 3904 491 3968 intra
522 3915 632 3985 paucos
664 3925 759 3972 annos
792 3908 934 3974 oblivioni
956 3910 1070 3973 tradita
1096 3910 1195 3981 erunt,
1227 3911 1280 3971 aut
1333 3903 1337 3965 J

222 4009 325 4071 totum
357 4009 415 4074 hoo
447 3997 642 4093 antiquarum
674 4014 847 4078 litterarum
880 4009 1027 4094 studium,
1060 4020 1205 4099 tanquam
1228 4032 1278 4077 er·
1326 4081 1331 4106 Ἰ

1328 3979 1336 4020 t

221 4113 331 4179 hausta
351 4115 469 4181 utiliter
481 4119 634 4198 quaerendi
650 4120 790 4196 materia,
811 4121 942 4188 inaniter
964 4125 996 4187 et
1016 4124 1156 4205 proterve
1171 4122 1277 4187 ludens
1326 4109 1331 4127 ⁴
