2580 5054
418 687 557 758 Euripidis
575 690 632 744 Ion.
977 689 1013 751 15

71 886 122 950 Ao
134 884 268 966 plinium
283 884 407 951 Porsoni
424 884 629 951 observationi
641 903 806 968 numquam
820 887 942 950 tantuna
953 886 1064 968 trihuir

38 992 75 1056 in
100 1009 138 1056 ea
162 990 256 1056 ullam
281 1009 347 1056 esse
370 1010 494 1057 eausam
524 993 663 1073 putarem
695 1009 800 1056 vorsus
828 990 1005 1070 contrarios,
1028 994 1056 1058 si

24 1097 66 1162 ril
90 1096 175 1162 alind
197 1100 278 1162 esset
299 1097 379 1172 vitii,
412 1097 565 1175 mutandi,
598 1116 667 1163 oum
691 1097 861 1179 prasertim
891 1097 958 1179 ipse
980 1098 1056 1163 Por·

24 1222 80 1270 rus
104 1206 167 1269 tres
188 1201 348 1285 Sophoclis
374 1205 508 1270 intactos
536 1202 726 1286 reliquisset;
755 1222 827 1268 nam
857 1220 957 1287 neque
978 1204 1056 1286 qnid

43 1309 188 1395 rhythmi
210 1309 341 1375 formam
373 1310 495 1376 molesti
517 1309 645 1375 haberet
665 1308 721 1375 illa
743 1327 847 1374 versus
869 1311 1058 1381 terminatio,

24 1416 83 1482 am
106 1415 259 1481 Personas
292 1416 427 1482 studiose
460 1415 590 1481 vitatam
625 1417 725 1498 putat,
762 1416 907 1492 ostendit,
944 1415 1064 1498 quidve·

24 1521 146 1588 mmodi
167 1522 276 1588 vitatio
300 1523 435 1593 haberet,
458 1525 490 1587 et
511 1522 549 1587 ad
572 1520 816 1588 observationem
839 1521 879 1587 ad
896 1524 1055 1588 materiam

24 1649 39 1694 r
64 1648 99 1693 se
122 1647 181 1692 non
204 1628 292 1694 valde
309 1628 442 1711 amplam
464 1629 669 1711 pertinentem
693 1626 931 1694 confirmandam
949 1647 1062 1712 excep·-

24 1734 126 1798 mibus
157 1753 228 1799 usus
256 1738 303 1799 est
332 1735 408 1801 satis
437 1734 622 1806 artificiosis,
645 1735 776 1800 maxime
806 1733 861 1798 illa
883 1734 920 1798 de
942 1727 1057 1807 οὐδείς

35 1838 163 1925 μηδείς
184 1858 244 1905 non
266 1841 297 1904 iu
320 1858 413 1906 unam
440 1859 544 1906 vooem
568 1839 746 1914 conflandis,
768 1845 811 1923 ut,
834 1841 861 1905 si
883 1841 1056 1923 exemplum

24 1948 74 2031 qui
89 1947 211 2025 vellem,
227 1946 274 2012 nti
289 1966 410 2029 possem
426 1947 577 2012 scribendi
592 1946 742 2012 artifieio:
760 1938 892 2012 νώτοιώ
908 1939 1062 2032 οὐρανόν

24 2071 170 2139 garoque,
193 2054 274 2137 quod
298 2055 421 2137 plenum
437 2055 520 2119 esset
535 2045 680 2126 νώτοισι,
695 2055 863 2136 spondeum
886 2072 959 2119 voeo
981 2053 1056 2118 dna·

24 2179 54 2224 m
78 2143 268 2244 syllabarum
291 2160 380 2226 eflioi.
425 2158 486 2224 Sed
508 2160 534 2224 si
558 2161 626 2244 quis
650 2161 774 2226 omnino
788 2160 913 2245 propter
927 2160 1057 2230 Porsoni
1094 2242 1096 2248 Ι

25 2267 205 2331 ctoritatem
228 2266 332 2331 infelix
354 2265 431 2331 illud
454 2257 573 2342 νώτοις
595 2259 746 2352 ου’ρονόν
768 2268 845 2333 ferro
866 2286 928 2333 non
949 2267 1054 2342 audet.

24 2371 163 2437 hibenda
194 2373 223 2439 ei
256 2375 304 2438 est
337 2373 427 2438 huius
461 2367 611 2455 simplicis
641 2374 711 2440 vitii
738 2374 870 2457 simplex
893 2374 1062 2453 medicina.

24 2496 80 2542 am
93 2478 213 2544 laoilem
226 2480 333 2546 attolit
343 2479 521 2554 ldlmsleius,
535 2480 588 2563 qui
601 2481 725 2565 scripsit
736 2478 857 2555 νώτοις
868 2481 1056 2567 χαλιιόιοιν

24 2577 149 2669 ἷροινόν,
168 2604 205 2650 ne
221 2584 372 2651 Badhami
395 2586 599 2651 coniecturam
622 2606 877 2653 commemorem:
901 2580 1060 2653 adnomen

24 2684 108 2759 ἱλον.
125 2762 128 2770 ,
145 2693 272 2757 Prorsus
295 2695 410 2757 temere
433 2692 503 2757 hino
524 2692 656 2775 suspicio
679 2693 716 2757 ad
739 2694 910 2776 proximum
932 2711 1061 2759 versum·

24 2866 219 2873 -.—————-

252 2944 365 3012 Ἀτλας,
386 2945 401 3002 ὁ
420 2948 559 3017 χαλκέοισι
578 2947 688 3003 νώτοισι
707 2947 802 3016 φέρον

257 3044 333 3096 θεῶν
351 3039 471 3097 παλαιὸν
490 3036 576 3109 οἷκον,
596 3041 626 3096 ἐκ
646 3045 729 3109 τριῶν
746 3045 812 3111 μιᾶς

258 3133 366 3204 ἀλόχων
385 3134 471 3204 ἔφυσε
490 3138 589 3189 Μαῖαν
607 3155 632 3190 ιι.
651 3156 675 3192 τ.
697 3140 729 3204 h,

89 3242 121 3282 eo
141 3227 294 3296 corrigendi
313 3243 423 3296 genere,
442 3244 495 3296 qno
515 3228 537 3283 si
556 3230 686 3285 utendum
699 3237 780 3290 esset,
798 3228 862 3284 olim
876 3226 933 3281 dixi
948 3242 1060 3281 omnem*

87 3320 250 3376 emendandi
269 3328 395 3376 conatum
416 3322 507 3391 potins
526 3322 703 3379 omittendum
724 3338 793 3378 esse.
820 3320 942 3376 laidem
961 3324 1054 3374 autem

87 3415 231 3469 sententiae
258 3416 353 3469 vitium
381 3423 496 3484 uterque
523 3415 619 3471 incidit
636 3416 802 3472 Mercurium
830 3415 870 3469 sio
897 3414 1058 3481 loquentem

89 3507 230 3575 inducens,
258 3515 398 3575 tamquam
416 3510 524 3564 Atlanti
551 3526 647 3580 parum
674 3508 798 3580 prolifieo
817 3506 905 3562 trihus
923 3504 1062 3560 uxoribus

87 3616 156 3669 opus
174 3600 264 3669 luerit,
283 3608 313 3655 ut
332 3618 365 3656 ex
384 3618 439 3657 nna
456 3602 559 3658 liberos
577 3604 717 3674 gigneret3
737 3601 803 3672 quid
816 3601 887 3656 enim
901 3599 935 3653 ad
949 3598 1052 3654 Maiam

87 3693 201 3749 alterins
224 3701 252 3748 et
270 3695 360 3750 tertiae
378 3695 471 3750 uxoris
490 3695 651 3765 significatio
663 3696 801 3765 pertinet?
821 3692 950 3749 Cumulus
962 3698 1056 3746 autem

86 3787 274 3856 perversitatis
293 3788 321 3841 in
339 3804 372 3842 eo
392 3796 442 3856 est,
459 3789 540 3858 quod,
561 3806 622 3844 cnm
644 3790 672 3843 in
690 3788 808 3856 antiquis
822 3784 1053 3841 lanulisatlontis

86 3885 192 3934 tautum
221 3887 249 3935 et
274 3879 392 3934 filiorum
419 3883 523 3936 mentio
550 3881 637 3951 fieret,
664 3882 757 3936 arruns
780 3879 911 3935 memoria
937 3877 1054 3933 obscura

86 3979 160 4028 esset
186 3979 235 4028 aut
260 3974 344 4041 nulla,
372 3981 469 4044 postea
497 3983 587 4045 poetae
615 3983 643 4031 et
672 3973 850 4045 grammatici,
879 3971 925 4039 qni
943 3969 1052 4026 fabulas

85 4067 335 4135 persequebantur,
368 4067 490 4124 diversas
512 4069 635 4124 Atlantis
669 4084 769 4123 uxores
796 4066 946 4132 tinxerunt,
982 4063 1059 4118 alius-

85 4159 236 4228 Pleionam,
254 4159 325 4214 alius
344 4160 494 4230 Steropam,
513 4162 584 4217 alius
604 4162 735 4229 AEthram‚
759 4175 848 4227 nemo,
867 4157 940 4226 quod
960 4157 1053 4225 seiam,

88 4260 136 4307 ant
154 4251 223 4307 duas
243 4262 289 4308 ant
308 4261 364 4309 tres
383 4254 476 4323 simu13
499 4254 593 4322 itaque
612 4255 704 4321 eriis,
724 4254 770 4322 qni
788 4251 931 4321 Euripidis
949 4258 1052 4319 tragoe-

88 4344 160 4399 diam
172 4347 252 4416 primi
271 4354 472 4416 spectaverunt,
490 4364 568 4403 nemo
587 4348 776 4402 intellecturus
795 4351 862 4413 erat,
881 4360 941 4413 quoe
960 4350 1053 4399 esseut

85 4439 141 4493 illa
169 4446 255 4507 τρεῖς,
285 4457 354 4509 quas
382 4440 540 4497 Dindorfius
567 4440 688 4509 induxit3
722 4438 923 4494 Herwerdenus
954 4438 1057 4494 saltem

85 4529 204 4603 α’λόχοος
222 4533 379 4603 appellavit.
