2662 5062
265 279 328 343 m
506 290 508 293 ¹
610 247 916 350 mmmm

225 480 330 546 durius
351 476 470 555 incidit,
490 475 638 542 dolemus.
672 476 792 543 Deinde
813 479 917 543 eutem
939 496 1061 562 aeque,
1082 481 1120 545 ut
1140 498 1237 564 saepe,
1259 498 1294 546 sn

225 594 337 668 arque
357 584 458 648 ortum
480 584 536 662 est,
558 584 594 646 ut
613 582 680 647 hese
705 582 857 648 efficiatur
881 583 993 648 forme:
1024 583 1175 662 dolere,
1197 585 1293 668 qnod

224 689 313 755 dest
346 687 496 772 aliquid
528 691 594 754 sut
629 688 774 754 insidit
809 687 957 765 durius,
1007 691 1124 773 etque
1157 691 1293 756 mirari

225 797 294 862 ent
315 793 477 880 indigne
498 795 601 859 ferre
623 796 682 860 oet.

326 933 394 999 Ibd.
419 932 468 1012 16,
506 934 541 998 l:
584 933 736 998 Deinde
764 932 919 1013 (suadebit
940 934 1061 1013 virtus),
1083 936 1126 1000 ut
1147 936 1201 1002 sis
1223 937 1290 1002 im·

224 1039 389 1106 mobilis
415 1041 453 1104 et
474 1040 609 1105 eontra
629 1038 773 1104 mulum
795 1057 838 1103 ex
859 1039 963 1104 bono.
1017 1040 1165 1106 Abundat
1186 1027 1292 1107 vitiose

225 1149 284 1227 et,
317 1145 397 1230 qued
429 1146 552 1229 Lipsius
578 1145 766 1232 proximique
795 1145 995 1211 sustulerunt.
1049 1146 1183 1211 Rectum
1217 1148 1291 1212 erit:

188 1294 191 1300 -
226 1253 264 1317 et
285 1255 422 1317 eontra
444 1250 586 1316 melum
619 1256 670 1326 (ne
703 1250 864 1326 admittes)
890 1260 922 1312 et
944 1268 988 1315 ex
1007 1251 1101 1317 bono
1123 1253 1179 1335 (ne
1202 1271 1238 1317 ex
1260 1271 1295 1318 eo

186 1363 407 1450 puerone).
525 1427 530 1434 ,

325 1495 398 1583 lod,
448 1497 503 1573 17,
553 1495 592 1559 2:
641 1494 713 1559 eur
760 1513 868 1560 uuum
917 1497 1159 1579 disponitur?
1222 1498 1301 1563 Cur

224 1603 382 1668 arbores
425 1594 524 1667 nihil
566 1604 706 1683 praeter
747 1602 919 1666 umbram
959 1599 1104 1665 deturae
1137 1619 1301 1667 conser-

224 1711 389 1775 ventur?
441 1705 493 1772 Sis
535 1707 564 1770 Α
613 1707 645 1783 1;
695 1705 829 1770 seeundo
870 1724 980 1771 manus
1029 1706 1102 1772 fecit
1145 1727 1303 1781 ervum,

225 1813 305 1898 qnod
341 1814 434 1879 miror
467 1811 619 1878 Haesiunr
654 1810 820 1892 recepisse;
853 1831 926 1877 nem
958 1831 1066 1878 ervum
1097 1831 1198 1895 neque
1232 1813 1303 1878 dis·

224 1918 364 2003 ponitur,
407 1921 506 2005 neque
540 1918 605 1982 eius
637 1915 810 2001 dispositio,
854 1918 880 1984 si
913 1919 977 1984 ulle
1009 1920 1108 1997 esset,
1151 1919 1191 1984 ed
1220 1919 1306 1985 'vitae

224 2026 257 2089 et
307 2025 407 2090 cultus
457 2024 645 2109 elegantiam
695 2024 870 2108 pertineret.
936 2024 1000 2089 Alii
1049 2024 1139 2108 longe
1197 2024 1309 2090 disee⁶

226 2130 319 2196 dunt:
364 2129 438 2196 Cur
473 2133 601 2196 eutem
636 2129 773 2198 domus
807 2128 1055 2214 disponitur?
1103 2129 1309 2209 (Fickerturn

227 2236 360 2314 omitto.)
403 2236 532 2302 Poterat
557 2236 589 2300 in
619 2238 757 2300 mentem
789 2234 894 2300 venire
929 2254 1076 2313 uurnm;
1110 2236 1167 2303 sed
1195 2239 1309 2321 potius

228 2342 390 2426 argentum
413 2345 498 2418 (rese
530 2341 617 2406 abaci
651 2342 683 2406 et
704 2341 830 2405 triclinii
852 2344 1007 2426 urgentes)
1029 2343 1180 2408 nominari
1203 2343 1314 2409 debe-

226 2447 290 2525 bat,
312 2466 379 2530 quae
402 2445 562 2529 dispositio
573 2445 654 2511 infre
671 2445 876 2530 significetur:
899 2465 969 2513 nee
990 2450 1159 2513 temere.
1173 2497 1180 2511 .
1194 2450 1310 2516 ‚eolo

225 2553 386 2618 locetur
415 2552 636 2635 argentum,
671 2551 741 2616 sed
773 2552 904 2636 perite
938 2553 1111 2618 struitur
1133 2554 1191 2632 (sio
1217 2557 1303 2622 enim

228 2660 311 2723 recte
332 2656 456 2741 Lipsius
481 2660 513 2722 et
533 2657 639 2722 Douse
667 2676 723 2740 pro
745 2659 931 2760 sorvitpn
963 2659 1045 2742 quod
1077 2659 1130 2743 qui
1161 2663 1303 2734 servent,

226 2763 370 2828 videntur
390 2764 498 2844 putere
518 2762 625 2828 eodem
637 2761 728 2828 modo
744 2781 798 2848 pro
814 2782 860 2845 eo,
882 2763 962 2848 quod
984 2767 1032 2830 est
1053 2764 1303 2836 ministrare,

226 2867 301 2945 dici,
322 2886 382 2957 quo
404 2867 558 2933 Gallicum
581 2868 723 2945 servin
749 2887 807 2934 nee
828 2870 939 2935 melius
968 2872 1178 2953 servetur).
1240 2873 1302 2938 Re·

227 2972 492 3058 linquiturpquod
512 2974 646 3058 primurn
667 2976 818 3057 tunquam
840 2976 1035 3059 aptissimum
1063 2994 1223 3042 occurrere
1247 2978 1299 3042 de·

231 3078 335 3157 behet,
358 3081 393 3144 ut
414 3098 451 3144 ex
471 3101 493 3140 u
514 3079 663 3145 faciemus
686 3080 739 3141 ori
762 3080 1006 3164 scribemusqne:
1049 3080 1122 3147 Cur
1155 3085 1297 3146 atrium

226 3183 457 3267 disponitur
478 3188 522 3262 (et
540 3172 726 3270 imaginibus
749 3187 983 3270 stemmatisque
1005 3186 1294 3272 orneturedsplen·-

229 3286 370 3367 dorem?
411 3289 491 3355 Tum
524 3292 609 3356 recte
644 3293 715 3358 ente
751 3290 927 3358 Fickertum
963 3311 1061 3378 usque
1092 3295 1132 3360 eb
1170 3295 1295 3361 Erasmo

228 3393 377 3484 scriptum
408 3394 503 3462 fuisse
531 3401 808 3476 conseruntur,
841 3398 868 3464 si
900 3417 960 3465 non
987 3399 1167 3466 ostenderet
1194 3401 1294 3486 inepte

227 3499 466 3568 oonservotionis
487 3504 603 3570 mentio
627 3505 660 3569 in
682 3504 844 3589 elegentiae
868 3504 984 3584 studio,
1017 3505 1094 3572 setis
1127 3505 1294 3573 declareret

226 3601 395 3683 deturae3
432 3625 504 3672 nem
529 3611 749 3675 conserventur
781 3609 903 3675 arbores
926 3611 1068 3676 umbram
1090 3611 1155 3677 iem
1177 3612 1292 3678 dentes.

228 3706 286 3773 Vel
309 3727 345 3774 ex
366 3709 423 3776 hoo
443 3730 503 3778 uno
524 3713 589 3779 loco
612 3713 712 3779 ethis
734 3714 832 3780 tribus
854 3715 1015 3799 seripturis
1036 3717 1179 3797 (enum,
1208 3737 1294 3784 oon·

225 3817 451 3893 serventur,
485 3820 676 3903 servitur)
710 3820 848 3886 eodieum
884 3822 1192 3904 suspendendum
1226 3842 1292 3889 oon·

227 3918 344 4009 iunctio
365 3922 397 3986 et
425 3923 490 3990 eius
511 3923 643 4001 librarii,
684 3925 737 4010 qui
771 3945 841 3991 euru
864 3931 917 3992 eut
938 3927 1046 4006 illum,
1083 3928 1166 3994 unde
1188 3929 1291 3995 ductu
