2678 5018
239 319 279 382 u
597 314 857 386 mama

305 513 372 579 lbd.
404 513 465 577 847
488 513 539 591 (V,
575 513 604 589 2,
640 514 682 589 8).
728 511 910 589 Videndum,
940 509 1262 591 requireremus

203 621 315 686 timore
336 620 396 684 huo
416 619 490 683 illuo
510 618 623 702 fugisse
644 617 757 694 narret
778 635 887 698 parum
909 617 980 698 apte
1001 616 1097 680 dieat:

846 721 891 785 ite
913 720 1104 786 miserrimus

335 828 393 892 Fui
415 827 585 911 fugitando,
612 846 650 892 ne
673 827 741 909 quis
761 845 812 891 me
834 828 1041 911 eognososret,

198 934 360 1017 potiusque
374 932 569 998 scribendum
590 933 647 997 sit:
753 1004 755 1009 ,
853 947 859 958 ·

399 1037 466 1100 Rau·
485 1038 656 1122 fugitando,
679 1057 717 1103 ne
739 1037 806 1120 quis
827 1056 870 1101 m.
892 1056 919 1102 o.

301 1141 370 1207 Ibd.
394 1142 474 1205 1003
496 1142 548 1223 (V,
570 1143 601 1217 6,
624 1144 655 1220 2)
691 1142 888 1209 scribendum
918 1140 1039 1206 ridetur
1069 1157 1130 1203 una
1156 1138 1263 1203 littero
1294 1188 1305 1206 .

199 1266 322 1312 munus:

241 1352 418 1434 Numquam
434 1352 542 1434 edepol
563 1353 724 1435 quiequam
746 1352 808 1416 iarn
830 1350 894 1430 diu,
924 1347 1006 1431 quod
1026 1347 1126 1431 magis
1147 1344 1262 1410 uellem

1082 1470 1216 1525 eueurre,

245 1560 290 1625 mi
312 1561 424 1638 euenit,
447 1579 538 1644 quam
552 1562 701 1645 quomodo
713 1562 781 1644 (pro
802 1561 884 1645 qood
903 1558 1006 1633 omdo)
1021 1565 1112 1623 senex
1131 1557 1213 1622 intro
1225 1554 1265 1621 ad

918 1683 974 1728 nos
994 1663 1081 1727 uenit
1101 1680 1216 1726 errans.

305 1771 411 1853 Neque
433 1772 524 1846 enim,
559 1772 638 1855 quod
659 1772 797 1848 intravit
819 1768 962 1854 Pythiadi
983 1767 1094 1853 gaudio
1114 1767 1184 1841 fuit,
1210 1766 1265 1831 sed

200 1875 312 1941 modus
333 1875 467 1939 intrandi
490 1879 521 1940 et
542 1896 632 1942 error.

304 1980 694 2058 lmwfflffidm:

268 2087 333 2150 ΡΑ.
378 2085 535 2167 Siquidem
568 2087 649 2150 istuo
675 2086 798 2169 impune
831 2084 985 2149 habueris.
1033 2083 1096 2147 PY.
1139 2083 1265 2147 Verum.

582 2192 649 2257 ΡΑ.
693 2190 833 2255 Reddam
855 2190 966 2254 herole.
1011 2189 1073 2255 PY.
1117 2189 1224 2255 Credo.

307 2295 393 2359 Nihil
413 2296 444 2370 in
466 2292 629 2380 Pythiadis
651 2313 783 2376 persona
804 2296 876 2377 apte
897 2294 1051 2378 signifieat
1072 2317 1180 2358 aemam
1201 2297 1267 2372 (ant

202 2398 341 2478 oemunt)
391 2399 603 2466 continuando
624 2401 669 2464 sio
689 2400 889 2467 Parmenonis
911 2400 1018 2465 uerba:

166 2568 174 2579 ,,
263 2505 420 2589 Siquidem
442 2506 521 2568 istuo
542 2506 666 2587 impune
691 2504 852 2579 habuerim
875 2523 982 2568 uerum
1005 2503 1129 2569 reddam
1153 2506 1265 2572 hercle.

144 2604 148 2607 ”
1011 2609 1073 2673 ΡΥ.
1117 2609 1225 2676 Credo.

307 2712 654 2781 Heautontimorumen.
679 2715 739 2776 112
761 2714 851 2792 (1,.1,
874 2712 946 2792 60):

372 2817 471 2883 Simul
492 2837 557 2883 rem
580 2822 612 2884 et
631 2819 761 2903 gloriam
784 2819 878 2884 armis
900 2818 976 2884 belii
997 2818 1125 2901 repperi.

307 2923 386 2988 Mire
418 2923 555 2989 abundat
581 2923 651 2987 delli
678 2925 710 2987 et
731 2924 799 2988 sine
821 2924 892 3002 ullo,
925 2926 960 2988 ut
982 2924 1097 3007 opinor,
1119 2922 1269 3004 exemplo.

205 3028 411 3093 Soribeudum
433 3028 555 3092 videtur
576 3028 649 3091 belle
669 3028 797 3112 repperi.

307 3133 374 3199 lbd.
398 3133 457 3195 148
485 3135 522 3207 (I,
549 3135 665 3210 1,96):

360 3239 491 3303 Deoreui
513 3241 662 3320 tantisper
684 3256 734 3301 me
756 3238 858 3302 minus
882 3235 1011 3309 iniuriae,

358 3343 512 3415 Chremes,
535 3362 603 3408 meo
626 3345 719 3426 gnato
741 3342 850 3420 iaoere,
873 3342 948 3406 dnm
969 3341 1042 3405 fiam
1065 3339 1170 3405 miser.

307 3449 377 3514 Non
409 3449 483 3513 dum
520 3449 556 3511 fit
590 3447 790 3513 Menedemus
825 3447 931 3524 miser,
963 3445 1074 3510 iniuria
1105 3445 1168 3509 filio
1190 3445 1270 3510 faeta

207 3554 367 3631 minuitur,
389 3541 444 3619 s'ed
467 3554 539 3618 dum
563 3556 619 3617 est.
663 3552 847 3634 Videndum,
868 3570 908 3616 ne
929 3551 1021 3616 soribi
1043 3550 1167 3614 debeat:

806 3657 878 3721 dum
901 3677 1008 3717 usuam
1030 3656 1134 3719 miser.
1157 3648 1159 3650 ’

310 3762 377 3826 Ibd.
400 3764 459 3825 205
486 3764 525 3846 (I,
548 3764 577 3841 2,
600 3762 652 3839 31)
676 3762 772 3826 oratio
794 3761 839 3826 sio
860 3760 1104 3845 interpungenda
1126 3760 1191 3824 est:

781 3884 852 3931 narn
876 3869 1039 3949 parentum
1060 3865 1180 3930 iniuriae

253 3971 342 4035 unius
364 3973 446 4037 modi
468 3975 539 4037 sunt
560 3972 666 4048 ferme,
690 3971 780 4054 paulo
802 3972 1033 4056 quiesthomo
1055 3969 1238 4044 tolerabilis3

253 4078 381 4141 soortari
403 4077 507 4141 orebro
533 4077 652 4156 uolunt,
675 4076 782 4141 uolunt
803 4078 905 4143 crebro
927 4073 1124 4141 oouuiuarier.
