2678 5016
260 320 320 384 m
596 288 884 388 'mmmm

316 516 384 582 Ibd.
407 515 467 578 345
489 535 576 600 sqq.:
1114 585 1116 588 ,

301 622 486 704 Lampsaeos
508 621 567 686 hoe
592 619 706 686 animal
727 617 820 711 solita
840 619 889 683 est
910 619 1045 682 mantare
1068 617 1196 701 Priapo:

345 727 419 808 apta
440 725 518 790 asini
539 725 673 790 flammis
694 723 804 788 indicis
826 724 896 788 exta
918 721 1036 787 damus.

304 829 403 909 Quem
424 831 470 910 tu,
493 830 573 904 dive,
595 849 715 896 memor
736 829 775 894 de
797 847 876 911 pane
898 827 1064 893 monilibus
1087 845 1184 892 ornas.

219 935 402 999 Perversum
435 934 526 1010 adeo,
557 935 659 1018 qualia
691 953 771 998 nuno
805 935 907 998 celera
934 934 1021 1008 sunt,
1055 932 1133 997 illud
1166 932 1285 1011 damno,

222 1038 302 1122 quod
324 1039 362 1104 de
377 1040 525 1105 Romanis
547 1037 680 1122 intelligi
701 1056 827 1104 neeesse
850 1039 898 1103 est
920 1036 992 1114 (etsi
1006 1036 1206 1102 manifestum
1228 1040 1288 1114 est·

220 1145 251 1209 in
274 1165 361 1228 quem
394 1153 425 1205 to
458 1144 626 1210 orationem
649 1145 785 1208 converti
817 1163 835 1207 a
876 1141 1105 1224 Lampeaoenis,
1140 1161 1196 1207 suo
1229 1141 1285 1207 deo

220 1249 340 1314 asinum
361 1250 510 1327 indicem,
538 1249 590 1333 qui
612 1248 677 1314 eius
700 1247 825 1313 eonsilia
847 1248 1043 1329 perturbarit,
1065 1246 1284 1322 mactantibus,

221 1354 260 1418 ad
281 1354 444 1429 honorem,
466 1355 518 1438 qui
542 1354 642 1420 eidam
665 1352 793 1419 animali
816 1353 918 1417 Vestae
941 1369 1034 1416 eausa
1055 1352 1228 1432 habeatur),
1251 1353 1286 1417 ut

221 1459 368 1525 Heinsius
382 1462 483 1525 totum
501 1459 652 1526 distiebon
670 1460 738 1525 tolli
753 1457 894 1535 voluerit,
918 1457 998 1539 quod
1020 1457 1047 1521 ei
1068 1456 1112 1532 fir,
1137 1477 1226 1541 quem
1247 1457 1286 1522 ad

221 1564 368 1648 Priapum
397 1567 438 1649 (r.
460 1565 520 1628 344
542 1564 606 1642 ille)
629 1565 742 1630 referre
764 1563 917 1648 cogimu13
940 1581 1037 1646 neque
1059 1562 1141 1627 onim
1162 1581 1285 1646 prorsus

221 1669 427 1752 superioribus
449 1671 587 1754 ignotum
609 1672 676 1734 erat
699 1670 757 1735 hoo
780 1668 910 1743 delendi,
932 1686 999 1752 quae
1021 1665 1157 1750 expediri
1179 1668 1286 1751 nequi-

221 1777 303 1848 rent,
324 1773 503 1839 remedium.
546 1774 606 1840 Pro
639 1784 712 1858 opto
741 1774 833 1838 codex
862 1774 888 1837 H
920 1773 1132 1856 (Hermione),
1170 1774 1202 1838 in
1229 1775 1284 1838 hae

221 1880 309 1960 parte
331 1879 410 1943 inter
432 1879 557 1945 minime
580 1881 692 1957 malos,
723 1879 862 1961 aprima
883 1875 977 1945 manu
998 1888 1101 1963 apoto.
1146 1879 1290 1965 scripse-

221 1984 271 2047 rat
295 1982 435 2048 Ovidius:

304 2088 496 2171 Lampsaeos,
513 2090 571 2153 hoo
592 2088 707 2153 animal
728 2087 820 2153 solita
841 2090 889 2153 est
910 2071 1196 2173 maetarePriapo,

341 2193 432 2278 fata:
456 2189 546 2259 Asini
566 2194 701 2259 fiammis
721 2193 833 2259 indicis
856 2196 924 2258 exta
946 2193 1066 2258 damus.
1190 2193 1192 2197 ’

321 2300 390 2364 Iam
411 2299 691 2381 Lampsacenorum
713 2300 778 2364 haeo
799 2301 873 2364 sunt
894 2299 995 2376 verba,
1017 2299 1064 2364 sui
1078 2299 1222 2365 saorifioii
1236 2319 1286 2365 ra·

221 2403 337 2470 tionem
359 2403 563 2470 reddentium.
617 2403 725 2482 (Paulo
747 2406 859 2469 antev.
872 2404 931 2467 341
956 2404 1068 2469 vellem
1090 2406 1285 2471 scriberetur:

356 2511 436 2587 Ibat,
458 2512 493 2575 ut
514 2510 670 2588 institerat,
692 2511 775 2594 longi
798 2509 873 2575 deus
894 2510 1097 2593 Hellesponti.

222 2616 304 2680 Nam
325 2614 493 2697 incipiendi
515 2615 676 2680 eonsilium
697 2615 804 2698 inepte
826 2616 1037 2699 significatur.)

322 2720 388 2785 Ibd.
412 2720 484 2797 395,
509 2719 604 2782 396:v

379 2826 469 2890 Forte
491 2825 667 2889 revertebar
688 2825 777 2890 lestis
798 2824 974 2893 Vestalibus
995 2824 1061 2901 illa,

416 2949 475 3013 qua
496 2948 575 2994 nova
595 2931 732 2994 Romano
753 2948 833 2994 nuno
856 2928 906 2994 via
926 2928 1032 2992 iuncta
1053 2928 1118 2993 soro
1142 2929 1199 2993 est.

223 3036 296 3116 Ipsa
316 3052 395 3099 nova
415 3036 465 3100 via
488 3033 616 3101 Ovidius
641 3035 868 3100 revertebatur:

380 3141 473 3205 Forte
492 3141 668 3206 revertebar
689 3138 776 3205 festis
800 3138 976 3205 Vestalibus
997 3138 1061 3211 ille,

423 3267 490 3328 qno
511 3264 590 3312 nova
610 3248 749 3312 Romano
772 3265 852 3311 nune
873 3245 923 3310 via
944 3245 1050 3309 iuneta
1070 3244 1137 3309 foro
1159 3248 1217 3318 est,

224 3349 282 3415 hoo
304 3351 352 3415 est
383 3350 456 3425 ,illa
477 3352 546 3426 via,
569 3360 667 3433 quae“,
701 3351 892 3417 substantivo
914 3350 945 3413 in
971 3349 1158 3415 sententiam
1183 3349 1294 3415 relati·

225 3474 295 3520 vam
318 3455 556 3538 subsequentem
578 3455 702 3522 reiecto.
738 3457 862 3535 (Horat.
885 3454 971 3539 epod.
995 3455 1024 3533 2,
1040 3453 1101 3517 37:
1123 3451 1293 3530 molarum,

227 3584 304 3645 quae
325 3583 413 3624 amor
435 3582 524 3622 ouras
545 3559 640 3635 babel,
666 3559 860 3624 obliviscitur.
924 3560 984 3625 Vol
1003 3559 1110 3625 Livius
1132 3558 1218 3636 XXI,
1242 3559 1295 3640 29,

225 3666 260 3730 6:
284 3689 352 3728 oum
374 3687 422 3746 eo,
446 3667 500 3749 qui
514 3665 638 3749 primus
658 3684 689 3726 se
709 3665 861 3728 oblatraret
873 3665 1034 3729 Romanam
1057 3664 1215 3740 exercilus,
1237 3666 1296 3730 ubi

224 3770 286 3837 alia
307 3772 421 3838 similia
442 3771 588 3836 annotata
610 3772 705 3847 sunt.)

189 3911 193 3917 ·
325 3876 393 3941 Ibd.
414 3873 486 3952 433,
508 3874 587 3939 434:

361 3980 422 4045 Seu
444 3997 539 4062 genus
561 3979 699 4058 Adrasti,
721 3999 775 4045 son
797 3979 886 4045 furtis
909 3980 999 4063 aptus
1021 3978 1138 4060 Ulixes,

429 4101 483 4149 seu
504 4083 573 4166 pius
594 4084 706 4152 Hneas
728 4084 876 4169 eripuisse
897 4085 998 4152 datur.
