2678 5016
263 304 325 369 rw
621 306 886 377 mmmm

376 505 495 569 lonium
509 504 616 588 AEgaeo
630 505 818 588 [πράως
840 505 885 568 sic
906 503 959 587 nbi
980 523 1071 578 seva
1092 511 1162 583 oet,

109 635 120 659 ·
222 609 1054 692 etmaremalamanuadditumputoadloumm.
1147 672 1152 680 ,

320 717 386 781 Lib.
408 716 462 791 lv,
484 716 544 777 671
571 736 654 799 sqq.:

407 892 412 897 ,
651 842 712 903 qua
732 827 806 886 sunt
825 820 1007 903 longissima
1025 840 1130 904 regua

355 928 479 992 cardine
500 927 540 991 ab
561 927 690 990 occiduo
712 925 829 987 vicinus
852 923 988 989 Gadibus
1010 927 1101 990 Atlas

356 1033 512 1104 terminat,
533 1051 552 1095 a
573 1031 677 1095 medio
698 1029 826 1095 confinis
847 1028 986 1112 Syrtibus
1006 1032 1150 1096 Ammon.

321 1138 380 1218 Qui
417 1137 642 1222 longitudinem
678 1139 732 1199 ant
760 1136 848 1218 regni
876 1138 937 1200 aut
961 1136 1041 1200 alius
1066 1135 1112 1199 rei
1147 1137 1287 1214 metitur,

223 1262 285 1309 non
308 1244 527 1309 occidentalem
564 1248 597 1307 et
616 1241 754 1306 medium
786 1240 879 1304 finem
909 1242 1034 1318 iudicat,
1053 1241 1114 1305 ned
1143 1243 1289 1308 occiden-

220 1350 317 1415 talem
339 1353 371 1414 et
391 1348 581 1415 orientalem
625 1346 755 1429 Scripsit
775 1347 933 1413 Lucanus:

377 1454 533 1529 terminat,
557 1453 626 1515 Eoo
646 1452 775 1516 confinis
795 1451 936 1535 Syrtibus
958 1454 1102 1518 Ammon.

320 1559 438 1625 Deinde
461 1581 489 1623 v.
517 1559 588 1631 675,
622 1558 684 1620 676
715 1557 806 1641 vulgo
835 1559 881 1621 sic
907 1558 1167 1642 interpuuguutur
1189 1561 1286 1644 (apud

221 1666 482 1748 Oudendorpium.
518 1665 741 1735 Burmannnm,
771 1664 962 1744 Weberum),
985 1664 1070 1727 nulla
1095 1666 1223 1732 omniuo
1251 1669 1286 1732 ut

218 1772 262 1836 sit
282 1772 450 1846 sententia;
473 1772 650 1854 interpungi
671 1770 784 1835 debent
804 1770 868 1833 sio:

345 1878 389 1940 At
409 1896 469 1959 qua
489 1876 555 1941 lata
575 1876 666 1953 iacet,
689 1877 769 1940 vasti
790 1876 884 1958 plaga
903 1875 1019 1940 fervida
1041 1876 1128 1958 regui

345 1981 472 2047 distinet
495 1981 651 2046 Oceanum
675 2001 819 2063 zouaeque
842 1984 949 2046 exusta
973 1981 1111 2046 calentis.

344 2085 507 2151 Sufficiunt
528 2087 627 2169 spatio
648 2087 751 2170 populi
772 2090 834 2161 tot;
860 2089 961 2150 castra
981 2091 1152 2170 sequnntur

348 2193 517 2268 Autololes,
538 2196 597 2258 cet.

219 2298 302 2362 lubae
337 2301 463 2370 terram,
501 2317 560 2380 qna
595 2297 749 2361 latissima
772 2298 823 2370 sit,
860 2295 982 2360 extendi
1018 2300 1110 2380 poeta
1137 2297 1213 2364 dicit
1243 2300 1282 2364 ab

219 2401 341 2468 Oceano
384 2403 475 2481 (mari
507 2403 746 2474 mediterraneo)
783 2401 823 2466 ad
861 2420 943 2466 zonae
976 2401 1104 2467 calentis
1143 2401 1280 2480 deserta;

217 2509 317 2590 spatio
340 2507 434 2592 (qnod
464 2507 654 2592 longitndine
691 2509 723 2571 et
751 2506 914 2572 latitudine
941 2507 1075 2573 indicata
1102 2507 1281 2585 declaravit)

219 2613 365 2695 explendo
398 2614 539 2679 sufficere
570 2616 617 2678 tot
638 2617 723 2696 (quot
744 2614 787 2678 ibi
811 2614 887 2691 siut)
910 2613 1052 2696 populos;
1085 2632 1158 2678 uam
1180 2617 1281 2680 caetra

220 2721 342 2784 secutos
366 2737 433 2784 esse
455 2719 625 2790 Autololes,
649 2722 707 2784 oet.
1258 2794 1262 2800 ,

317 2824 384 2888 Lib.
415 2822 460 2899 V,
492 2821 553 2884 533
583 2843 659 2906 sqq,
689 2826 741 2890 nbi
771 2824 873 2890 Cesar
902 2825 1079 2907 Amyclam,
1115 2845 1280 2910 pauperem

217 2930 356 3003 nautam,
389 2929 547 3010 promissis
580 2929 619 2994 ad
640 2950 673 2995 se
694 2931 726 2993 iu
748 2930 871 2994 Italiam
893 2929 1152 2997 transvebendum
1175 2933 1281 2998 exhor-

215 3033 310 3112 tatur,
332 3033 377 3098 sio
398 3034 561 3099 scribitur:

854 3143 880 3207 si
903 3143 987 3207 iussa
1008 3144 1129 3207 secutus

356 3262 407 3309 me
430 3244 514 3309 uehis
536 3245 728 3329 Hesperiam,
754 3266 814 3312 nou
836 3248 1048 3313 draconeto
1072 3249 1183 3313 carinae

358 3351 495 3424 debebis,
518 3353 719 3435 manibusque
741 3353 861 3436 inopem
885 3354 1007 3419 duxisse
1029 3358 1194 3419 senectam:

316 3456 443 3523 Frustra
465 3458 616 3536 laborant,
650 3461 686 3522 ut
707 3477 743 3522 er
764 3458 812 3522 bis
835 3477 959 3523 sensum
983 3459 1160 3536 extendant,
1192 3460 1280 3523 debe-

213 3559 260 3621 bis
297 3564 405 3627 contra
448 3565 595 3630 sermonis
630 3565 772 3628 naturam
811 3564 870 3629 ulio
907 3565 1080 3648 significatu
1115 3566 1147 3628 in
1180 3564 1278 3631 altero

215 3666 353 3730 membro
384 3671 515 3751 repetito
548 3679 620 3750 (nou
646 3672 756 3736 cuneta
786 3670 898 3735 eariuae
920 3671 1054 3748 debebis,
1076 3685 1131 3735 neo
1152 3669 1280 3736 debebis

211 3767 343 3843 duxisse,
382 3772 439 3839 hoc
478 3780 535 3854 est,
569 3796 625 3842 neo
657 3795 734 3859 opus
766 3776 823 3841 tibi
859 3777 918 3841 erit
952 3777 1097 3853 duxisse).
1139 3777 1281 3859 Apparet

214 3873 375 3952 oohaerere,
397 3881 432 3943 nt
453 3882 559 3948 divelli
580 3903 640 3949 non
663 3882 793 3964 possint,
828 3883 940 3945 carim
961 3884 1170 3967 manibusque.
1213 3882 1280 3948 Re·

210 3977 294 4062 liqna
317 3985 441 4049 sanabit
461 3987 609 4055 facillima
629 3993 660 4055 et
682 3990 767 4054 certa
789 3988 976 4062 emendatio:
