2654 5010
388 655 548 711 Ammianus
565 656 753 713 Marcellinus.
1002 657 1063 722 259

33 895 42 912 .
67 895 75 910 .
99 896 106 912 .
131 849 376 916 defendatis
429 852 476 917 De
496 851 598 919 uerbis
620 856 692 935 post
712 854 932 936 splendent
952 854 1107 938 suppletis

13 955 117 1029 ,nihil
139 974 189 1021 mc
210 957 373 1033 ultirmare,
395 957 472 1023 nihil
493 977 569 1043 opus
591 962 640 1025 est
660 959 733 1024 dici.

138 1061 218 1127 Ibid.
241 1062 270 1140 6,
293 1062 329 1126 2:
352 1063 467 1130 onius
490 1065 640 1149 (Singara
657 1064 757 1142 urbis)
779 1070 1108 1150 propugnatores

31 1166 124 1232 riso
159 1166 274 1233 hoste
309 1169 568 1253 longissime,
612 1170 767 1236 clausis
803 1172 915 1237 ocius
956 1173 1107 1255 portis,

33 1272 277 1357 ingentibus
311 1276 459 1341 animis
489 1293 556 1359 per
585 1276 722 1343 turres
752 1276 1040 1344 discurrebant
1066 1283 1107 1344 et

32 1377 182 1457 miuus,
216 1398 310 1445 sura
341 1382 625 1465 tormentaque
657 1381 809 1448 bellica
837 1387 1106 1467 congerentes

31 1485 95 1550 oet.
145 1485 215 1550 Nou
241 1504 298 1567 per
325 1488 426 1552 turres
449 1489 482 1552 et
503 1488 613 1568 minas,
636 1506 705 1572 quen
725 1489 808 1554 ultra
828 1489 954 1555 modum
977 1488 1108 1555 ridicule

32 1591 275 1675 coniunguntur,
320 1594 374 1659 sed
411 1593 649 1678 ingentibus
686 1595 833 1660 animis
869 1615 936 1677 per
971 1596 1105 1661 turres

33 1699 327 1764 discurrebant
347 1701 388 1764 et
407 1698 511 1767 ruinis.

139 1804 219 1871 Ibid.
245 1807 291 1883 ll,
315 1808 355 1868 28
384 1805 431 1881 (in
460 1805 665 1888 descriptione
692 1804 810 1881 iridis):
841 1810 986 1889 quartu
1007 1813 1107 1887 (pars)

34 1911 130 1976 ideo
153 1914 365 1995 purpurat,
395 1912 495 1995 quod
526 1912 816 1977 intermicante
844 1912 1105 1996 asperginum

35 2017 250 2083 densitate
285 2035 354 2101 per
386 2035 483 2102 quas
515 2019 647 2083 oritnr
678 2014 881 2082 radiorum
914 2017 1108 2102 splendor

33 2121 300 2206 conspiciens
334 2122 515 2189 offendit
545 2127 753 2206 aspectum
789 2122 977 2190 flammeo
1014 2142 1106 2206 pro·

32 2230 189 2314 piorem
211 2233 270 2294 cet.
314 2229 364 2295 Sic
385 2229 515 2295 codices.
562 2229 621 2294 Pro
643 2229 776 2294 oritur
801 2228 964 2296 infeliciter
985 2229 1106 2296 Grono-

32 2337 107 2401 vius
128 2334 301 2400 moritur
323 2336 457 2418 scripsit,
480 2353 570 2419 quem
594 2334 729 2402 editores
751 2336 848 2403 secuti
871 2338 952 2402 sunt.
997 2336 1108 2420 Neque

34 2442 120 2508 enim
152 2441 282 2507 moritur
313 2440 468 2524 splendor,
502 2441 556 2507 sed
588 2441 704 2507 mixtus
736 2442 951 2527 asperginibus
978 2443 1009 2507 in
1031 2460 1106 2524 pur·

33 2566 167 2631 pureum
188 2546 319 2613 colorem
343 2549 469 2624 trausit;
503 2547 761 2630 conspiciens
784 2549 900 2615 obiecto
923 2549 1024 2624 caret;
1046 2548 1108 2613 of·

33 2653 173 2720 fendit
205 2670 380 2736 perversum
418 2654 475 2729 est,
512 2654 656 2739 quoniam
691 2656 881 2737 aspectus
919 2654 1109 2720 flammeo

34 2761 202 2846 propior
231 2777 290 2824 uon
321 2761 393 2825 aute
425 2759 514 2825 adest
543 2762 576 2825 et
605 2757 779 2836 offenditur,
803 2760 855 2824 scd
878 2778 959 2825 nunc
981 2759 1107 2825 demum

33 2866 182 2933 nascitur.
226 2864 341 2931 Omnia
361 2869 445 2932 reste
466 2866 543 2931 finnt
564 2882 622 2930 uon
645 2864 765 2930 difficili
788 2882 845 2928 nec
859 2864 968 2930 audaci
986 2883 1107 2930 correc-

35 2974 140 3039 tione:
175 2971 467 3038 intermicante
499 2970 759 3056 asperginum
792 2970 1016 3047 densitate,
1038 2988 1107 3052 per

34 3099 135 3163 quas
150 3079 299 3156 oritur,
314 3078 515 3142 radiorum
530 3075 735 3163 splendorem
754 3075 945 3163 concipicus,
964 3073 1109 3142 osmndb

34 3191 244 3269 aspectum
265 3184 455 3250 flummeo
477 3183 714 3266 propiorem.

137 3302 204 3368 nib.
227 3300 312 3379 XXI,
331 3302 358 3379 1,
375 3300 409 3363 6:
432 3300 602 3367 Accidat
623 3303 755 3365 autem
778 3299 1107 3382 incendebatque

35 3409 124 3476 eins
146 3407 432 3489 cupiditatem,
449 3408 607 3489 pacatis
630 3406 875 3473 iemtlalliis
898 3406 1109 3472 incessere

33 3516 145 3582 ultro
172 3512 474 3591 Constantium,
510 3513 740 3578 coniiciens
776 3531 860 3578 eum
898 3531 965 3597 per
1001 3510 1109 3578 vati-

34 3620 200 3689 cinandi
221 3619 420 3703 praesagia
435 3620 578 3697 multa,
595 3617 890 3702 quaecallebat,
907 3619 944 3683 et
959 3617 1108 3683 somnia

37 3727 163 3795 evita
185 3727 374 3811 protinus
396 3743 664 3791 excessurum.
711 3723 737 3787 ll
760 3723 905 3788 mendoso
927 3723 1107 3801 accidat,

35 3853 90 3918 pro
112 3850 171 3917 quo
190 3833 324 3898 editores
343 3832 536 3898 substituunt
556 3829 771 3896 accidebat
793 3833 847 3895 eut
867 3829 1106 3906 accedebat,

34 3941 167 4007 efficitur
187 3942 289 4022 potius
310 3938 457 4005 acuebat
495 3937 560 4017 [Sic
581 3937 643 4001 iam
665 3935 863 4020 Wagnerns.]
900 3934 960 4000 Sed
984 3933 1107 4017 utrique

33 4047 128 4113 verbo
144 4045 310 4112 manifesto
324 4045 412 4111 deest
426 4044 608 4111 subiectum.
652 4042 761 4125 Neque
782 4040 865 4106 enirn
881 4039 1020 4106 lulianus
1040 4039 1106 4121 ipse

33 4154 96 4219 dici
121 4153 225 4235 potest
248 4150 421 4216 incendisse
447 4151 534 4215 eius
563 4148 778 4232 cupiditatem
810 4167 848 4212 uc
870 4165 957 4212 suam
981 4145 1106 4228 quidem

34 4259 236 4342 cupiditatem
248 4256 341 4323 homo
352 4258 417 4340 ipse
429 4255 589 4322 incendere
601 4256 672 4337 epte
684 4253 805 4320 dicitur.
829 4251 989 4319 Eiusmodi
1001 4253 1105 4315 antem

33 4366 207 4433 subiectum
238 4382 306 4429 erse
335 4363 435 4440 debet,
460 4363 509 4427 cui
531 4362 615 4427 recte
636 4359 885 4426 accommodetur
907 4355 1104 4441 participium

32 4472 277 4548 coniiciens;
301 4470 408 4552 opinor
426 4468 535 4533 luisse:
558 4467 739 4533 Acuebat
760 4467 891 4531 autem
913 4461 1106 4530 incende·

854 4583 906 4637 17·
