2648 5084
189 222 222 317 ἰ
247 286 311 350 610
622 284 849 356 murnum

305 486 372 552 lbd
394 489 424 561 b,
449 485 502 548 12:
550 483 794 568 Eandemque
825 487 1024 551 rationem
1054 488 1256 556 habendam,

206 595 271 660 sed
302 595 340 658 in
372 593 505 675 specie
537 591 697 673 dispari.
750 591 802 656 Sic
835 593 968 657 codices
1017 598 1131 660 Areum
1161 614 1255 665 nomm,

207 702 246 768 de
267 721 328 786 quc
350 701 463 785 agrurn,
484 698 592 763 abesse
613 716 672 762 non
695 716 786 780 posse
816 717 925 762 omnes
946 701 1179 766 intellexerunt
1213 699 1256 766 Sed

206 811 360 893 praterea
397 804 598 890 gerundivum
637 808 670 866 et
695 803 823 868 'infinita
867 806 1022 871 undonis
1068 809 1168 873 forma
1203 808 1257 872 ferri

208 914 327 998 nequit
371 912 501 976 Fuerat:
545 909 784 992 Eandemque
805 912 1000 976 rationem
1023 913 1139 977 babet
1159 936 1258 985 cresc

208 1022 275 1086 sed
302 1022 338 1084 in
360 1039 414 1102 sp.
437 1017 467 1081 d.
521 1015 617 1079 Panlo
647 1016 818 1100 postqned
839 1018 1006 1082 scribitur:
1040 1022 1197 1086 indocte

206 1146 332 1192 arenae
354 1124 430 1189 dici
451 1122 655 1197 videntur.
691 1126 871 1205 tanquam
904 1123 943 1188 id
966 1128 1201 1192 recabnlnm
1218 1129 1259 1191 in·

207 1234 344 1317 digent
364 1229 517 1294 numeri
540 1228 814 1310 amplitudine.
847 1247 927 1293 cum
955 1231 992 1294 ei
1016 1233 1259 1318 singulariter

207 1341 289 1404 diei
311 1336 489 1421 ingenita
510 1335 562 1399 sit
583 1335 777 1399 naturalis
799 1336 860 1399 sui
882 1337 1125 1412 multitudo,
1157 1341 1259 1405 infiniti·

206 1465 263 1511 vus
285 1444 364 1508 diei
396 1441 481 1506 nulla
503 1442 623 1506 ratione
656 1441 696 1504 ad
718 1442 864 1505 orationis
889 1445 1083 1507 structuram
1111 1466 1261 1511 accerume

207 1553 273 1616 dari
296 1553 398 1634 petest
419 1548 570 1630 debetque
591 1548 699 1612 scribi:
732 1567 811 1612 curn
834 1548 866 1610 ei
889 1547 1160 1632 singulariter
1180 1554 1261 1614 dicto

206 1656 388 1740 ingenita
409 1656 464 1719 ait
568 1653 789 1718 multitudo.

307 1762 373 1826 lbd.
398 1760 531 1834 10‚113:
574 1759 749 1824 Petimus
770 1761 908 1844 igitur,
941 1759 1066 1838 dicas,
1105 1765 1261 1848 qnoniam

208 1869 255 1933 de
277 1869 451 1931 llnniano
484 1869 556 1931 iam
579 1867 695 1930 verbo
718 1866 915 1950 quaeritur,
954 1869 1047 1949 quid
1080 1873 1138 1935 sit
1159 1874 1262 1936 motus

206 1973 371 2039 huiusce
409 1992 548 2038 versus
591 1992 739 2038 sensns.
784 1971 833 2036 Sic
869 1971 956 2037 codd
989 1975 1099 2059 (vulgo
1134 1979 1194 2061 qni
1223 1977 1265 2040 sit

208 2081 347 2161 notus).
403 2078 621 2156 Scribendnm:
654 2079 738 2162 quis
769 2080 822 2143 sit
856 2082 971 2140 totius
1004 2080 1036 2143 ln.
1061 2100 1091 2143 v.
1129 2101 1262 2147 sensus.

208 2181 285 2253 Cum
321 2186 450 2251 tsemel
479 2186 627 2267 scriptum
661 2188 744 2249 esset
779 2185 986 2262 (sitotins),
1023 2185 1109 2250 male
1131 2188 1264 2271 supplete

207 2293 319 2359 litterae
354 2296 435 2357 sunt.
495 2290 556 2356 Cir.
588 2290 663 2367 XX,
699 2294 731 2364 1,
769 2290 815 2354 19.
861 2290 953 2370 (Quid
986 2291 1092 2356 dicam
1120 2293 1159 2358 de
1190 2314 1264 2359 rere

207 2400 378 2481 catein§
418 2399 472 2462 12:
515 2400 821 2482 praeterpropter
863 2398 981 2462 vitam
1028 2400 1182 2465 vivitur
1220 2418 1264 2483 pru

208 2509 326 2583 vitat)

307 2611 373 2676 lbd.
397 2610 445 2688 12,
468 2609 531 2676 3in
556 2610 618 2675 his:
647 2612 773 2692 atque,
796 2608 829 2672 si
850 2599 980 2692 pdsset
1001 2612 1123 2676 etiam
1148 2610 1263 2683 obniti

206 2723 247 2781 nt
269 2719 366 2782 totis
387 2721 554 2794 careret,
577 2735 648 2781 non
671 2735 713 2780 ex
735 2733 771 2778 re
792 2713 830 2778 id
851 2715 1081 2790 melius-non
1099 2718 1262 2783 addendum

205 2824 387 2899 eratlore,
421 2824 475 2890 sed
497 2823 617 2896 llXRll,
651 2822 732 2905 qnod
765 2820 840 2885 nihil
861 2821 985 2886 omnino
1008 2823 1039 2887 b.
1065 2822 1084 2886 l.
1109 2825 1263 2909 significat

205 2929 442 2995 convertendum
476 2930 577 3012 ipsum
605 2929 637 2992 in
660 2926 766 2993 FORE
790 2935 877 3006 (non
906 2928 996 3009 fore
1029 2928 1070 2992 id
1106 2932 1261 3004 melius).

205 3035 292 3114 Quod
311 3036 416 3105 antem
440 3035 578 3118 sequitur
597 3034 630 3098 in
652 3033 821 3098 codicibus:
854 3034 1030 3116 quonitm
1066 3035 1260 3123 langueret

203 3142 355 3207 animus
463 3141 724 3207 adfectionum
755 3139 990 3223 quarundam
1013 3141 1260 3210 adminiculis

203 3250 244 3311 nt
265 3249 493 3314 necessario
526 3246 731 3331 plurimum
765 3246 846 3330 peri
869 3248 907 3310 et
933 3248 1134 3328 privatus,
1170 3250 1261 3334 opinor

203 3354 344 3419 subesse:
367 3353 439 3419 ads.
455 3373 510 3437 qil.
534 3353 784 3418 adminiculis
800 3362 832 3414 et
852 3355 1084 3416 necessaria
1096 3356 1260 3439 plurium

202 3461 383 3544 temperie
417 3461 602 3542 privatus.
647 3458 711 3523 lbd.
736 3459 753 3542 ᾗ
783 3458 812 3532 8,
846 3458 897 3523 ubi
919 3457 1049 3542 legitur:
1096 3460 1260 3547 Utager,

201 3564 338 3648 inquit,
373 3565 536 3631 mundns
558 3583 751 3649 purusque
784 3565 868 3642 fiat,
902 3565 982 3630 ains
1016 3568 1131 3632 arbor
1154 3574 1260 3652 atqua

185 3671 297 3746 ,vitis
319 3672 528 3739 fecundior.
574 3670 636 3736 Scr.
660 3672 749 3748 fiat,
773 3683 803 3733 er
827 3681 865 3733 at
885 3672 1004 3735 arbor
1027 3676 1124 3756 cet.¹)

303 3877 398 3886 ωεξ-

218 4014 238 4079 ¹)
267 4018 315 4080 §7
342 4019 470 4077 edebatur
496 4022 633 4080 lundam
663 4025 835 4078 mercatur
866 4027 918 4079 est
943 4023 1022 4079 oleo
1051 4028 1161 4096 atque
1185 4025 1262 4080 rinc

267 4111 452 4178 consitum
481 4131 551 4169 nnnc
568 4116 696 4171 scribitur
714 4116 958 4172 constitutum.
1008 4116 1104 4187 Neque
1127 4133 1200 4188 ager,
1219 4117 1262 4188 qni
