2656 5056
254 254 317 317 550
611 246 882 317 Lib.vl11.csp.v1.

210 450 455 521 imminentis
476 447 697 512 iuventam?
739 444 791 510 Sic
816 428 928 519 codai3
954 444 1060 510 oditur
1084 448 1126 512 et
1147 466 1272 530 supre-

212 580 309 635 mos,
336 554 529 641 improbabili
560 552 756 618 correctione.
806 550 1024 616 Scribendum:
1062 573 1213 636 pancos
1233 552 1274 614 cd

211 682 392 749 suprema
424 659 612 746 principis
646 657 747 730 dies,
785 658 841 722 hoc
869 659 926 730 est,
949 676 1078 741 pancos,
1102 662 1157 744 qui
1178 679 1273 744 super-

211 773 275 837 sint
296 770 335 835 ad
356 769 500 854 principis
521 767 660 832 mortem.

312 877 379 941 Lib.
409 875 471 948 XI,
511 872 547 937 8:
592 872 628 935 Is
661 856 911 952 (Pharasmanes)
1066 872 1273 937 nuntiabat

211 982 437 1047 discordare
482 979 650 1044 Parthos
691 993 916 1059 summaque
952 974 1116 1059 imperii
1156 979 1272 1043 anibi-

209 1107 302 1173 gua,
337 1088 484 1152 minora
515 1086 601 1150 sina
631 1101 724 1148 cura
750 1082 892 1147 haberi.
950 1082 1045 1147 Nam
1067 1084 1182 1150 iuter
1203 1085 1271 1152 Go-

209 1194 370 1260 tharzcs
392 1193 582 1274 pleraque
603 1209 720 1266 aava,
757 1189 819 1273 qui
852 1207 978 1254 necem
1013 1190 1139 1255 fratri
1162 1194 1272 1256 Arta-

211 1301 307 1366 bano
351 1299 585 1382 coniugique
624 1315 666 1362 ac
709 1295 798 1360 filio
839 1295 923 1361 eius
967 1301 1271 1379 praeparaverat

209 1405 261 1471 Sic
283 1405 375 1471 codex
397 1403 478 1469 Med.
500 1404 615 1479 (alter).
671 1402 796 1468 Frustra
824 1401 1053 1483 transponendo
1085 1404 1270 1469 sententiam

209 1511 332 1576 afficere
365 1514 519 1577 conantur.
576 1508 761 1593 Exciderunt
799 1508 942 1573 nonnulla
977 1509 1015 1572 ob
1051 1508 1101 1573 bis
1141 1510 1269 1592 positum

208 1617 352 1685 Gotarzis
388 1637 514 1683 nomen:
558 1614 650 1682 Nam
683 1617 791 1681 inter
823 1611 1047 1698 [Gotarzem
1076 1620 1162 1697 ...31
1200 1616 1270 1683 Go-

83 1748 84 1752 ¹
209 1722 330 1788 tarnis
358 1724 688 1808 ploraquesaeva3
723 1723 810 1807 quin
833 1738 961 1784 necem
998 1721 1124 1787 fratri
1156 1723 1270 1786 Arta·

209 1826 307 1893 bano
330 1834 387 1895 cet.
440 1831 476 1895 lu
497 1830 552 1903 iis,
586 1849 653 1914 quae
675 1827 861 1902 exciderunt,
882 1825 1094 1910 significatum
1117 1832 1187 1893 erat
1210 1827 1267 1894 Go-

208 1933 394 2001 darciacum
417 1938 512 2002 altero
536 1941 690 2001 certamen
713 1936 750 1999 de
771 1953 873 2017 regno.

308 2040 374 2107 lbd.
399 2043 437 2104 14
461 2042 511 2117 (da
533 2042 646 2108 litteris
669 2042 767 2106 tribus
802 2038 968 2105 aclaudio
991 2034 1137 2115 additislz
1172 2041 1267 2122 aspi·

205 2146 370 2213 ciuntur
390 2151 618 2214 etiamnunc
647 2148 685 2211 iu
718 2164 790 2211 aere
811 2145 970 2229 publico
995 2145 1057 2209 dis
1081 2146 1267 2230 plebisci-

206 2253 260 2318 tis
282 2272 352 2336 per
372 2254 453 2320 fora
475 2273 516 2320 ac
539 2252 689 2335 templa
709 2251 797 2316 fixo,
857 2250 993 2315 Delendo
1017 2270 1115 2334 nuper
1137 2250 1266 2335 grassari

206 2365 372 2441 coepernnt,
398 2361 515 2434 relicto,
550 2358 630 2442 quod
652 2358 743 2423 nirnis
765 2357 919 2422 inlinitum
941 2360 1005 2422 est:
1041 2340 1080 2421 iu
1105 2378 1181 2423 aera
1202 2377 1265 2440 pu-

207 2465 312 2531 blico
344 2485 411 2549 per
442 2466 463 2531 f.
497 2485 537 2530 ac
559 2469 583 2531 t.
616 2465 702 2530 fixo.
757 2465 851 2529 Recte
882 2465 944 2528 iam
978 2463 1105 2528 Grotius
1135 2464 1265 2548 publi·

207 2571 351 2637 caudis.
406 2573 466 2638 Sed
501 2572 720 2656 plebiscita
740 2570 824 2635 nulla
844 2572 917 2636 tunc
938 2570 1178 2654 publicabantur
1200 2568 1263 2645 (etsi

207 2694 244 2741 aa
277 2679 370 2743 etiarn
393 2677 616 2743 Mommseuins
638 2677 762 2757 tenuit),
796 2695 852 2742 nec
878 2696 972 2741 unum
1005 2696 1047 2741 aes
1080 2676 1263 2756 publicandis

205 2781 324 2866 legibus
347 2785 440 2850 fixum
463 2788 540 2861 erat,
573 2784 625 2849 sed
658 2784 847 2867 singularum
870 2803 930 2848 aera
951 2784 1137 2868 figebantur.
1189 2781 1261 2847 Scri-

206 2887 338 2954 bendum
363 2894 426 2956 est:
456 2891 493 2957 in
525 2910 596 2955 aere
619 2888 873 2974 publicandis
891 2888 1000 2973 plebi
1020 2889 1072 2950 iia
1095 2908 1162 2971 per
1186 2890 1261 2964 fora

204 3013 250 3059 ac
272 2997 419 3081 templa
441 2997 532 3063 fixo.
576 2994 772 3080 significatur
792 2997 859 3079 ipsa
879 2994 985 3061 tabula
1007 2991 1260 3060 senatusconsulti

205 3098 245 3164 de
266 3101 304 3167 iis
326 3101 410 3181 lacti,
440 3123 478 3168 ne
500 3103 585 3187 plebs
608 3122 659 3167 cas
683 3103 824 3177 nesciret,
846 3102 952 3166 multis
973 3100 1049 3165 locis
1074 3100 1146 3165 fixa.

306 3208 371 3274 lbd.
395 3209 434 3273 23
466 3210 515 3285 (dc
547 3208 674 3283 Gallislz
708 3208 820 3288 Quid,
852 3207 883 3272 si
918 3206 1108 3270 memoria
1140 3221 1261 3271 eorum

203 3318 402 3389 oreretur,
425 3316 489 3400 qui
512 3313 714 3398 Capitolio
741 3318 780 3378 ct
801 3331 868 3378 ara
891 3326 990 3382 <arec
1006 3311 1181 3390 Acidalius)
1203 3312 1259 3376 Ro·

191 3437 313 3511 ,mana
326 3421 498 3486 manibus
513 3420 716 3485 eorundem
732 3438 802 3500 pso
818 3415 1259 3502 satis?Soribcndumopinor:

78 3540 81 3548 ’
204 3524 487 3608 quiCapitolio
507 3530 543 3591 ct
564 3526 830 3591 arceRomaua
846 3522 1022 3588 manibus
1042 3522 1260 3589 deorumdo

201 3630 315 3714 pulsi
338 3637 426 3697 sict.
470 3631 550 3696 Nam
577 3630 737 3714 aptissime
759 3631 790 3696 in
811 3630 868 3694 hae
890 3647 923 3693 rc
944 3647 1055 3694 manns
1075 3629 1259 3695 deornmsce

205 3734 323 3818 templa
337 3739 504 3802 tutantium
517 3737 731 3812 nominantur;
746 3757 777 3802 m
787 3735 936 3801 anubiae
951 3735 1089 3808 deorum,
1104 3755 1180 3818 quas
1192 3734 1258 3815 Nip

208 3842 350 3923 perdeins
388 3846 419 3908 et
449 3844 591 3909 Halmius
624 3861 642 3908 a
676 3843 831 3907 Perizonio
862 3845 1002 3924 acceptas
1032 3842 1103 3915 (etsi
1132 3843 1158 3906 is
1180 3841 1258 3904 aliter

206 3946 299 4010 verba
321 3947 456 4029 scripsit)
479 3951 654 4033 posuerunt,
680 3966 793 4020 vereor,
817 3947 935 4012 ntnllae
957 3967 1087 4031 usquam
1111 3947 1254 4015 dicuntum
1278 3987 1281 3994 Α

202 4049 420 4134 imperatorum
444 4056 595 4122 manubiae
618 4056 664 4121 dis
686 4058 916 4134 consecranturg
