2654 5010
254 285 314 347 190
613 279 672 334 Lib.
692 278 727 332 Π.
747 278 812 348 Gap.
831 278 883 332 111.

210 501 268 565 pus
302 480 434 563 spectes,
467 494 523 542 nec
554 475 657 540 minus
685 473 887 540 manifestum
917 474 967 540 est
998 475 1161 540 abundare
1182 477 1276 540 recte

211 588 348 670 satisque
369 603 436 652 esso
456 602 512 665 per
540 600 574 648 se
606 582 689 647 loro
713 580 962 659 leramout03
995 601 1073 647 nam
1107 601 1164 647 uec
1190 582 1277 647 ursle

210 712 267 759 uec
287 692 399 767 reate
415 688 730 775 ‚aliquidleramento
747 690 803 752 est
848 686 977 752 Sublato
1000 687 1132 766 scies,
1154 688 1232 773 quod
1249 707 1278 752 er

211 797 419 881 superioribus
442 795 492 861 hio
513 795 678 878 repetitum
710 794 767 872 est,
798 793 926 859 verbnm
948 795 1123 877 praesentis
1144 795 1277 879 temporis

211 904 302 970 facile
317 905 449 969 eruitur:
466 901 576 980 Quod
598 919 673 968 rore
695 900 811 966 illam
831 918 910 965 rom
932 898 1021 965 lore
1045 899 1278 976 levamento,

211 1011 309 1075 bene
330 1009 442 1074 lacis.
488 1007 606 1073 Deinde
628 1007 808 1093 adiungitur
828 1025 908 1073 nora
930 1007 1113 1073 sententia:
1136 1026 1231 1094 quan
1247 1008 1278 1072 id

211 1113 378 1193 sitmihi
400 1113 533 1192 crede,
558 1113 741 1195 perinde,
764 1112 1228 1196 ut<est>‚existiu1are
1246 1118 1279 1180 tu

210 1238 284 1284 uon
307 1221 431 1301 potes.
475 1221 579 1305 Negat
593 1218 698 1286 Cicero
723 1237 761 1284 ne
777 1219 917 1285 Atticum
938 1219 1083 1303 quidem,
1104 1224 1278 1305 quantopere

210 1324 253 1402 io,
278 1325 315 1391 de
338 1344 397 1410 quo
419 1326 532 1410 agitur,
563 1326 737 1391 levamento
759 1326 812 1403 sit,
833 1324 962 1408 perinde
986 1328 1173 1392 existimare
1193 1346 1280 1410 posse

211 1432 353 1512 [Partem
383 1430 521 1515 aliquem
550 1434 615 1497 reri
644 1431 784 1496 viderant
813 1434 845 1496 ot
872 1433 904 1496 in
926 1432 1034 1514 ipsum
1058 1435 1192 1500 verbum
1213 1433 1279 1498 reri

212 1536 388 1604 inciderant
409 1538 569 1604 Manutius
591 1540 624 1603 et
645 1536 838 1618 Lambinus]

310 1642 391 1710 Ibid.
416 1644 507 1723 XllI,
530 1644 580 1722 33,
604 1645 641 1710 3:
670 1644 761 1711 vide
791 1642 929 1723 etiarn,
959 1664 1037 1729 quo
1062 1666 1166 1712 anno
1189 1666 1279 1730 qua·

210 1754 296 1816 stor
321 1752 390 1816 ant
416 1750 607 1816 tribunus
630 1750 710 1815 mil.
732 1750 874 1827 luerit;
903 1751 937 1815 si
966 1756 1162 1819 neutrum
1184 1773 1226 1819 ea
1244 1754 1278 1817 do

210 1855 251 1920 iu
294 1855 504 1939 praeleotis
540 1857 610 1922 aut
645 1856 685 1920 iu
729 1857 1104 1924 contubernalibus
1148 1860 1277 1935 luerit,

209 1961 323 2029 modo
345 1963 536 2029 fueritin
558 1982 600 2029 oo
622 1963 741 2029 bello.
795 1962 927 2027 Videtur
948 1963 1100 2031 subesse:
1129 1968 1165 2032 si
1194 1985 1276 2031 non·

210 2072 332 2147 trum,
363 2069 455 2147 ride,
489 2088 532 2137 no
564 2070 604 2135 iu
630 2068 839 2152 praeleotis
860 2072 928 2134 aut
947 2067 988 2134 in
1011 2074 1277 2139 contuberna-

209 2173 320 2240 libus
341 2174 478 2241 luserit.

310 2280 388 2345 Ibid.
410 2281 479 2360 XV,
503 2283 532 2359 2,
555 2283 589 2347 2:
606 2281 832 2347 Consilium
853 2301 978 2348 meum
1001 2302 1021 2349 a
1044 2287 1086 2349 te
1107 2285 1273 2368 probari,

209 2385 314 2469 quod
347 2406 391 2452 ea
422 2404 495 2453 uon
530 2390 720 2466 scribam,
750 2408 831 2472 qun
853 2391 894 2454 tu
915 2407 935 2454 a
955 2408 1014 2454 me
1037 2390 1272 2473 postularia

207 2491 331 2558 facile
351 2495 486 2576 patior
500 2496 558 2560 eet.
582 2494 801 2562 Coniunctinus
816 2495 1045 2579 postularis
1064 2497 1273 2582 miuusaptau

208 2601 302 2667 habet
322 2600 448 2666 ineerta
470 2605 502 2666 et
522 2601 651 2667 infinitae
666 2601 880 2686 postulationis
894 2599 1172 2684 significationem.
1205 2605 1273 2670 Reo-

208 2708 272 2772 tius
295 2707 354 2772 erit
375 2707 573 2794 postularas,
597 2707 678 2792 quod
700 2712 855 2775 mutatum
877 2707 1042 2773 consilium
1066 2710 1231 2795 siguificat

307 2809 1272 2899 lotoe12Quoqu0modoegooeilliuscsntooio

206 2917 342 2984 nervis
375 2919 583 2998 existimo,
616 2940 689 2987 oon
721 2921 885 2988 ridetur
916 2921 1014 2987 lieri
1043 2940 1169 3004 posse
1197 2922 1272 2987 sine

206 3024 332 3101 bello;
354 3024 520 3092 sednon
543 3027 676 3108 cupio,
702 3028 1082 3111 quoniamoavetur
1104 3028 1272 3094 Buthro·

204 3129 288 3195 ciis.
304 3130 451 3196 Rides?
474 3132 706 3217 Ast(ldaps)
725 3132 919 3198 condoleo
941 3153 1015 3199 non
1037 3153 1124 3200 moa
1146 3135 1272 3218 potius

170 3268 172 3273 ·
204 3234 475 3317 assiduitate,
498 3238 735 3322 diligentia,
769 3238 1091 3322 gratiaperlici.
1144 3243 1272 3307 Primum

204 3342 343 3425 superior
364 3345 520 3410 sententio
541 3346 588 3411 sio
616 3342 824 3411 concluditur:
855 3381 893 3392 -
928 3344 1014 3410 sine
1048 3348 1183 3425 bello,
1215 3345 1271 3413 sed

204 3468 278 3514 non
300 3452 424 3533 cupio.
477 3451 596 3517 Deinde
617 3451 768 3516 transitur
789 3469 859 3516 oum
881 3450 946 3516 ioco
969 3451 1011 3516 ad
1026 3469 1075 3532 aa,
1091 3474 1162 3538 quoe
1177 3454 1271 3520 Attico

204 3556 289 3621 cordi
310 3558 407 3623 erant.
469 3555 508 3622 In
543 3557 601 3623 lonc
629 3556 785 3624 sententie
810 3556 957 3622 mondum
979 3563 1112 3640 apparet
1133 3560 1168 3626 in
1189 3577 1270 3643 praro

202 3659 257 3727 illo
280 3664 344 3729 ast
365 3664 398 3728 ot
418 3662 450 3728 iu
475 3663 679 3732 condoleo.
709 3662 913 3731 scribendum
928 3662 1069 3729 ridetur:
1087 3665 1269 3744 Quoniam

202 3769 640 3851 oavetanuthrotiis‚
662 3769 774 3836 rides
801 3763 1005 3839 Ἀττικόν
1027 3763 1269 3849 (devenirit

202 3872 293 3941 doleo
316 3896 390 3942 non
413 3895 496 3942 mea
518 3879 656 3960 potius
677 3877 933 3945 assiduitate
955 3880 1015 3942 oet.

301 3993 432 4075 Ibide,
456 3996 493 4061 2:
530 3996 735 4062 Graeoeius
756 3996 804 4062 ed
831 4015 888 4062 rue
910 3994 1106 4078 scripsit,
1126 3997 1161 4062 G.
1184 3995 1269 4062 Cas·

200 4096 302 4162 sium
334 4100 415 4165 sibi
444 4101 683 4184 scripsisse,
714 4103 897 4170 hominos
932 4104 1182 4188 comparari,
1212 4098 1269 4186 qni
