2654 5010
237 287 298 349 m
606 278 862 348 mama

197 483 339 549 ciscar.
390 479 463 545 Siue
493 478 586 543 dubio
616 476 744 542 Tacitus
767 476 958 562 scripserat:
985 482 1027 544 et
1050 477 1269 563 (privatin)

198 587 384 673 privatas
405 583 765 659 inimicitias,nen
787 584 1078 667 ripriucipis,
1103 582 1271 649 ulciscar.
1318 678 1319 688 ἵ

304 774 383 842 lbid.
405 773 445 838 63
467 773 535 850 (ubi
551 771 720 854 exponitur,
737 773 849 856 quibus
862 774 1069 858 argumentis
1086 774 1272 840 testimoniis·

200 901 260 968 que
288 881 404 948 areca
435 877 518 943 Asiae
547 877 691 944 cintates
723 897 788 943 aaa
817 878 944 944 sintin
970 879 1136 964 asylorum
1163 898 1271 945 auorun

200 988 267 1053 iure
284 984 477 1051 defendendo
493 984 791 1067 confirmandoque)t
816 984 1022 1065 Propiora
1045 985 1273 1060 Sardianos,

202 1089 426 1161 Alexandri
462 1088 637 1154 victoris
671 1090 710 1154 id
749 1090 902 1157 donum.
974 1091 1119 1175 Neque
1160 1094 1272 1157 minas

178 1253 181 1258 .
202 1197 392 1262 Milesios
414 1195 544 1260 Dareo
566 1214 659 1279 rege
681 1195 778 1273 niti;
808 1196 877 1262 sed
908 1198 1056 1263 cultus
1084 1200 1272 1264 numinum

202 1302 389 1392 utrisque
432 1300 599 1366 Dianam
649 1305 717 1366 aut
758 1302 998 1384 Apollinem
1051 1304 1272 1370 venerandi

202 1408 304 1474 Multa
324 1409 356 1471 iu
379 1414 517 1472 anaema
539 1411 626 1490 parta
645 1407 806 1473 sententia
820 1427 915 1492 grave
930 1411 1090 1506 mendum
1105 1417 1274 1493 coarguunt

202 1515 338 1598 primum
370 1532 483 1596 pravus
518 1512 570 1578 ille
605 1512 746 1597 gerundii
778 1516 941 1598 genetivus
977 1517 1272 1593 (venerandila

203 1622 288 1687 nullo
320 1621 516 1687 substantivo
544 1621 679 1701 pendeus
709 1619 861 1696 (cultus
895 1623 960 1685 est
995 1623 1192 1706 utrisque
1218 1623 1268 1686 Di-

203 1745 314 1793 anam
348 1726 598 1805 venerandi),
626 1744 715 1808 quern
745 1726 858 1791 trustra
891 1725 1022 1792 defendi
1056 1730 1139 1794 satis
1161 1727 1269 1812 exposui

204 1834 236 1900 in
276 1832 532 1898 Adversariorum
573 1832 728 1897 volumine
770 1832 867 1898 altero
911 1853 940 1916 p.
989 1834 1053 1897 553
1100 1838 1135 1901 et
1177 1835 1267 1910 ddd't

205 1938 316 2005 deiude
352 1939 489 2004 cultus
525 1956 634 2004 nomen
671 1942 724 2003 aut
759 1955 852 2020 pravo
886 1957 961 2004 caan
992 1942 1137 2022 positum
1171 1942 1268 2019 (oratio

205 2046 288 2111 enim
324 2046 450 2129 obliqua
486 2047 694 2110 accusativum
731 2044 880 2128 postulat)
918 2047 975 2109 aut
1011 2063 1112 2128 pravo
1147 2066 1266 2118 uomere,

205 2156 272 2218 tum
309 2152 441 2216 inanitas
477 2151 647 2230 sententia,
686 2153 849 2233 atrumque
884 2151 1036 2232 populum
1073 2153 1187 2220 habere
1215 2152 1264 2219 cul·

205 2263 273 2325 tum
305 2257 477 2335 numinum,
510 2258 547 2322 ut
564 2242 628 2322 'aut
650 2257 782 2323 Dianam
803 2260 857 2323 aut
877 2256 1062 2339 Apollinem
1087 2261 1265 2333 venerentur,

110 2371 112 2377 '
206 2364 295 2448 quasi
318 2365 385 2448 quis
404 2361 554 2444 suspicari
569 2364 668 2444 possit
682 2363 768 2429 nulla
782 2382 834 2429 eos
848 2364 977 2428 numina
992 2366 1110 2444 colere,
1129 2372 1264 2449 postremo

204 2471 270 2538 hac
292 2471 396 2537 omnia
416 2487 559 2553 perverse
587 2470 739 2553 particula
765 2469 959 2536 adversativa
985 2473 1200 2554 superioribus
1219 2472 1263 2533 ad·

205 2579 321 2655 iuncta,
344 2594 413 2642 cum
436 2575 514 2641 nihil
534 2595 658 2658 prorsus
680 2578 722 2643 sit
736 2576 880 2643 contrarii
895 2583 950 2642 aut
963 2578 1052 2660 quod
1068 2579 1263 2660 superioribus

205 2687 362 2767 repugnet.
407 2681 467 2747 Sed
496 2682 555 2748 hac
587 2683 654 2764 ipsa
681 2683 831 2766 particula
859 2684 923 2748 veri
946 2683 1133 2750 inveniendi
1155 2683 1262 2749 initium

205 2791 395 2864 contimtum
427 2791 555 2870 apparet
587 2788 668 2854 enim
701 2789 781 2856 hanc
812 2808 964 2855 summam
1003 2809 1074 2857 esse
1107 2789 1261 2862 sententia,
1318 2858 1319 2861 Ἴ

205 2896 369 2962 Sardianos
391 2894 423 2960 et
453 2893 603 2973 Milesios,
637 2914 822 2979 quamquam
852 2895 975 2978 utrique
1010 2900 1142 2963 vetusta
1172 2913 1262 2980 ragan

205 3002 390 3070 auctoritate
423 2999 572 3078 nitantur,
606 3005 709 3066 tanam
744 3020 803 3065 non
836 3000 972 3066 eiusdem
1010 3003 1061 3068 dei
1097 3004 1260 3086 religionen

204 3108 284 3173 tueri
306 3110 339 3173 et
359 3106 467 3184 colere,
490 3105 545 3171 sed
566 3107 681 3172 alteros
704 3107 819 3184 Dianae,
844 3107 958 3173 alteros
980 3108 1140 3192 Apollinis
1162 3111 1263 3191 (itaque

203 3213 370 3279 Dianam
392 3214 722 3295 autApolliuem‚
739 3233 798 3279 nou
814 3213 982 3279 Dianam
1001 3216 1260 3297 etApollinen

203 3318 370 3397 scribitur).
416 3321 554 3403 Apparet
578 3320 609 3384 in
631 3317 681 3384 his
703 3318 803 3384 verbis
830 3319 898 3384 sed
920 3322 1061 3387 cultus
1084 3322 1260 3388 numinum

203 3424 393 3509 utrisque
428 3426 523 3491 latere
551 3425 666 3492 diverat
695 3425 798 3491 cultus
830 3425 1104 3508 significationem,
1133 3431 1178 3493 ita
1204 3445 1261 3492 con·

204 3535 338 3614 ceptam,
360 3537 396 3598 ut
425 3534 453 3597 ei
481 3533 727 3598 accommodetur
757 3530 921 3616 genetivus
957 3531 1011 3598 ille
1045 3533 1260 3601 venerandi.

204 3640 375 3723 scripserat
396 3638 541 3705 Tacitus:
565 3641 631 3705 sed
654 3639 789 3705 cultus
812 3655 928 3705 nomon
944 3657 1010 3706 non
1026 3659 1129 3708 unum
1151 3639 1260 3706 utris·

256 3925 281 3992 *l
301 3925 418 3981 Frustra
441 3927 468 3981 in
493 3928 579 3996 Epist.
600 3927 634 3983 ad
654 3927 783 3982 Orellinm
802 3926 837 3995 (a.
858 3926 936 3994 1828)
965 3945 992 3996 p.
1012 3929 1051 3984 80
1071 3929 1258 3998 epexegeticum

302 4019 420 4086 genetivi
448 4037 525 4074 usum
552 4021 692 4088 advocari,
720 4037 800 4088 quem
831 4020 952 4074 excludit
980 4024 1124 4078 sententia
1150 4021 1260 4090 (cultus
1318 4015 1319 4054 l

303 4118 357 4165 est
375 4113 550 4181 utrisque&
