2656 5056
58 3284 118 3336 ‘s

76 3347 87 3375 e

876 191 896 225 Ἀ

145 324 156 348 .
246 251 308 346 bet
611 234 870 344 uresvmeaev.
980 290 987 305 ι

903 388 916 423 d
946 401 956 427 s

205 484 349 549 iuncta
370 498 454 545 eum
476 473 665 558 loquendo
688 474 756 547 est,
786 476 826 538 et
844 460 1157 540 'enarrationem
1179 493 1266 557 pra·

207 586 317 654 sedit
349 583 559 650 emendata
589 579 716 646 lentio
749 581 807 644 oet
863 576 962 643 Nemo
983 579 1098 645 Latine
1131 603 1199 642 cunr
1221 583 1268 644 aut

208 697 271 756 abae
291 691 520 776 prepositiones
542 706 613 752 oum
641 685 789 771 gerundio
810 684 927 767 posuit,
962 705 1029 764 neo,
1063 687 1148 770 qnod
1170 688 1267 752 scribi·

208 803 269 877 tur,
302 801 418 864 reolum
439 795 533 860 hebet
561 792 761 882 sententiam3
794 810 893 875 neque
922 792 1006 856 euim
1033 807 1108 857 eum
1133 792 1268 877 loquendi

208 923 300 989 opera
330 906 362 968 et
385 901 539 969 locutione
567 899 725 964 coniuncta
746 897 900 964 scribendi
920 898 999 964 ratio
1022 901 1082 976 est,
1116 900 1174 965 sed
1205 919 1268 964 eum

209 1029 255 1088 ee,
288 1029 380 1093 qnam
409 1007 544 1091 proxime
579 1009 649 1071 aute
682 1003 887 1083 Quintilianus
916 1005 1100 1083 nominavit¹
1133 1006 1269 1090 loquendi

208 1117 345 1184 seientia.
396 1113 477 1178 Nam
511 1103 594 1178 eum
615 1112 811 1196 grammatici
854 1110 1076 1193 professionem
1121 1112 1270 1179 divisisset

208 1222 240 1286 in
277 1218 420 1304 loquendi
454 1219 614 1284 seientiam
651 1221 683 1283 et
715 1217 937 1284 enarrationem
970 1219 1153 1299 poetarum,
1187 1237 1268 1291 nune,

148 1330 150 1335 ’
193 1327 284 1410 'quid
301 1325 357 1412 his
372 1325 489 1390 duobus
510 1325 688 1390 adiunctum
711 1326 760 1398 sit,
784 1323 916 1405 exponit.
966 1321 1142 1406 Scripserat
1163 1327 1268 1410 igitur:

210 1431 418 1521 scribendi
450 1429 556 1496 ratio
578 1430 790 1495 oouiuneta
811 1448 895 1495 enm
918 1428 1112 1513 loquendi
1132 1433 1269 1510 (ratione)

209 1529 287 1604 ests
327 1536 426 1618 Quam
450 1537 579 1621 proclive
609 1536 753 1605 fueritin
775 1536 832 1601 hae
852 1535 998 1601 orationis
1020 1535 1124 1602 forma
1145 1537 1195 1615 (de
1217 1556 1270 1622 qua

209 1642 271 1715 dixi
301 1642 354 1710 Gr.
389 1643 458 1709 Lat.
492 1643 599 1727 §280
627 1664 657 1708 n.
681 1643 716 1723 2)
753 1644 929 1726 genetivum
956 1643 995 1707 ud
1028 1645 1269 1727 praepositionem

80 1790 91 1847 l
209 1747 638 1834 aoeommodare,-npparet.¹l

237 1890 241 1895 =
309 1854 377 1919 Ibd.
407 1856 443 1934 6,
477 1858 516 1919 14
548 1856 682 1938 seposita
701 1855 891 1938 'coniectura
922 1875 938 1921 e
974 1855 1042 1924 eod.
1070 1856 1270 1922 Ambrosiam

211 1963 243 2026 el
265 1960 412 2026 Beruenei
444 1966 501 2045 (pr.
532 1968 590 2040 m.)
612 1961 806 2028 scribendum
829 1963 891 2026 eet:
923 1962 1001 2027 illa
1023 1964 1157 2028 tamen
1180 1983 1270 2047 quo·

210 2066 319 2132 modo
365 2067 578 2153 effugient,
626 2077 665 2130 nl
712 2089 805 2142 non,
857 2068 1034 2151 quamvis
1083 2068 1270 2134 feminina

142 2221 145 2229 Δ
209 2173 410 2258 singulari
430 2174 675 2239 nominativo
697 2195 737 2235 ue
758 2173 916 2240 litteris
938 2173 1055 2240 finita
1080 2196 1271 2261 uunquam

210 2280 399 2365 genetivo
431 2298 523 2345 easu
555 2279 614 2342 rie
646 2280 804 2363 syllaba
824 2266 1114 2360 terminentur,
1152 2282 1272 2349 faeiat

210 2391 340 2454 tamen
362 2387 490 2452 Venus
513 2386 705 2459 Veneris?
750 2385 831 2451 Nam
853 2386 892 2452 ad
922 2386 1114 2472 effugient
1145 2389 1191 2453 sie
1212 2389 1271 2453 haee

210 2493 417 2573 Quintilianus
440 2492 587 2567 adiunxit,
613 2491 701 2574 qnasi
727 2491 784 2557 sit:
817 2493 985 2575 „quomodo
1007 2493 1158 2578 effugient
1179 2495 1271 2559 ellini-

209 2602 332 2685 entone,
353 2603 389 2665 ut
412 2602 500 2664 nou“.

309 2706 375 2771 Ibd.
400 2704 506 2780 10,1:
546 2704 631 2768 Haeo
664 2704 708 2769 de
736 2703 1007 2789 grammatice,
1043 2723 1156 2787 quam
1184 2705 1270 2771 bre·

208 2813 370 2879 sissimo
392 2810 519 2893 potui,
542 2827 629 2888 nou,
653 2811 698 2874 ut
718 2808 852 2874 omnia
873 2808 1059 2886 dicerem,
1082 2814 1270 2884 sectatus,

208 2917 305 3003 quod
326 2915 527 2983 inlinitum
550 2917 655 2993 erat,
688 2915 752 2982 sed
775 2917 817 2979 ut
838 2915 1006 3007 maxime
1029 2920 1268 2984 necessaria

208 3026 303 3090 Deest
334 3021 479 3096 verbum,
520 3019 600 3103 quod
632 3040 666 3088 eo
698 3023 798 3087 minue
835 3022 944 3086 abesse
974 3022 1092 3105 potest,
1131 3024 1213 3108 quod
1245 3023 1269 3088 ei

174 3166 176 3170 Δ
207 3130 385 3215 adiungitur
414 3126 610 3210 parteipium
639 3129 832 3193 seotatus.
885 3128 953 3193 Una
984 3127 1090 3194 littera
1123 3129 1270 3196 mumulo

208 3369 405 3380 nd*

233 3527 255 3597 ¹)
274 3528 359 3584 Prave
388 3529 482 3584 oenus
515 3526 587 3598 apud
617 3526 771 3584 Ciceronem
801 3544 849 3600 pro
879 3528 956 3584 Sulla
992 3531 1027 3586 la
1060 3548 1133 3589 nune
1170 3534 1267 3590 editur:

274 3619 441 3677 Conferte
472 3631 645 3676 nuneeum
675 3620 776 3676 illius
801 3621 908 3677 vitam
937 3622 968 3679 P.
998 3623 1119 3693 sallem
1151 3644 1213 3684 nam
1239 3644 1267 3682 er

273 3713 434 3784 prneedenti
443 3729 504 3769 essu
514 3714 585 3771 alius
594 3712 683 3770 audiri
693 3715 985 3787 potestaprncedenti
993 3719 1183 3787 propositione
1193 3736 1267 3775 nemo

276 3821 393 3875 unquam
411 3806 449 3862 sie
467 3822 563 3862 nomen
582 3808 728 3877 separarit,
755 3812 787 3863 nt
812 3809 867 3865 alio
886 3825 948 3865 easu
966 3809 1181 3881 subsequeretur.
1217 3817 1266 3867 Re·

273 3899 442 3956 stitnendum
469 3901 512 3954 est
536 3899 622 3970 igitur
645 3917 660 3957 o
686 3902 743 3958 cod.
769 3901 910 3974 rogerus,
942 3902 1013 3973 qnod
1033 3904 1099 3959 elim
1126 3904 1264 3961 edebatur:

273 4008 342 4046 eum
360 3991 464 4048 illiue
482 3993 558 4048 rita
577 3993 607 4048 P.
627 3994 734 4050 Sullae
755 3996 868 4064 (ritem).
