2654 5010
488 671 594 727 Plinius
612 673 706 727 minor.
1029 671 1089 734 217

60 866 165 932 locum
187 867 284 946 tenet,
306 867 459 952 scriptura
479 869 653 935 facienoum
684 872 751 934 erat
779 872 946 944 vacuetur,
974 888 1034 934 non
1065 887 1135 933 va·

61 974 176 1040 cuari
198 975 402 1053 viduatum
425 975 463 1041 de
485 993 519 1040 re
534 974 626 1053 enim,
644 994 703 1041 non
719 975 757 1041 de
772 976 881 1059 specie,
903 976 1014 1059 agitur.
1037 975 1137 1040 Paulo

61 1084 134 1163 poet
156 1082 189 1160 (ξ
212 1084 255 1160 4),
277 1081 331 1146 ubi
353 1079 472 1146 editur:
501 1081 716 1147 Enimvero
747 1081 780 1147 si
801 1082 963 1164 placeat
985 1083 1134 1145 fossam

60 1187 227 1270 longius
249 1187 393 1253 ducere
414 1188 454 1251 et
481 1186 614 1252 artius
642 1206 820 1269 pressam
851 1187 950 1252 mari
977 1205 1137 1270 aequare

60 1296 133 1371 cet,
156 1293 351 1359 scribendum
375 1295 439 1359 eet:
473 1299 512 1359 et
539 1292 640 1360 altine
661 1311 858 1375 pressam3
886 1314 956 1359 narn
986 1294 1134 1358 attineat

61 1400 95 1463 in
116 1399 298 1481 profundum
323 1402 392 1463 acta
415 1399 495 1464 fossa
516 1399 617 1465 lacum
647 1400 723 1465 mari
750 1400 876 1481 aequate
902 1420 994 1482 quarn
1028 1401 1136 1465 artum

63 1505 108 1570 sit
130 1525 173 1584 os,
196 1506 273 1570 nibil
295 1506 333 1571 ad
355 1505 435 1571 bano
455 1523 520 1570 rem
541 1506 684 1587 pertinet.
733 1507 798 1586 [Sic
820 1506 880 1571 iam
905 1506 1086 1591 Gierigiue.]
1150 1580 1152 1582 v

165 1611 243 1678 ibid.
271 1613 322 1684 82.
356 1613 389 1677 l:
421 1630 506 1678 cum
539 1612 788 1695 propositum
823 1632 946 1678 meum
983 1614 1134 1695 optime

62 1735 203 1783 noseee
234 1737 307 1783 uon
341 1737 384 1782 er
417 1718 523 1783 metu
555 1737 625 1782 nec
658 1721 815 1783 terrore
844 1718 1043 1784 homiuum
1067 1719 1141 1782 aut¹

63 1823 307 1889 criminibus
330 1824 563 1888 maiestatis
585 1822 856 1889 reverentiam
880 1822 1029 1887 nomini
1052 1839 1134 1886 meo

63 1929 235 2012 adquiri.
280 1929 451 2014 corrigitur
471 1928 703 2014 adquirere3
731 1930 830 1995 mutto
853 1930 885 1993 et
905 1928 1019 1994 rectius
1042 1932 1074 1993 et
1094 1927 1134 1992 ab

65 2022 178 2100 mendi'
206 2035 355 2120 originem
392 2035 603 2118 explicandam
641 2035 846 2119 probabilius:
882 2035 1134 2119 propositum

67 2188 73 2202 .
100 2186 107 2202 .
133 2186 140 2202 .
164 2187 171 2201 .
194 2140 397 2226 adquirendi.

165 2247 241 2313 ibid.
265 2248 323 2313 93:
346 2249 559 2314 Amisenoe
582 2295 589 2309 .
615 2294 622 2309 .
647 2294 654 2310 .
678 2249 745 2327 „oi
771 2248 934 2332 legibue
956 2247 1136 2324 istorum,

63 2354 212 2437 quibus
241 2353 287 2420 de
321 2354 464 2420 officio
495 2355 658 2420 foederie
687 2355 874 2432 utuntur,
899 2371 1134 2419 concessum

64 2459 1139 2544 eeteranumbabere,possumue‚quomiuuehabeautY

65 2584 142 2631 non
166 2565 364 2649 impedire
385 2569 444 2632 cet.
491 2567 706 2632 scabendum:
732 2567 764 2631 si
789 2565 952 2649 legi-bue
981 2564 1141 2650 ipsorum

64 2672 213 2755 quibua
237 2671 389 2740 beneflcio
411 2672 575 2737 t'oederie
603 2673 788 2750 utuntur,
821 2689 1054 2736 eoncessum
1076 2679 1137 2737 eet

63 2783 123 2843 cet.
181 2779 322 2844 Amiseui
354 2777 500 2844 beneficio
536 2776 658 2842 foederis
695 2777 759 2842 suis
795 2776 914 2861 legibus
950 2778 1134 2851 utebantur;

63 2884 189 2950 diversa
220 2889 287 2950 erat
319 2884 457 2949 condicio
490 2902 605 2959 eorum,
638 2883 701 2966 qui,
734 2884 772 2947 ut
799 2882 890 2963 paulo
920 2885 991 2966 post
1013 2883 1135 2958 dieitur,

62 2991 206 3056 Romano
229 2991 295 3056 iure
317 2990 456 3054 obstricti
479 2995 574 3054 erant.
618 2989 798 3070 Ipsorum
821 2989 881 3053 iarn
907 2987 1053 3052 Orellius.

167 3107 281 3192 Paneg.
304 3108 345 3171 30
368 3108 419 3182 (de
441 3106 506 3171 Nili
528 3105 725 3172 inundatione
740 3107 842 3172 minus
859 3107 981 3189 plener:
1004 3106 1141 3189 Neque·

65 3214 169 3278 enim
193 3213 318 3279 solum
343 3232 466 3296 vagus
488 3212 579 3291 ille,
610 3231 691 3277 cum
716 3213 975 3296 expanditur,
1006 3214 1141 3277 emnia

65 3320 176 3384 iutra
197 3323 391 3401 usurpata
421 3337 577 3402 semper
604 3318 773 3384 collium
801 3320 1051 3385 substiterat
1072 3320 1134 3383 at·

64 3444 140 3507 que
161 3425 349 3504 haeserat,
372 3425 439 3490 sed
462 3424 605 3506 supino
628 3425 750 3490 etiam
773 3443 816 3490 ao
838 3426 1034 3490 clementi
1052 3427 1134 3490 eolo

63 3533 124 3598 cet.
183 3531 250 3598 Non
286 3551 354 3597 eum
388 3531 513 3608 obiitus,
547 3549 639 3613 quam
674 3530 771 3595 iibere
803 3538 874 3613 post
903 3530 1074 3616 Vergilium
1103 3534 1136 3595 et

64 3639 188 3703 Livium
211 3637 337 3704 Tacitus
366 3639 399 3702 et
426 3636 479 3701 alii
504 3635 562 3702 hac
589 3636 733 3701 adiectivi
755 3641 810 3701 out
832 3638 985 3719 participii
1008 3637 1134 3719 pluralis

65 3746 183 3808 numeri
207 3763 276 3809 cum
299 3744 439 3827 genetivo
461 3743 674 3808 coniunctione
692 3743 740 3806 usi
755 3742 819 3807 sint
833 3742 985 3817 (Gramm.
1002 3742 1070 3807 Lat.
1087 3744 1139 3807 ed,

66 3848 112 3914 ΙΙΙ
136 3849 157 3929 ξ
180 3849 241 3912 284
264 3851 325 3914 not.
348 3851 391 3928 5),
413 3868 469 3914 nec
490 3868 540 3913 me
563 3856 675 3926 movet,
698 3847 779 3931 quod
803 3849 867 3914 eius
890 3853 1010 3933 generis
1033 3867 1135 3913 erem·

63 3955 153 4038 plum
175 3953 256 4038 apud
279 3954 359 4020 hunc
381 3957 531 4021 minorem
550 3953 684 4018 Piinium
699 3953 820 4018 nullum
840 3955 960 4030 notavi;
982 3954 1015 4020 id
1037 3955 1134 4020 offen-

65 4059 124 4139 dit,
147 4061 228 4144 quod
251 4079 350 4145 neque
371 4062 468 4142 partie
491 4058 575 4125 notio
598 4058 744 4125 hocloco
766 4066 839 4143 apta
860 4066 908 4126 est
923 4067 1036 4144 (neque
1052 4062 1134 4126 enim

64 4169 168 4248 partes
190 4167 309 4249 aliquot
330 4166 465 4244 collium,
495 4164 551 4232 aed
579 4166 638 4230 toti
665 4164 758 4230 colles
786 4164 1012 4250 intelliguntur)
1036 4184 1141 4248 oeque>

64 4272 265 4354 proprietatis
287 4291 356 4337 cum
372 4291 405 4338 re
420 4271 589 4338 coniunctae
610 4275 659 4349 (ut
673 4290 744 4337 oum
765 4273 922 4338 incerta
942 4292 1132 4340 rumorum

65 4378 240 4456 dicuntur);
274 4381 366 4462 atque
397 4377 455 4443 boc
486 4378 587 4459 ipsum
621 4378 744 4457 ferrem,
776 4378 835 4444 nisi
864 4381 1025 4445 accederet
1044 4379 1140 4464 longe

64 4485 187 4569 gravior
208 4483 333 4549 offensio
356 4503 393 4548 er
414 4483 558 4549 adverbio
581 4489 762 4567 (semper)
777 4484 933 4562 adiuncto,
949 4485 1030 4567 quod
1046 4503 1134 4550 nemo
