2662 5062
298 287 360 350 374
639 283 699 340 Irin.
709 282 788 341 v111.
807 280 874 352 Cap.
890 282 927 337 IL

256 485 389 553 cervix
423 499 507 550 mea
536 480 574 546 in
605 481 811 566 manipulo
849 480 943 546 funi
978 481 1223 564 acquiescet,
1258 501 1301 550 cer

256 591 308 658 Sic
347 591 375 655 A
409 589 460 667 (B,
498 587 536 666 G,
567 588 663 654 ceteri
697 588 808 654 leuiter
845 586 1068 670 deflectentes).
1122 588 1232 656 Tribus
1255 589 1301 654 ilii

255 695 358 763 verbis
381 694 527 760 Multas
547 713 718 778 magnum
740 712 862 759 meam
888 692 1062 776 superiores
1089 694 1219 762 editores
1233 694 1300 769 adso,

256 801 330 886 quid
350 800 500 879 facerent,
529 799 712 877 nescierunt,
742 799 779 863 ut
799 815 923 880 prorsus
945 797 1124 864 abiicereut
1167 801 1202 866 In
1224 799 1297 864 mul·

254 907 316 972 tas
349 906 486 980 subesse,
517 903 598 988 quod
628 903 816 986 precedenti
845 922 943 986 pone
974 904 1168 988 respoudeat,
1201 908 1295 977 muts,

256 1012 364 1078 eodem
386 1010 478 1078 modo
500 1011 649 1093 sequente
681 1010 819 1084 nihilo,
851 1010 958 1081 sensit
993 1028 1085 1094 quam
1108 1012 1242 1085 libente,
1259 1007 1295 1072 uti

254 1136 391 1202 possum,
412 1115 516 1192 hudo,
536 1114 711 1190 Fickertum
733 1114 788 1180 sed
808 1114 933 1198 longius
965 1133 1036 1180 eum
1070 1136 1227 1184 successus
1253 1131 1295 1178 nou

254 1224 407 1308 proverit3
444 1238 502 1286 nee
536 1220 614 1286 iavit
647 1221 770 1286 fortuna
799 1221 926 1287 Haasio.
987 1221 1106 1288 diiecto
1138 1225 1247 1300 muta,
1272 1219 1295 1283 in

254 1344 450 1412 smaguam
486 1344 605 1391 meum
643 1326 715 1410 quid
742 1326 853 1400 lateat,
883 1344 944 1392 nun
975 1326 1144 1394 difficulter
1163 1328 1296 1412 reperitur,

256 1432 347 1516 quod,
367 1431 422 1496 illo
444 1449 505 1498 nou
527 1431 664 1511 invento,
697 1433 800 1497 tamen
827 1433 967 1497 senserat
987 1452 1073 1516 paene
1105 1435 1242 1518 antiquus
1259 1430 1296 1495 ille

253 1537 435 1620 liudulphus
457 1537 609 1622 Agricola.
652 1537 744 1603 Latet
765 1538 862 1602 euim:
896 1537 1004 1603 Muta
1024 1539 1204 1624 scrupula
1224 1555 1295 1599 meo:

252 1644 375 1711 nihilo
405 1646 464 1711 cet.
509 1643 573 1727 (Ad
608 1642 783 1726 stragula
803 1642 986 1709 adhaesitm
1008 1664 1044 1709 er
1079 1664 1177 1724 mea,
1211 1639 1297 1711 donn

251 1750 428 1816 factumest
449 1769 582 1817 meam.
624 1750 699 1816 Mor
719 1749 793 1833 quid
812 1748 1044 1816 incensatus
1067 1753 1102 1816 st
1127 1745 1297 1817 sententis

252 1856 359 1930 lateat,
382 1857 493 1922 nescio.
526 1854 603 1939 De§
617 1855 633 1917 l
646 1854 852 1939 dixisuprap.
866 1855 982 1932 253u.,
1003 1855 1041 1922 de
1061 1857 1183 1941 §drot
1198 1850 1297 1940 1p40.

251 1960 397 2027 Extremo
418 1963 527 2046 eapite,
550 1960 568 2045 5
592 1961 621 2035 7,
654 1978 745 2044 quam
768 1961 925 2043 positurus
948 1980 1032 2028 eram
1054 1964 1299 2030 emendationum:

251 2064 539 2151 incitamusque
570 2066 725 2130 acesinus.
778 2068 875 2152 Ergo
912 2071 1141 2152 paupertati
1173 2073 1248 2144 cet,
1277 2062 1301 2125 'ffl

215 2214 223 2231 ·
252 2191 321 2239 eam
342 2176 413 2259 post
436 2173 500 2239 ridi
520 2172 672 2238 Haasium
691 2172 837 2239 incidisse
859 2177 942 2257 praef.
965 2174 1022 2240 vol.
1045 2175 1096 2240 ΙΙΙ
1116 2195 1145 2258 p.
1169 2171 1284 2243 XXIV-i

351 2279 418 2345 Ibd.
442 2278 493 2357 26,
514 2277 552 2341 3:
598 2277 709 2344 Sicut
729 2279 887 2344 barbari
907 2281 1152 2365 plerumque,
1174 2281 1300 2346 inclne

251 2386 292 2451 at
312 2368 443 2470 ignari
468 2384 747 2464 machinarum,
781 2402 918 2469 segnes
941 2384 1112 2450 laborem
1134 2387 1300 2453 obsideo

251 2490 351 2555 tium
402 2492 598 2575 spectant
654 2491 752 2557 Pravo
803 2490 987 2575 copulantur
1033 2491 1194 2568 inclusi,
1241 2498 1300 2578 qu<

246 2597 375 2678 tempus
396 2595 562 2681 siguificat,
595 2598 628 2662 et
647 2597 773 2682 ignari
805 2597 933 2672 mach.,
964 2596 1045 2680 quod
1065 2597 1207 2663 habitum
1231 2602 1263 2665 at
1288 2604 1300 2651 ⁴

249 2714 284 2762 eo
315 2715 441 2763 causam
473 2701 526 2765 rei.
593 2702 689 2769 Surib.
724 2703 951 2786 plerumque
989 2702 1155 2784 inclusi,
1192 2705 1292 2791 igne

247 2802 526 2885 machinarum,
549 2826 687 2893 segnes
708 2809 770 2874 cet.
809 2809 907 2875 Paulo
929 2811 1001 2892 post
1022 2810 1067 2887 (5)
1086 2809 1152 2875 haee
1173 2810 1300 2896 legunt¹

249 2906 281 2972 iu
306 2907 472 2991 codicibus,
504 2906 656 2998 tauquam
682 2932 718 2980 er
740 2913 889 2996 sapientis
910 2931 962 2980 era
990 2916 1126 2997 prolata:
1171 2911 1300 2984 Existi

246 3014 366 3079 matio
403 3034 458 3081 me
495 3023 625 3085 vestra
662 3038 731 3085 nun
771 3037 852 3085 meo
884 3021 1050 3097 nomine,
1086 3021 1155 3088 sed
1188 3026 1300 3091 vestr

245 3122 394 3196 moret,
435 3125 524 3206 quia
565 3125 818 3191 calamitates
843 3125 996 3193 'odisse
1040 3129 1078 3192 et
1119 3128 1299 3196 lacesset

244 3225 432 3294 virtutem
454 3230 557 3296 bouae
586 3232 668 3314 spei
698 3231 863 3297 eiuratio
885 3234 954 3298 est.
990 3232 1215 3317 ‘Praeterquam
1239 3257 1300 3321 quo

244 3331 277 3397 in
313 3333 561 3402 calamitates
596 3337 745 3403 mendum
776 3337 976 3403 manifestum
1009 3344 1068 3414 est,
1100 3342 1133 3404 et
1162 3346 1299 3411 santenti

244 3437 356 3521 (nsque
389 3439 588 3507 animumne
618 3440 722 3507 odium
754 3441 931 3521 damnatur)
964 3447 997 3509 et
1017 3445 1214 3514 concinnitas
1253 3452 1299 3530 (ia

242 3561 400 3611 cessere
436 3546 633 3625 virtutem)
666 3547 825 3631 postulant
860 3549 1016 3616 obiectum
1049 3553 1136 3618 verbi
1172 3555 1299 3623 odissi

242 3648 397 3733 Scriptum
430 3651 526 3735 igitur
546 3652 613 3716 erat
640 3651 698 3717 hac
718 3640 834 3729 fornia,
867 3656 893 3720 si
915 3650 981 3722 non
1004 3658 1053 3723 his
1075 3660 1195 3726 verbis:
1230 3665 1297 3747 qui

242 3754 936 3844 catamitaaeat[sapiendoqodisse.
961 3760 1299 3849 §dubipoetalorer

239 3862 440 3944 raptorum
463 3864 714 3948 ingenuorum
731 3869 999 3953 corruptorem
1018 3870 1177 3938 induxisse
1189 3874 1299 3943 dicitm

238 3966 333 4031 miror
359 3967 581 4036 abundantiam
602 3971 764 4038 verborum
785 3957 1025 4060 suspicorqued
1047 3978 1131 4044 idem
1155 3979 1298 4049 habuisse

238 4071 319 4153 quod
340 4072 367 4136 B
391 4074 497 4140 etalii
519 4075 645 4154 habent,
668 4080 887 4160 raptorem,
909 4081 1056 4150 Senecam
1079 4089 1185 4151 autem
1216 4091 1298 4173 scrip
