2662 5062
405 101 436 157 n.
458 102 685 163 ammessia
702 106 790 164 eea
1029 112 1091 178 369

3 319 62 390 :er
100 288 208 367 Vrleriur
240 301 366 386 quidem
392 300 549 369 Maximus
573 303 668 368 etiam
699 305 822 386 passive
854 307 1132 394 degeneratum

59 476 60 479 Ἴ
96 406 222 479 petrem
249 406 337 480 dixit,
359 425 378 471 a
398 425 458 491 quo
480 406 564 473 lilius
585 408 813 493 degenerasset

57 500 58 503 ¹
167 513 231 579 lhd.
257 513 309 591 14,
330 512 476 595 quoniam
498 513 621 596 initium
644 515 753 598 capitis
775 535 868 601 sunm
888 539 918 602 p.
941 520 1004 586 340
1024 542 1131 591 emen·

51 686 52 691 ἵ
95 608 152 688 hri,
168 621 288 685 restant
309 620 327 703 ᾗ
350 617 370 680 2
391 619 471 684 haec:
515 619 565 684 Ut
585 620 688 687 feras
710 639 794 687 cnm
816 623 953 690 labore
974 629 1131 710 pericu·

1 732 28 799 γρ
52 790 54 800 „
92 713 178 806 loque
201 744 390 791 venamur
418 770 485 802 ...,
515 723 573 793 ita
593 723 788 793 habentes
809 747 966 815 magnas
988 734 1130 820 volup·

51 921 52 924 *
91 824 169 897 tutes
199 832 239 896 in
271 849 450 915 magnum
473 829 614 897 malum
643 848 805 898 evasere
840 837 1046 922 captaeque
1068 859 1129 907 ce·

53 940 55 945 ’
90 947 173 1013 pere,
202 937 235 1002 in
267 937 378 1021 quibus
402 953 473 1001 cum
494 937 657 1018 appareret
679 954 740 1011 eos,
772 942 823 1021 qui
852 939 1003 1008 haherent
1024 945 1130 1030 volup-

2 1056 31 1096 ,ῑῑ
90 1038 158 1121 tates,
176 1063 238 1110 non
262 1041 392 1109 evadare
412 1041 445 1105 iu
467 1040 595 1119 malum,
627 1059 685 1106 nec
714 1061 804 1125 posse
828 1046 953 1112 omnino
973 1048 1129 1116 doersum

4 1140 18 1201 2
49 1181 50 1184 =
90 1159 139 1212 esre
161 1150 325 1215 verborum
348 1163 508 1212 evasere
540 1147 573 1210 et
604 1165 743 1230 cepere
774 1150 959 1231 subiectum,
986 1154 1041 1220 alii
1066 1155 1129 1220 ulia

88 1247 231 1334 tentumnt,
254 1252 429 1331 Bentleius,
463 1250 549 1316 cuiue
577 1252 782 1318 coniecturam
810 1253 965 1340 Hauptius
986 1260 1019 1334 (l
1040 1280 1070 1343 p.
1093 1259 1126 1340 3)
1172 1268 1187 1281 '

1 1350 8 1363 ’
87 1361 190 1432 roomo
223 1362 257 1426 et
294 1357 445 1443 probavit,
487 1356 581 1422 scribi
620 1357 734 1424 voluit:
771 1359 937 1427 habenti
970 1384 1126 1450 magnas

16 1478 32 1516 s:
85 1464 289 1550 voluptates
312 1467 382 1540 cet,
411 1481 521 1547 parum
542 1461 687 1540 feliciter,
708 1483 782 1529 nam
803 1465 848 1531 sic
869 1484 988 1550 quoque
1009 1469 1127 1536 iucom-

1 1583 30 1614 ³·
82 1569 152 1636 noue
172 1572 363 1656 voluptatum
386 1588 506 1645 nomeu,
536 1589 604 1653 quae
626 1589 696 1635 cum
718 1571 792 1636 ferie
817 1573 1043 1655 comparantur,
1063 1576 1125 1659 pri-

1 1666 43 1728 1t‘
78 1682 148 1742 mum
177 1697 232 1761 pro
266 1677 384 1742 obiecto
415 1676 550 1758 positum
583 1674 775 1758 deprimitur,
811 1675 934 1755 deinde¹
951 1677 985 1745 in
1017 1681 1125 1748 eadem

75 1784 213 1850 serenus
256 1781 388 1850 subiecti
429 1780 494 1846 loco
528 1781 660 1865 emergit
700 1781 909 1862 (scribendum
944 1789 1025 1853 erat:
1069 1789 1124 1855 ita

2 1903 14 1919 ·
67 1891 205 1974 magnae
226 1888 471 1969 voluptates
491 1885 685 1962 habenti);
713 1889 798 1962 tum,
830 1889 867 1952 ut
887 1892 1035 1972 praecedit
1056 1894 1124 1961 do.

19 2004 20 2007 ’
63 1994 198 2073 minos,
233 1992 432 2061 scribendum
465 1994 532 2057 erat
562 1991 805 2061 habentibus
837 1994 886 2059 vel
912 1994 1013 2078 potius
1045 1997 1124 2061 irn-

58 2101 226 2167 entibus.
270 2099 332 2166 Sed
353 2099 439 2165 eulva
460 2116 509 2164 res
533 2098 582 2163 est
608 2096 882 2183 scribendumque:
907 2101 964 2165 ita
984 2099 1125 2165 iubent

2 2192 3 2196 ’
52 2212 103 2267 ⁸0
128 2224 277 2292 mooun
307 2203 556 2288 voluptates:
588 2203 627 2269 in
654 2221 831 2288 magnum
864 2207 1009 2274 malum
1031 2226 1123 2275 era·

47 2309 142 2377 ⁸ere
163 2315 367 2396 captuque
399 2327 549 2393 cepere.
602 2308 679 2375 (lum
702 2328 739 2374 ex
770 2311 985 2380 habentne
1007 2315 1123 2382 factum

42 2415 140 2482 0sset
158 2418 370 2497 habentos,
392 2419 532 2482 secutum
556 2419 604 2482 est
626 2433 792 2500 magnas.

155 2525 297 2600 lhd.15‚
327 2524 362 2588 6:
406 2522 493 2602 Quae
522 2523 650 2587 eutem
683 2520 879 2589 dementia
907 2526 966 2589 est
995 2524 1121 2608 potius

35 2609 159 2695 trahi
181 2648 292 2714 quam
314 2628 446 2712 sequi?
470 2629 547 2692 tam
579 2628 825 2694 mehercules
852 2647 962 2712 quam
984 2632 1122 2698 stulti·

33 2714 112 2800 ¹²ia
131 2738 170 2802 et
190 2737 373 2821 ignorata
405 2731 649 2799 condicionis
677 2734 736 2798 eet
760 2753 835 2800 sure
864 2734 993 2803 dolore
1020 2738 1121 2821 qnod

32 2840 116 2941 §st
136 2841 287 2926 aliquid
319 2840 386 2906 aut
417 2837 562 2904 incidit
593 2837 730 2903 durius
760 2857 864 2922 aeque
885 2841 1027 2908 ¹mirari
1055 2847 1120 2909 aut

30 2941 210 3033 ludigne
232 2948 333 3013 ferre
355 2963 414 3024 ea,
447 2963 523 3029 quae
553 2947 630 3010 tam
656 2943 771 3010 bunis
799 2945 986 3013 accidunt
1009 2967 1120 3032 quam

29 3047 182 3132 hialin,
204 3054 353 3120 morbos
376 3051 478 3130 dico,
499 3050 645 3131 funera,
671 3050 730 3115 cet.
762 3047 913 3130 SicAOE,
935 3052 990 3118 alii
1010 3053 1121 3144 leviter

33 3154 273 3240 menemus).
316 3156 441 3225 Pridem
471 3156 616 3223 restituta
649 3156 722 3222 sunt
753 3154 950 3239 ignoratio
986 3162 1017 3224 et
1050 3159 1120 3226 do-

32 3246 141 3330 lere.
184 3264 247 3330 Sed
277 3264 338 3330 est
366 3264 435 3329 aut
459 3261 602 3327 incidit
633 3262 788 3327 contraria
817 3262 889 3346 poni
917 3264 1002 3330 nullo
1030 3268 1120 3348 pacto

32 3370 181 3449 luerunt
208 3377 291 3449 (nam
319 3368 401 3453 quod
427 3368 546 3448 incidit,
582 3370 656 3446 est);
690 3368 794 3451 itaque
827 3368 974 3434 editiones
1003 3369 1121 3454 aliquot

35 3463 114 3540 52m
132 3477 206 3541 ante
217 3475 395 3542 Fickertum
417 3473 561 3540 licenter:
583 3472 683 3559 quod
704 3473 858 3557 aliquid
879 3473 952 3540 tibi
970 3474 1120 3540 incidit

48 3576 194 3658 durius,
217 3583 297 3666 quod
311 3583 342 3646 in
354 3600 415 3646 nno
428 3580 533 3646 codice
545 3580 731 3664 interpolato
746 3598 813 3645 esse
825 3579 945 3645 dicitur.
975 3580 1118 3647 Scriben-

50 3680 125 3751 dum
147 3690 196 3753 est
215 3689 319 3755 littera
340 3687 514 3772 geminatae
551 3686 653 3769 quod
682 3687 768 3751 deor
789 3687 929 3765 (deest)
952 3686 1116 3770 aliquid;

55 3796 182 3859 namet
210 3792 361 3860 desiderio
395 3811 517 3871 eorum,
554 3812 620 3877 quae
654 3811 715 3860 non
738 3791 906 3869 habemus,
939 3793 971 3858 et
993 3794 1019 3858 si
1043 3791 1115 3877 quid

102 3920 209 3958 nuncu
220 3926 300 3961 mmo.
312 3923 362 3959 cm.
384 3922 407 3957 u
881 3929 916 3974 2⁴
