2648 5084
556 108 670 165 Gellius.
1043 106 1102 170 611

187 309 255 375 Lib.
278 306 349 384 XX,
375 310 402 382 1,
437 307 490 372 16:
535 307 699 386 Quonam
722 309 850 393 igitur
878 309 1148 392 modoimpru-

77 417 242 482 dente-m
266 414 411 498 poterit
431 413 596 490 inuitari,
629 415 693 497 qui
726 415 763 478 in
786 414 1034 498 exsequenda
1056 418 1146 482 tali·

72 542 147 587 one
185 541 254 587 non
292 521 462 586 licentiae
498 521 559 584 ius
590 521 725 595 habet,
763 520 829 585 sed
861 521 1147 605 imprudentia?

72 628 300 709 Imprudentiae
323 646 421 711 neque
450 646 503 710 per
524 645 557 692 se
579 627 728 710 usquein
750 627 808 692 hac
830 646 878 701 re,
910 628 963 692 ubi
984 629 1086 713 agitin
1107 630 1146 696 de

72 733 172 828 modo
194 737 226 798 et
247 752 391 799 mensura
424 737 511 799 caute
533 732 700 806 servandis,
733 735 884 798 contraria
905 735 1030 816 ponitur
1051 736 1144 801 lieen-

73 841 133 906 tia.
181 838 298 905 Gellius
330 842 473 923 posuerat
504 838 725 922 dilipenre'oe.
780 840 896 905 lladem
918 842 1146 922 permutatione

75 946 149 1021 XV,
172 944 203 1020 3,
226 946 244 1007 7
268 946 412 1012 hbrarius
434 936 612 1012 Ciceronenr'
636 946 778 1011 effecerat
798 947 921 1011 virum
945 948 1163 1012 acerrimae‘

75 1054 119 1117 in
155 1051 286 1117 studio
316 1055 540 1118 litterarum
568 1052 759 1126 licentiae,
794 1051 875 1136 quod
897 1052 1055 1119 Acidalins
1078 1074 1143 1120 cor·

74 1159 168 1235 rexit3
200 1159 231 1224 iu
258 1160 382 1225 scholiis
408 1158 617 1225 Ciceronianis
649 1159 730 1223 idem
763 1157 909 1223 ruendum
943 1178 999 1243 ego
1032 1163 1145 1227 correxi

76 1273 162 1349 (app.
187 1267 254 1331 crit.
277 1267 389 1349 disput.
423 1266 462 1346 de
485 1266 616 1329 Asconio
637 1285 664 1346 p.
691 1265 753 1343 29),
784 1263 815 1329 in
837 1266 1009 1349 fragmento
1029 1267 1143 1343 ,Varro-

76 1374 127 1438 nis
150 1372 231 1455 apud
267 1373 402 1437 Nonium
440 1390 469 1453 p.
492 1370 554 1434 429
576 1370 760 1435 Niebuhrius
792 1378 942 1454 (magna
969 1371 1144 1457 diligen-

75 1480 134 1544 tia
173 1478 448 1561 suscipiebant
492 1496 544 1560 pro
585 1476 773 1559 licentia).
846 1476 988 1560 Sequitur
1030 1487 1047 1558 ᾗ
1087 1481 1142 1547 19:

75 1584 180 1665 Quid
208 1585 307 1650 enim
342 1583 468 1649 rideri
500 1586 630 1667 potest
666 1582 872 1648 efferatius
915 1631 989 1660 ...,
1031 1606 1140 1672 quum

75 1691 173 1776 quod
197 1693 366 1758 membra
398 1692 525 1777 inopis
554 1689 746 1755 debitoris
783 1690 1017 1756 brevissimo
1050 1693 1142 1758 lani-

74 1801 142 1864 atu
165 1798 487 1864 distrahebantur
514 1798 591 1861 ,..?
634 1795 715 1873 Quid
737 1796 775 1860 ad
798 1815 862 1862 rem
887 1797 1020 1862 brevitas
1042 1798 1142 1863 lania·
1239 1846 1244 1856 .

71 1909 126 1970 tus
162 1905 318 1986 pertinet?
360 1907 409 1970 hu
444 1903 616 1969 Favorinus
650 1901 869 1968 diuturniorem
902 1922 970 1968 esse
1002 1904 1143 1971 debuisse

72 2010 250 2075 censebat?
297 2012 467 2093 scripserat
499 2010 624 2083 Gellius
669 2009 873 2071 sevissimo
910 2009 1142 2087 (sevissimo)

72 2118 240 2183 laniatu.
295 2117 397 2182 Semel
430 2117 543 2198 scripto
575 2139 589 2177 a
620 2114 1033 2196 (debitorisevissimo)
1074 2134 1142 2179 cunr

73 2224 185 2289 natum
209 2226 292 2288 esset
324 2222 526 2298 evissimo,
561 2240 652 2304 prave
674 2222 849 2304 suppletum
872 2224 919 2286 est
941 2220 1065 2291 initium
1090 2240 1144 2285 vo·

72 2330 189 2410 sabuli,
211 2332 246 2393 ut
266 2328 351 2405 XIX,
376 2328 423 2406 10,
449 2326 496 2391 13.
528 2325 712 2405 (Salmasius
737 2327 957 2399 serissime.)
1003 2327 1038 2391 ln
1060 2324 1144 2413 §.3¹2

72 2436 129 2501 ubi
158 2434 239 2500 Sext.
282 2434 422 2500 Caecilius
456 2434 584 2499 laudate
617 2442 648 2498 et
677 2433 804 2499 detensa
836 2434 1029 2499 hnmanitute
1065 2434 1143 2498 alius
1182 2439 1186 2447 '

71 2543 139 2609 XII
162 2542 337 2607 tabularum
371 2542 450 2626 legis
477 2540 590 2606 transit
611 2539 650 2604 ad
672 2559 752 2618 sam,
774 2560 865 2624 qnam
888 2539 1021 2605 maxims
1044 2540 1144 2606 Favo-
1261 2565 1263 2569 ’

70 2651 161 2715 rinus
198 2648 450 2731 reprehenderat:
494 2646 574 2713 Sed
609 2648 708 2714 euim
748 2649 872 2729 ipsum
908 2646 1007 2722 vide;
1040 2647 1142 2712 inin·

71 2756 154 2821 rias
190 2755 314 2819 tactas
350 2755 518 2837 quinque
561 2757 601 2819 et
639 2755 783 2840 viginti
815 2753 966 2821 assibus
1003 2771 1142 2837 sanie

17 2886 20 2889 ·
71 2862 180 2930 runt,
213 2862 330 2925 certum
353 2864 401 2926 est
422 2863 564 2943 corrupta
585 2879 659 2926 esse
685 2861 787 2943 prima
807 2861 914 2936 rerba3
950 2879 1022 2924 nam
1044 2878 1142 2942 neque

71 2968 199 3049 ipsum
226 2965 301 3049 quid
335 2966 376 3031 sit
412 2985 510 3050 quove
552 2967 713 3046 referatur,
746 2966 938 3052 intelligitur,
983 2970 1015 3031 et
1056 2965 1143 3030 ride

69 3073 112 3139 ab
135 3072 194 3136 hac
226 3070 325 3136 forma
359 3073 504 3137 orationis
538 3077 570 3139 et
604 3066 764 3139 sententie
796 3076 897 3137 totum
919 3072 1053 3136 alienum
1079 3074 1141 3144 est:

68 3178 205 3247 sublatis
228 3178 274 3242 his
296 3180 383 3262 ipsu
392 3199 425 3243 nr
449 3178 538 3244 vide
560 3181 716 3244 constaret
738 3178 906 3244 sententia:
951 3177 1022 3243 Sed
1044 3178 1140 3243 euim

66 3285 249 3362 iniurias
349 3288 558 3350 sanxerunt
581 3291 665 3362 (narn
688 3285 879 3351 sedenim
903 3304 956 3368 pro
979 3286 1141 3350 atenim

65 3508 273 3522 W

142 3656 206 3711 rino
240 3656 350 3713 colendo
381 3658 546 3724 destinatur,
578 3658 606 3712 ei
635 3659 673 3712 rei
702 3660 858 3723 comitabar,
886 3673 971 3728 neque
999 3658 1023 3713 is
1050 3657 1139 3723 homo,

141 3749 177 3806 de
199 3765 252 3818 quo
269 3751 377 3822 egitur,
404 3768 498 3823 agrum
527 3750 553 3805 ei
575 3749 614 3805 rai
638 3744 815 3813 destinatum,
843 3749 889 3804 sed
915 3750 969 3804 iarn
990 3749 1092 3804 cultum
1111 3751 1140 3802 et

142 3847 269 3899 ornatum
287 3845 361 3899 enuit.
406 3846 489 3898 Vinum
508 3863 637 3907 conserere,
655 3864 733 3896 cerere
752 3842 785 3898 de
803 3842 906 3898 ritibus
924 3843 1048 3899 dixerunt
1060 3841 1136 3907 Octo,

142 3942 238 4001 varro,
258 3937 371 3993 Plinius.
749 3920 750 3923 ¹

419 4022 422 4029 '
887 4022 939 4081 as*
