2678 5018
530 618 671 690 Vergilius.

189 818 233 881 At
254 819 345 899 parte
367 836 404 881 ex
426 817 498 895 alie,
520 836 578 900 qua
599 837 672 882 sera
692 820 823 884 rotantia
847 820 909 885 lato

189 923 358 1006 impulerat
378 924 499 987 torrens
521 924 704 1006 arbustaque
725 925 827 990 diruta
847 926 930 1009 ripis,

189 1029 342 1104 Arcadas,
365 1029 501 1094 insuetos
522 1030 602 1094 ecies
622 1030 735 1095 inferre
755 1030 913 1113 pedestris,

194 1137 230 1199 ut
253 1134 332 1199 vidit
353 1134 458 1199 Pallas
477 1135 565 1200 Latio
587 1134 660 1200 dare
681 1138 770 1220 terge
792 1137 923 1220 sequaci,

194 1259 303 1324 aspera
325 1240 394 1323 quis
416 1242 525 1305 natura
548 1241 785 1306 locidimittcrc
809 1241 929 1325 qnando

191 1347 290 1412 euasit
312 1365 415 1431 equos,
438 1367 531 1411 unum
553 1347 634 1430 quod
656 1347 745 1413 rebus
766 1350 864 1413 restat
886 1349 1000 1432 cgenie,

193 1458 276 1517 nnn‘c
297 1472 396 1536 prece,
421 1471 501 1528 nunc
523 1453 612 1519 dictis
635 1454 781 1518 virtutem
803 1455 942 1520 accendit
964 1455 1086 1520 ameris.

167 1557 296 1622 Frustra
315 1560 470 1623 laboratur
490 1559 521 1622 in
544 1559 728 1642 explicandis
750 1560 925 1643 pronomine
947 1561 1074 1626 relativo
1095 1561 1128 1625 et

67 1663 283 1728 coniunctione
294 1666 326 1728 in
338 1665 475 1729 eiusdem
485 1665 644 1730 sententiae
667 1666 798 1730 caucalis
812 1665 1006 1731 adiunctione
1022 1666 1127 1748 positis

68 1771 148 1853 (pun
161 1770 297 1853 quando)
307 1772 399 1845 esunt
410 1774 524 1843 tamen,
537 1771 597 1853 qui,
611 1772 646 1836 nt
652 1771 831 1848 hadericus,
843 1792 901 1839 non
913 1771 1062 1842 laborent,
1074 1772 1128 1838 scd

66 1875 157 1939 facile
179 1876 401 1956 sccxpcdiant;
423 1877 544 1960 qnarzdc
567 1878 648 1941 enim
661 1896 726 1941 csse
740 1876 906 1960 aliqnando
928 1876 1128 1941 sententiam·

64 1999 121 2062 que
144 1981 191 2044 sic
206 1980 386 2046 Germanice
407 1982 493 2047 reddi
514 2002 620 2066 posse:
646 1983 704 2057 „da
726 1984 769 2047 sie
787 1982 875 2065 jctzt,
898 1982 946 2047 lin
967 1982 1127 2063 diesmel“;

63 2106 168 2168 quem,
190 2089 219 2152 si
241 2087 344 2171 licent,
365 2090 550 2173 interrogare
572 2091 674 2166 velim,
697 2090 750 2154 nbi
771 2090 802 2154 in
825 2089 978 2182 sententia
999 2090 1128 2156 relativa

64 2195 189 2276 pacando
212 2213 267 2276 pro
290 2193 457 2278 aliquando
477 2197 611 2280 positum
634 2197 810 2280 reppererit,
836 2205 867 2261 et
890 2196 941 2260 ubi
961 2196 1128 2281 aliquando

62 2300 107 2363 uic
129 2300 269 2381 positum
290 2301 421 2383 cle-ipsa
442 2323 478 2368 ea
502 2322 545 2378 re,
578 2305 887 2386 quandrangulum
923 2303 1052 2386 denique
1075 2321 1127 2368 so·

63 2404 169 2471 lcatne
192 2407 258 2489 ipsc
280 2408 324 2472 sic
346 2427 485 2472 narrare:
522 2408 587 2483 „als
608 2407 712 2472 Pellae
734 2409 800 2485 sah,
822 2409 894 2474 daos
917 2409 965 2472 die
990 2429 1027 2473 zo
1048 2408 1126 2474 Fusa

63 2512 271 2596 lempfenden
310 2514 447 2579 Arkader
491 2514 608 2583 wichen
655 2514 749 2595 (deun
788 2516 832 2579 sic
871 2515 977 2580 hatten
1014 2515 1128 2579 einmel

63 2618 111 2683 dic
145 2619 259 2684 Pfcrdc
291 2621 502 2707 verlassen)“l
554 2622 622 2686 Una
652 2620 766 2686 vocalis
787 2621 972 2705 geminanda
1004 2625 1060 2694 est
1092 2624 1128 2687 nt

63 2726 188 2811 penando
214 2728 296 2792 recte
317 2745 371 2809 pro
393 2727 505 2791 causali
527 2728 676 2809 particula
700 2728 761 2793 eit:

218 2852 326 2915 aspera
345 2833 433 2917 aquic
453 2836 563 2897 natura
583 2833 640 2898 loci
664 2833 816 2899 dimittere
837 2834 955 2916 qnando

218 2939 317 3004 sunsit
338 2959 438 3023 equos.

165 3045 289 3110 Natura
304 3044 362 3109 loci
385 3048 470 3129 aquis
482 3047 637 3120 torrentis,
660 3048 739 3112 seris
761 3047 875 3130 passim
899 3046 997 3124 iactis,
1020 3063 1127 3128 aspera

63 3151 148 3217 iacta
170 3155 247 3216 erat.

165 3258 207 3333 X,
230 3257 290 3318 457
313 3279 397 3341 sqq.:
976 3315 981 3327 ,

149 3364 242 3427 Hunc
264 3365 316 3428 nbi
338 3365 514 3448 contiguum
536 3365 638 3430 miseae
659 3364 723 3430 fore
746 3365 876 3429 credidit
896 3366 1001 3439 haetae,

148 3470 194 3534 irc
218 3471 299 3553 prior
319 3472 432 3547 Pallas,
455 3473 481 3536 si
504 3490 564 3554 qna
584 3471 646 3536 fors
669 3471 791 3538 adiuvet
805 3491 920 3543 ¹aeneum

147 3576 265 3640 viribus
289 3578 464 3661 imparibus,
487 3596 693 3662 magnumque
715 3579 759 3640 ita
780 3578 817 3643 ad
841 3579 955 3642 aethera
977 3576 1066 3642 fatur.

165 3681 255 3748 Adeo
283 3702 340 3747 non
368 3685 457 3766 aptus
486 3685 544 3749 hoo
571 3684 636 3748 loco
665 3684 832 3749 infinitivus
862 3682 1026 3758 historicus
1059 3700 1125 3747 ense

63 3787 186 3852 ridetur
208 3789 343 3873 adeoque
365 3790 440 3854 dure
462 3809 532 3854 cnm
542 3789 634 3871 sotor
644 3790 795 3873 coniungi,
817 3782 856 3853 ut
865 3808 954 3872 cogar
965 3785 1124 3871 suspicari,

63 3897 214 3981 scriptum
237 3896 333 3962 finisse
354 3915 373 3960 a
392 3899 499 3978 poeta:

197 4003 243 4068 irc
264 4003 347 4085 prior
368 4003 480 4076 Pallas,
503 4004 530 4067 oi
551 4006 615 4085 qun
632 4001 693 4067 iore
717 4001 850 4078 adiuvet,
872 4022 973 4062 cocco.

160 4108 200 4186 Χ,
224 4108 296 4171 478.
347 4108 447 4172 Hasta
471 4098 619 4172 Pallantis

437 4216 519 4279 viam
542 4214 631 4296 clipei
653 4213 758 4278 molita
780 4233 834 4296 per
857 4233 925 4279 otae

212 4321 344 4387 taudem
368 4320 461 4385 ctiam
483 4340 594 4404 magno
617 4320 738 4385 strinxit
758 4321 796 4384 dc
818 4339 939 4404 corpore
962 4319 1068 4385 Turni.
