2654 5010
532 646 650 701 Tacitus,
760 597 763 603 ²
1020 647 1082 709 ‘243
1162 698 1172 714 ,

51 858 160 924 pugna
194 843 226 904 el
256 842 322 908 eius
355 846 466 909 eventu
495 843 709 909 subiiciuntur.
756 843 825 908 Una
846 843 953 909 littera
984 844 1124 910 addenda

52 951 141 1011 erat:
187 946 346 1015 directa
382 969 424 1021 er
461 950 623 1015 diverso
657 949 765 1014 ecies
795 950 900 1014 baud
934 952 1075 1031 procul
1107 971 1125 1017 a

55 1053 227 1118 flumine
251 1055 384 1121 Rheno
406 1058 472 1135 est,
494 1056 679 1122 obversis
699 1059 756 1120 cet.

157 1160 236 1226 Ibid.
259 1161 315 1227 32:
342 1165 490 1229 missus
512 1182 595 1228 cum
617 1162 822 1227 mandatis
845 1156 1059 1227 Montanus
1081 1163 1125 1227 ed

53 1265 246 1345 Civilem,
263 1270 306 1333 ut
326 1269 552 1335 absisteret
573 1265 682 1335 bel'lo
705 1286 802 1334 neve
825 1273 989 1334 externa
1008 1270 1125 1334 armis

53 1371 179 1437 falsis
202 1374 358 1442 velaret
378 1379 437 1442 cet.
475 1377 584 1460 Neque
604 1375 635 1439 in
659 1376 914 1440 externorum
936 1376 1059 1440 nomine
1082 1374 1126 1440 sic

56 1479 141 1543 nude
162 1480 262 1561 posito
288 1480 351 1545 olla
372 1484 421 1547 est
442 1483 485 1547 rei
508 1481 596 1547 malae
624 1486 680 1547 aut
708 1501 775 1565 qua
804 1482 935 1547 velanda
964 1481 1008 1548 sit
1029 1483 1124 1565 signi·

54 1585 170 1663 boabo,
193 1587 350 1671 multoque
374 1587 476 1654 minus
498 1588 692 1672 intelligitur,
722 1607 776 1653 cur
803 1587 880 1652 falsa
909 1607 995 1653 arma
1021 1587 1127 1669 appel·

55 1692 170 1770 lentur,
192 1693 302 1776 quibus
324 1692 429 1762 Civilis
452 1695 532 1760 serio
554 1697 588 1760 et
608 1693 721 1759 acriter
743 1695 898 1759 Romanos
920 1694 1126 1778 oppugnabat.

55 1798 144 1865 Illud
165 1800 387 1881 postulabatur,
411 1820 449 1866 ne
472 1800 580 1867 Civilis
603 1801 707 1877 armis,
738 1799 850 1882 quibus
876 1800 1040 1883 imperium
1066 1798 1128 1862 lto-

56 1923 187 1972 manum
208 1905 362 1971 hostiliter
383 1907 615 1991 aggrederetur,
638 1907 749 1971 salsam
765 1907 897 1989 speciem
914 1905 1042 1972 occulta
1056 1923 1126 1970 cum

57 2011 249 2094 Vespasiano
282 2013 514 2096 conspirationis
544 2018 576 2079 et
604 2033 656 2096 pro
687 2031 722 2076 eo
751 2011 908 2097 pugnandi
937 2010 1128 2088 obtenderet,

57 2117 143 2200 quod
165 2136 235 2183 eum
258 2119 365 2185 fecisse
389 2123 420 2184 et
442 2121 513 2186 ante
535 2126 692 2187 narratum
722 2120 773 2184 est
800 2121 832 2184 st
861 2117 1004 2201 proximis
1026 2116 1128 2182 verbis

57 2224 261 2308 significatur.
320 2226 489 2308 scripserat
524 2227 665 2293 Tacitus:
706 2244 803 2291 neve
838 2227 1006 2289 externa
1038 2240 1129 2288 arma

57 2331 416 2413 <arcanis>falsis
451 2335 617 2399 velaret.
672 2330 1128 2399 Duoevoceselitterisar
1213 2341 1216 2348 ·

60 2436 245 2519 incipientes
272 2439 302 2502 in
330 2459 422 2504 unam
445 2439 632 2506 coaluerunt.
687 2441 886 2505 Arcanum
918 2439 950 2501 et
982 2452 1129 2501 arcana

58 2562 155 2626 quarn
192 2546 366 2628 frequenter
403 2547 529 2612 Tacitus
564 2547 826 2613 substantivorum
862 2545 928 2610 loco
962 2546 1065 2625 ponat,
1102 2544 1133 2606 ct

60 2652 240 2715 communia
261 2651 358 2716 lorice
380 2653 553 2734 ostendunt,
568 2658 600 2718 et
621 2653 712 2734 paulo
734 2652 857 2717 uberius
879 2649 1038 2714 Taciteum
1056 2648 1133 2713 Bor-

59 2756 185 2822 ticberi.
229 2759 404 2823 Externa
426 2779 533 2825 arma
556 2759 752 2824 scribendum
774 2775 840 2822 esse
855 2754 981 2836 Lipsius
1003 2753 1130 2832 viderat,

61 2862 172 2927 addito
194 2864 355 2929 arcanis
377 2869 489 2947 praeter
510 2865 700 2931 sententiam
723 2865 840 2928 rectam
861 2863 893 2926 et
922 2860 1130 2924 membrorum

64 2968 229 3053 equalitas
251 2970 424 3037 restituitur
444 2977 476 3037 et
498 2972 601 3038 mendi
624 2972 709 3055 origo
731 2967 925 3051 perspicitur.

170 3078 245 3141 ibid.
273 3078 314 3137 42
345 3077 382 3141 de
413 3078 542 3162 Regulo,
571 3080 623 3162 qui
656 3080 835 3144 Crassorum
865 3076 896 3139 et
925 3071 1016 3138 Orfiti
1043 3070 1133 3136 domo

64 3183 215 3256 subversa
246 3183 349 3251 odium
383 3188 583 3264 contraxerat,
606 3187 651 3250 sic
673 3183 817 3251 scribitur
845 3182 877 3246 in
908 3175 1136 3244 codicellos:

66 3293 213 3371 sponte
246 3311 263 3357 e
296 3283 386 3360 XS‘C
426 3293 636 3359 accusatio
673 3292 835 3357 subisse
869 3284 1029 3353 iuvenis
1065 3283 1135 3348 ad-

66 3395 220 3461 modum
256 3418 327 3465 nec
360 3398 596 3483 depellendi
630 3396 820 3482 periculi,
854 3394 920 3460 sed
954 3393 992 3457 in
1026 3407 1135 3472 spem

66 3504 262 3585 potentiae
298 3506 524 3571 videbatur.
589 3506 721 3571 Senatus
761 3501 893 3568 consulti
931 3496 1049 3563 nnllam
1086 3496 1137 3560 bic

68 3609 256 3675 mentionem
279 3631 297 3676 a
319 3613 426 3679 Tacito
454 3612 570 3679 factam
599 3631 665 3678 esse
687 3628 793 3676 omnes
814 3606 1043 3680 intellexerunt3
1066 3620 1138 3668 nam

67 3734 168 3798 neque
201 3721 326 3784 senatus
362 3720 502 3785 consulto
537 3720 728 3785 accusatores
760 3713 934 3781 maiestatis
966 3710 1138 3777 constitue·

68 3824 192 3908 bantur,
215 3842 322 3909 neque,
346 3826 372 3890 si
397 3827 533 3911 Regulus
556 3831 679 3891 senalus
694 3821 830 3889 consulto
845 3820 1007 3902 paruisset,
1028 3817 1137 3899 sponte

68 3929 195 4013 egisset,
218 3950 317 4016 neque
339 3933 414 4011 eius,
445 3934 499 3999 sed
530 3937 655 3999 senatus
683 3932 773 4014 culpa
794 3927 913 3992 luisset.
958 3922 1018 3988 Sed
1038 3939 1138 4004 neque

68 4037 122 4120 qui
146 4037 266 4104 litteras
282 4061 298 4104 e
313 4030 388 4106 XSC
400 4038 582 4122 simpliciter
597 4037 717 4111 tollunt,
744 4035 840 4099 ullam
862 4027 1140 4097 verisimilitudinis

69 4144 205 4226 speciem
229 4149 441 4232 assequuntur,
473 4163 569 4228 neque
603 4143 808 4227 probabiliora
833 4142 915 4217 sunt,
938 4155 1005 4220 quae
1029 4134 1081 4199 alii
1105 4152 1141 4198 ex

69 4251 147 4335 ipsis
170 4253 232 4319 illis
255 4255 368 4319 litteris
392 4252 671 4337 exsculpserunt')
714 4245 797 4313 Illud
820 4247 913 4310 miror
933 4244 1085 4310 neminem
1105 4259 1141 4305 ex

7 4570 10 4573 X
123 4448 150 4557 ἶ)
171 4489 238 4544 Cum
257 4490 328 4544 banc
346 4488 435 4557 ipsam
447 4486 586 4557 plagulam
599 4482 750 4553 typothetoe
763 4478 916 4535 traditurus
922 4492 1013 4607 eram,
1026 4473 1142 4543 cognovi

886 4582 920 4636 16
