2656 5056
586 287 733 347 Lib.V111.
752 287 818 356 erp.
832 287 863 342 V.

648 487 731 568 Cap.
758 483 795 550 V.

235 708 239 713 .
334 654 490 710 Columella.
527 634 634 708 Plinius
652 653 742 707 maior.
772 651 891 707 Curtius.
922 651 1122 718 Quintilianus.

227 857 234 865 .
296 807 445 879 Absoluto
468 808 626 888 scriptore,
648 807 700 889 qui
728 807 760 871 et
781 804 853 869 olim
878 805 1012 868 multum
1036 804 1099 868 sibi
1120 802 1247 884 temporis

196 917 229 980 et
252 931 352 995 operae
374 911 544 982 vindicavit
565 918 597 975 et
618 930 699 976 nuuc
720 911 835 975 multas
859 908 987 992 paginas
1013 909 1160 991 explerit,
1182 926 1249 971 com·
1291 918 1292 921 ’

197 1019 340 1085 morabor
360 1017 517 1100 paulisper
538 1016 570 1081 iu
595 1019 749 1099 quattuor,
781 1015 843 1098 qui,
865 1017 920 1082 aut
940 1015 1024 1098 quod
1046 1016 1150 1099 magia
1170 1012 1251 1077 obitu

196 1143 247 1190 eos
270 1124 363 1208 attigi
395 1125 450 1188 aut
487 1122 600 1187 saltem
633 1123 735 1188 miuus
757 1123 824 1187 noui
846 1121 941 1193 effeci,
972 1120 1101 1184 brevius
1124 1119 1173 1183 hic
1194 1137 1252 1200 sps-
1294 1168 1295 1173 1

198 1230 276 1295 tium
301 1229 505 1311 occupabunt.

301 1335 327 1398 ll
349 1333 532 1401 columella
554 1353 660 1418 opere,
682 1335 768 1399 cuins
790 1336 1007 1415 argumentum
1043 1331 1254 1414 philologomm

200 1439 303 1514 studia
339 1458 400 1504 uon
422 1440 512 1506 facile
536 1440 643 1517 allinit,
676 1444 740 1505 tres
761 1442 883 1504 tautum
904 1440 1020 1521 primns
1050 1437 1150 1502 libros
1172 1435 1257 1501 couti·

200 1564 277 1610 nuos
304 1545 366 1629 legi
398 1545 437 1611 ad
468 1545 604 1611 formam
637 1546 789 1610 sermonis
815 1544 918 1610 enimn
947 1543 1257 1628 comprehendendam

202 1651 342 1732 (tertium
365 1651 570 1728 festinanter),
594 1652 698 1716 cetera
718 1650 917 1732 persolutam,
949 1651 1128 1724 attendens,
1152 1645 1258 1730 siquid

202 1756 241 1820 ad
275 1756 382 1837 uitam,
396 1757 572 1823 Romanam
605 1757 806 1840 institutaque
837 1757 972 1822 notabile
1005 1757 1192 1822 occurreret.
1232 1753 1259 1814 lu

124 1939 142 1967 h
188 1859 321 1936 ‚duobus
355 1863 464 1944 primis
495 1863 582 1929 libris
619 1880 716 1945 pauca
736 1863 877 1945 quadam
900 1862 1030 1940 correxi,
1067 1881 1140 1944 quae
1161 1876 1259 1945 ponam

203 1967 383 2048 speciminis
409 1968 485 2043 loeo,
521 1969 548 2034 si
584 1988 675 2052 quem
697 1969 774 2034 forte
805 1969 934 2034 incitare
957 1969 1079 2051 possint
1112 1968 1153 2032 ad
1173 1970 1261 2031 totum

203 2088 295 2153 opus,
341 2073 479 2139 adhibita
514 2092 593 2139 nova
634 2074 746 2140 codicis
784 2073 1060 2158 Saugermaueusis
1096 2073 1260 2147 collatione,
1311 2079 1312 2086 ’

203 2180 411 2261 grammatica
432 2180 592 2263 diligentia
613 2181 868 2263 perlustrandum.

307 2284 374 2349 Lib.
399 2282 414 2345 Ι
444 2305 568 2369 prorem.
603 2287 658 2352 24:
702 2270 993 2368 Contemplatio
1025 2303 1121 2350 vero
1155 2301 1264 2349 cunc·

113 2388 114 2391 ’
205 2389 332 2454 tarum
365 2391 402 2455 in
437 2410 480 2457 ea
513 2392 732 2475 disciplina
763 2394 930 2475 partium
963 2395 1108 2473 quanto
1139 2392 1264 2472 cuique

206 2492 447 2579 contigit,ut
469 2502 506 2564 et
527 2500 703 2584 segetum
725 2499 1020 2580 arationumque
1042 2496 1265 2579 perciperet

207 2617 315 2664 usum
338 2606 374 2666 et
396 2605 524 2671 varias
560 2605 933 2685 dissimillimasque
956 2606 1151 2667 terrarum
1184 2619 1265 2682 spe·

207 2704 286 2771 cies
308 2716 584 2790 pernosceret?
627 2711 722 2777 Serib.
758 2720 871 2794 qanto
903 2709 1059 2791 cuique,
1093 2711 1130 2772 ut
1158 2706 1265 2791 signifi·

207 2814 304 2887 cetur,
326 2817 523 2895 paucissimis
546 2818 758 2901 contigisse.¹)

208 3013 367 3023 ———*--
389 3022 396 3023 ἶ

240 3167 261 3233 ¹)
280 3167 344 3240 0⁸1³·
364 3171 395 3238 l,
423 3177 440 3230 6
468 3174 559 3245 agitur
586 3174 619 3230 de
649 3173 830 3245 discrepantia
853 3169 1000 3240 discipline
1019 3171 1058 3233 (et
1085 3168 1173 3224 musis
1197 3165 1268 3220 huius

279 3263 488 3335 discrepantia),
530 3283 584 3321 nou
623 3265 657 3322 de
692 3267 780 3321 nescio
815 3279 927 3335 quorum
962 3264 1071 3331 propter
1104 3259 1267 3328 disciplinam

280 3356 467 3427 fflscuepauda.
505 3361 603 3430 itaque
633 3363 736 3415 certum
763 3360 806 3414 est
834 3371 947 3427 pravum
971 3370 1043 3417 esse,
1065 3351 1137 3422 quod
1164 3348 1268 3405 Schnei-

280 3449 360 3504 derns
378 3449 480 3509 edidit:
516 3452 735 3522 Quacumque
763 3453 873 3506 autem
891 3449 1032 3520 propter
1050 3444 1271 3513 disciplinam

280 3544 372 3598 ruris
390 3547 592 3600 nostrornm
611 3548 798 3614 temporum
815 3557 886 3596 cum
908 3537 1039 3609 priscis
1058 3536 1271 3605 discrepant,

280 3652 345 3691 non
363 3636 540 3692 deterrere
558 3637 682 3705 debent
711 3654 728 3693 a
745 3636 900 3691 lectione
918 3632 1117 3688 discentem.
1166 3629 1197 3684 si
1215 3643 1272 3682 cou-

279 3731 386 3784 firmare
423 3745 543 3801 possem,
574 3729 730 3786 Columella
766 3740 966 3798 quecunque
994 3726 1106 3777 autem
1138 3723 1273 3792 propter

280 3840 328 3894 pro
356 3839 393 3888 eo,
425 3822 496 3894 quod
522 3827 564 3879 est
593 3826 737 3894 propter
775 3833 982 3891 quecunque
1019 3817 1148 3879 autem,
1183 3826 1274 3883 ponere

279 3916 397 3984 licuisse,
434 3916 591 3972 scriberem:
629 3918 844 3985 Quaecunque
874 3914 983 3966 autem
1011 3908 1155 3977 propter
1183 3908 1276 3957 disci·

279 4011 699 4080 plicaruris...dircrepar,
718 4025 782 4064 non
802 3999 1179 4061 deterreradobenteet.
1201 3998 1277 4054 Certe

280 4114 312 4153 οι
330 4103 373 4154 est
390 4104 533 4158 sententia.
570 4106 737 4173 (Quemcunque
754 4114 809 4154 saur
825 4111 911 4159 auteur,
930 4105 1029 4163 propter
1047 4111 1100 4158 pare
1120 4090 1278 4156 discipliunl)
