2662 5046
262 268 323 332 192
518 244 530 266 '
619 269 679 325 mo,
692 270 753 326 vn.
766 269 831 340 cop.
842 269 882 327 11.
913 345 918 355 Μ

202 457 251 536 'in
277 467 402 556 'l'epieis
427 467 493 532 imo
522 467 669 533 eunomia
695 470 782 543 sunt,
817 486 885 552 quoe
921 467 1093 536 subiioiem.
1142 471 1181 536 Iu
1216 470 1283 554 ipso

201 574 325 661 ‘emtim
346 573 435 640 initio
1260 625 1263 641 2

317 678 336 762 ᾗ
358 678 377 741 2
398 677 494 743 miror
513 677 655 743 relietum
675 675 753 741 mihi
773 694 833 743 non
848 676 951 743 minus
966 678 1166 747 manifestam
1187 699 1280 765 quam

217 784 340 850 fusilem
361 781 615 861 emendationem,
636 782 672 846 ut
693 781 860 846 scribatur:
897 782 1149 867 disciplinam
1172 786 1281 853 iuve-

216 890 444 955 niendorum
465 877 795 972 argumentorum,
817 887 858 952 ut
878 888 960 954 siue
981 890 1063 956 ullo
1089 908 1218 958 errore
1234 891 1282 958 ad

217 1015 260 1058 aa
281 1004 348 1079 (pro
368 996 462 1078 eam)
489 994 640 1059 ratione
663 993 700 1056 et
722 992 785 1057 via
805 994 1095 1074 perveniretur,
1123 995 1169 1060 ab
1198 996 1282 1062 Ari-

216 1101 359 1168 stotele
394 1101 592 1163 inventam
618 1102 686 1180 (pro
717 1097 893 1171 invento)
928 1097 1013 1165 illis
1049 1099 1162 1166 libris
1191 1118 1282 1166 eou-

214 1205 342 1273 tineri.
385 1205 456 1272 Non
478 1203 518 1269 ad
540 1202 734 1285 diseiplinam
754 1201 995 1286 perveniendum
1018 1207 1086 1272 erat
1107 1223 1164 1271 nee
1185 1224 1279 1290 argu·

186 1314 321 1379 menta
341 1312 409 1396 ipsa
434 1307 618 1375 Aristoteles
638 1307 809 1389 invenerat,
842 1307 897 1375 sed
917 1309 1065 1392 topicam,
1100 1311 1200 1376 artem
1227 1329 1280 1377 ra-

213 1419 295 1486 tione
325 1414 508 1508 auriand
540 1415 723 1497 argumenta
750 1412 967 1497 perveniendi,
1004 1403 1066 1482 non
1095 1417 1215 1482 temere
1241 1434 1281 1482 ao

214 1541 288 1590 easu
313 1523 347 1587 in
379 1522 418 1587 iis
449 1519 620 1603 quaerendis
655 1518 796 1602 vagandi.
854 1518 924 1586 litsi
952 1520 1064 1586 iniuria
1096 1520 1174 1586 mihi
1199 1521 1280 1587 hene

213 1628 457 1695 emendationem
484 1624 625 1699 reliotam
653 1622 731 1701 dixi;
767 1641 839 1690 nam
874 1623 1074 1692 inventam
1100 1626 1134 1691 in
1162 1625 1279 1692 eodiei·

213 1733 271 1800 bus
304 1734 351 1798 est
384 1729 608 1815 antiquissimis
640 1728 714 1824 ¹(abo
746 1727 878 1811 Orelli,
915 1749 958 1796 eo
988 1732 1151 1797 annotatur
1190 1741 1279 1806 (eon-

211 1839 340 1911 ieotura)
375 1836 408 1902 iu
442 1836 582 1920 margine
617 1834 757 1901 editionis
785 1833 983 1914 Gotholredi‚
1020 1855 1114 1920 quam
1141 1835 1277 1903 Orellius

212 1942 396 2025 scripturam
419 1939 681 2019 „memorabilem
706 1959 763 2005 nee
783 1943 889 2006 tumen
912 1946 1038 2006 veram“
1060 1941 1188 2008 iudioat.

313 2045 381 2113 lbd.
404 2045 460 2110 23:
493 2048 548 2123 ut,
577 2045 759 2128 qnoniam
794 2063 885 2111 usos
923 2047 1138 2112 auotoritas
1168 2046 1279 2111 fundi

211 2152 410 2221 biennium
433 2152 506 2225 est,
527 2149 580 2215 sit
601 2150 716 2215 etiam
738 2149 891 2216 aedium.
931 2152 980 2217 At
1000 2151 1038 2216 iu
1059 2152 1150 2237 lege
1171 2152 1278 2220 aedes

208 2277 284 2326 non
307 2255 582 2341 appellentur,
614 2257 653 2319 et
673 2258 765 2320 sunt
785 2258 1015 2322 ceterarum
1046 2275 1171 2322 rerum
1192 2275 1275 2323 om·

208 2367 328 2443 nium,
367 2381 523 2447 quarum
555 2378 702 2427 annuus
743 2362 803 2427 est
830 2380 934 2428 usus.
986 2360 1095 2446 Neque
1116 2360 1169 2445 qni
1191 2360 1275 2430 aedes

210 2478 260 2551 (eo
281 2471 364 2536 euim
385 2466 517 2534 refertur
551 2469 660 2546 sunt)
697 2467 866 2532 ceterarum
894 2486 997 2533 rernm
1012 2485 1090 2555 ⁴esse
1119 2466 1275 2548 dieantur,

207 2575 407 2661 intelligitur,
429 2591 527 2657 neque
552 2571 702 2656 quomodo
722 2572 793 2650 too,
829 2573 857 2639 si
879 2573 928 2638 est
948 2569 1083 2655 aliquid,
1120 2570 1274 2640 eohaereat

207 2698 277 2747 eum
298 2678 379 2745 illis:
401 2678 439 2744 in
456 2678 544 2762 lege
565 2696 639 2743 non
659 2677 927 2760 appellantur.
984 2677 1025 2743 Et
1044 2695 1101 2759 per
1122 2695 1157 2743 se
1180 2679 1214 2743 et
1235 2697 1273 2745 ex

209 2785 258 2860 iia,
281 2802 349 2868 quoe
370 2784 554 2867 sequuntur,
589 2783 726 2866 apparet,
757 2782 804 2849 roi
823 2782 907 2867 paris
930 2783 1110 2868 argumento
1134 2801 1154 2848 a
1174 2783 1272 2852 fundo

205 2908 266 2956 non
288 2889 387 2955 solnm
408 2887 448 2953 ad
471 2887 563 2967 aedes,
585 2886 640 2953 sed
661 2888 756 2953 etiam
777 2888 817 2954 ad
838 2891 958 2954 eeteros
979 2905 1029 2953 res
1052 2905 1170 2966 omnes,
1193 2907 1273 2974 qua

204 3014 274 3061 rum
297 3012 416 3060 annuus
437 2993 479 3059 sit
501 3011 585 3069 usus,
605 2994 766 3060 mansioni
785 2994 903 3061 biennii
924 2994 1148 3060 anctoritatem
1205 2979 1294 3062 Ita?

205 3118 265 3184 que
286 3100 332 3166 sio
349 3098 522 3165 necessario
543 3098 738 3165 scribendum
758 3099 897 3166 videtur:
919 3099 975 3166 sit
996 3099 1110 3166 etiam
1132 3097 1270 3166 adium

204 3206 308 3285 (etin
331 3205 417 3289 lege
439 3203 538 3269 odos
566 3223 641 3270 uon
674 3203 941 3288 appellantur)
979 3207 1019 3271 et
1046 3204 1271 3271 ceterorum

202 3329 328 3378 rernm
350 3312 427 3395 oet„

303 3416 370 3481 lbd.
397 3415 439 3479 43
466 3413 604 3481 oodioum
625 3414 821 3499 antiquorum
842 3416 980 3482 omnium
1002 3416 1164 3498 seriptum,
1193 3416 1270 3482 snb-

201 3521 274 3588 lntis
322 3521 438 3600 vatis,
492 3540 559 3605 qua
608 3539 644 3587 ex
685 3520 829 3598 inferiore
876 3522 945 3588 looo
986 3521 1138 3606 praeopta
1184 3522 1270 3596 sunt,

201 3627 393 3695 restituenda
417 3628 480 3708 est,
517 3625 674 3692 lenissime
694 3626 740 3693 sio
760 3626 883 3693 adiuta:
927 3622 1267 3706 Quemadmodum,

201 3734 305 3799 fines
339 3735 429 3817 qnia
462 3731 588 3831 magis
618 3749 791 3816 agrorum
825 3732 1009 3799 videntur
1042 3749 1269 3815 essequam

200 3840 328 3918 urbis,
361 3840 396 3905 si
431 3838 469 3903 in
495 3838 589 3904 urbe
620 3836 664 3902 de
694 3837 848 3904 finibus
880 3837 1158 3904 controversia
1189 3839 1267 3916 est,

200 3944 359 4030 adigere
380 3944 573 4010 arbitrum
602 3963 674 4010 uon
702 3946 847 4028 possis,
870 3945 925 4011 sio
947 3948 1005 4012 oet.
1036 3943 1123 4025 Quod
1144 3942 1178 4007 in
1200 3943 1266 4008 Eri.
