2626 5070
261 731 277 756 .
422 637 813 751 norbanum?
846 678 871 761 ‘‚
1028 696 1093 775 281,
1140 717 1166 761 0„

66 954 68 957 ,
162 896 208 961 iix
230 882 363 961 aliorum
384 890 482 970 libris,
503 893 555 976 qui
566 892 697 960 donans
713 896 942 963 commentariis
963 895 1131 976 adbaeront,

64 1001 104 1077 in.
132 1001 186 1086 qui
202 1070 204 1075 ,
222 999 263 1069 do
293 997 380 1066 bollo
409 997 633 1067 Alexandrino
669 1002 727 1077 ost,
761 1002 797 1066 ut
831 1001 1131 1071 damnando
1214 1060 1220 1067 .

68 1106 205 1182 Gallico,
236 1122 297 1174 non
328 1104 430 1171 nolum
460 1104 611 1171 aoribondi
641 1123 767 1190 gonaro,
797 1105 853 1171 ood
875 1108 970 1177 otium
991 1107 1130 1175 oodioum

60 1212 245 1279 -oondiniono
267 1212 343 1296 ipsis
365 1211 495 1277 Oaeaaris
517 1210 604 1277 libris
628 1212 782 1294 proximus
809 1211 867 1291 ost,
886 1213 980 1296 paulo
1000 1212 1131 1281 forbanno

63 1319 273 1404 negligentius
294 1316 418 1382 babitus
442 1319 475 1381 ot
501 1317 541 1381 ob
562 1317 659 1402 ignoti
689 1317 846 1399 scriptorio
879 1317 1001 1385 dicandi
1034 1339 1131 1406 genua

57 1424 222 1509 inelegans
244 1423 285 1489 ad
307 1421 520 1506 corrigendum
542 1421 688 1488 difficilia
739 1423 773 1487 in
794 1440 829 1488 oo

160 1529 196 1595 O.
232 1528 251 1590 2
285 1528 331 1594 sio
352 1527 512 1595 scribitur:
549 1527 742 1593 Praetoroa
774 1528 873 1595 alian
905 1521 1031 1609 (tur'ras)
1055 1549 1129 1596 am-

62 1634 292 1700 bulatoriao
340 1632 510 1698 totidem
558 1632 828 1699 tabulatorum
878 1633 1132 1727 confixerant

53 1739 335 1821 >subiectisque
360 1756 423 1804 ean
446 1738 543 1804 rotis
576 1739 731 1806 funibus
763 1739 1030 1822 iumentisque
1063 1741 1131 1806 ob-

54 1845 180 1911 iactis
202 1843 375 1909 directio
396 1844 541 1926 plateis
562 1844 600 1908 iu
617 1863 881 1928 quamcunque
897 1847 984 1910 orat
1005 1845 1130 1911 visum

58 1936 217 2032 portam
253 1950 466 2016 mouebant.
528 1949 731 2034 configere
769 1950 807 2016 do
846 1951 1054 2035 transfigendo
1082 1954 1129 2020 ¹ot

55 2055 251 2122 oonoidendo
273 2054 407 2138 ponitur,
438 2073 507 2120 raro
539 2053 576 2118 de
606 2055 720 2120 tabulis
752 2055 944 2124 similibuavo
976 2058 1057 2125 inter
1096 2077 1130 2124 oo

57 2162 253 2246 copulandis,
275 2179 432 2244 nunquam
453 2161 492 2226 do
523 2160 747 2247 compingenda
767 2163 800 2227 ot
820 2163 965 2229 struenda
985 2183 1029 2231 ro.
1065 2164 1131 2229 lta-

57 2288 118 2352 que
140 2269 415 2334 confinxerant
449 2268 598 2351 scriptum
619 2269 693 2352 puto
720 2267 758 2334 do
780 2286 855 2333 nouo
883 2269 976 2336 simul
1005 2270 1130 2337 inuento

57 2376 92 2440 ot
113 2374 152 2440 do
173 2375 302 2451 fabrica,
338 2374 375 2438 ut
394 2372 457 2438 iam
478 2372 633 2439 Davisius.
678 2373 759 2439 Tum
789 2376 894 2440 autom
916 2376 1005 2442 funos
1031 2379 1063 2442 ot
1083 2377 1129 2442 iu·

54 2483 166 2547 menta
187 2480 325 2546 turribus
355 2479 529 2545 obiiooro
563 2479 759 2563 nugatorium
781 2482 846 2555 oot;
879 2480 1002 2547 funibus
1024 2483 1057 2546 ot
1079 2482 1132 2547 iu·
1257 2502 1259 2505 ·

56 2587 173 2652 mentis
209 2587 310 2651 turres
342 2584 419 2650 notio
451 2583 611 2668 impositae
646 2585 821 2651 mouebant
869 2586 1044 2652 Dolondum
1082 2588 1131 2653 ont

52 2692 244 2769 obiectis,
268 2691 369 2756 ortum
390 2708 427 2754 ox
448 2689 651 2756 subiectis.
688 2687 754 2772 [Sic
777 2689 841 2757 iam
862 2691 1023 2777 Scaliger]

158 2797 194 2863 O.
219 2797 238 2857 7
262 2796 322 2862 atsi
342 2795 374 2861 in
405 2795 454 2870 iia,
477 2814 544 2880 quae
565 2796 636 2877 pout
657 2794 737 2860 baeo:
766 2795 983 2864 desciuisse
1005 2797 1129 2863 aonio
1210 2876 1216 2880 ψ

56 2902 276 2968 uidebatur
312 2901 524 2978 subiciuntur,
560 2903 639 2966 miro
672 2900 802 2983 scriptor
838 2921 926 2968 suam
965 2920 1128 2986 porsonam

56 3007 234 3092 interponit
256 3010 289 3071 ot
308 3008 470 3073 inutilibus
492 3008 652 3073 vorborum
675 3007 858 3092 ambagibus
879 3008 988 3087 utitur,
1023 3011 1129 3074 umen

54 3115 168 3180 eiicere
192 3132 230 3179 oa
254 3132 314 3180 non
336 3114 446 3192 audeo,
481 3113 692 3197 quodnequi,
724 3114 983 3196 quomadmodum
1017 3113 1129 3180 addara

60 3219 93 3284 in
115 3221 253 3285 mentam
277 3220 420 3303 cuiquam
442 3220 569 3295 nonorit,
591 3218 766 3303 intelligere
787 3237 923 3303 possum,
945 3240 1002 3289 noo
1023 3221 1129 3286 huiua-

56 3326 145 3391 modi
177 3326 412 3392 annotationum
448 3323 532 3391 aliud
564 3323 730 3409 vestigium
752 3325 785 3389 in
808 3323 938 3412 Oaeoanio
974 3326 1128 3394 oodioibuo

59 3432 197 3515 reponio,
233 3451 333 3515 noque
361 3431 521 3525 ooutoutia
547 3431 613 3496 nino
647 3430 692 3495 ois
712 3429 805 3512 plena
826 3433 892 3508 oot;
923 3432 1015 3498 debat
1044 3433 1136 3502 anim.

56 3536 122 3601 dici
156 3537 360 3604 defectionem
392 3555 452 3602 non
473 3536 540 3602 aino
570 3553 663 3601 causa
683 3534 786 3603 timori
819 3536 964 3618 potuisse·
1019 3537 1128 3619 itaquo

62 3643 107 3707 aio
128 3642 312 3728 porrigenda
342 3642 410 3707 haeo
431 3643 505 3724 puto
539 3641 610 3724 (non
641 3642 732 3726 longa
765 3641 841 3706 aP.
863 3641 1003 3708 Manutio
1028 3638 1128 3707 diano·

57 3746 167 3825 dono):
191 3756 230 3808 at
251 3747 357 3821 mihi,
390 3750 423 3809 oi
456 3744 686 3812 defendendi
708 3748 840 3812 assant
863 3746 1129 3812 Alexandrini

63 3900 154 3927 ...‚
191 3852 320 3918 multa
355 3851 480 3918 oratio
519 3853 671 3918 frustra
715 3853 1005 3930 absumeretur3
1042 3871 1128 3918 oum

57 3977 149 4024 uero
171 3963 232 4024 oet.

161 4064 196 4130 C.
233 4064 286 4128 17:
319 4082 446 4129 omnes
473 4064 643 4131 Pharitae
675 4066 786 4148 targa
817 4066 1026 4128 verterunt.
1059 4064 1128 4129 His

57 4171 185 4252 pulsio
209 4168 388 4236 custodia
410 4175 545 4254 portus
578 4170 717 4236 relicta
748 4189 864 4236 novos
886 4169 929 4233 ad
951 4169 1069 4234 litora
1092 4172 1129 4233 ot

57 4276 469 4360 vinumapplioarunt.
513 4277 563 4343 Sin
592 4276 726 4352 oodioes;
763 4276 901 4359 quoden
926 4274 1128 4340 Iuriniioon·
1201 4340 1218 4366 a,

55 4383 180 4450 iootura
201 4383 422 4463 substituiturn
439 4380 622 4449 custodiae
644 4382 778 4464 portua
800 4380 941 4463 ralioti
964 4381 1013 4446 vin
1035 4381 1129 4447 intol-

51 4492 113 4578 ligi
144 4492 257 4574 potoot,
294 4492 411 4556 nontam
445 4489 557 4555 saltam
586 4487 771 4553 sententiam
800 4506 858 4553 non
888 4487 997 4563 babet3
1029 4505 1128 4572 naquo
