2626 5070
250 296 311 359 364
511 271 515 277 ’
606 294 750 352 munuc
763 294 826 365 cap.
834 296 872 351 11.

308 494 370 559 Diu
404 510 455 556 me
481 491 581 558 tenuit
616 511 693 559 unus
728 492 852 559 libellus
884 492 988 559 omnio
1023 498 1271 579 persequentem,

211 621 306 668 unum
330 602 361 665 et
382 599 515 664 alterum
536 597 568 662 iu
589 597 708 664 incerta
728 600 901 683 suspicione
917 599 1063 681 positum,
1087 604 1120 667 et
1144 602 1273 668 uliomm

211 725 331 792 quoque
367 704 508 771 invente·
529 703 736 769 vindicantem
775 704 1050 788 retmhentemque.
1116 706 1160 771 Et
1196 707 1273 773 hune

211 812 337 897 quidem
375 810 510 894 purtem,
554 828 622 892 quae
661 827 822 876 censuram
853 809 948 875 hubet
988 811 1272 878 nocentissimorum

211 918 362 983 editorum
384 931 494 997 operae,
526 914 583 979 hoo
614 915 713 996 posito
746 915 915 997 specimine
947 915 1091 998 deinceps
1119 918 1272 998 omittam,

209 1023 269 1090 nisi
292 1023 319 1087 si
342 1021 414 1105 quid
437 1020 563 1097 antiis,
597 1038 664 1103 quae
696 1019 826 1085 dicendo
847 1029 932 1099 sunt,
961 1020 1096 1087 vicinum
1122 1025 1155 1089 et
1183 1042 1274 1106 prope

215 1128 412 1195 coniunctum
434 1126 488 1190 out
507 1126 546 1190 ob
567 1125 702 1207 aliquem
724 1142 848 1191 causum
871 1127 1072 1193 memorabile
1094 1130 1273 1203 occurrerit,

213 1239 245 1302 et
266 1235 298 1300 in
319 1232 399 1299 meis
419 1249 470 1296 me
490 1231 572 1296 intre
594 1248 631 1295 es
652 1230 824 1306 continebo,
847 1251 914 1315 quae
929 1232 1074 1298 videntur
1095 1232 1137 1296 ud
1160 1233 1274 1299 exitum

213 1340 338 1426 perduci
360 1355 460 1422 posse,
481 1355 548 1420 quoe
569 1339 674 1401 tamen
696 1337 759 1402 tere
783 1355 844 1402 non
866 1337 1011 1421 pauciore
1032 1340 1124 1403 erunt
1145 1337 1179 1402 in
1205 1358 1274 1421 pro·

210 1446 292 1511 ximo
313 1442 431 1509 libello.

311 1549 357 1615 De
391 1547 461 1613 vitu
492 1545 590 1613 besto
622 1565 688 1629 cap.
721 1544 751 1624 3,
783 1545 818 1611 3:
856 1565 934 1630 quae
965 1547 1042 1625 (vitu
1074 1548 1178 1626 beatu)
1206 1568 1275 1615 non

210 1658 334 1723 aliter
356 1650 581 1735 contingere
610 1654 757 1734 potest,
794 1671 904 1736 quem
936 1653 970 1718 si
991 1653 1160 1735 primum
1182 1672 1275 1720 ssns

210 1760 396 1828 mensost
435 1805 500 1833 ...,
537 1757 674 1822 deiude
705 1757 818 1824 tortis
847 1777 889 1823 sc
918 1758 1146 1837 vehemens,
1184 1763 1275 1826 tuuc

212 1864 473 1950 pulcherrime
495 1864 532 1929 et
552 1859 740 1944 patiens‚'
759 1866 851 1944 epta
883 1863 1149 1950 temporibus,
1186 1884 1276 1931 cor·

214 1971 319 2056 poris
353 1969 413 2035 sui
457 1969 820 2052 pertinentiumque
853 1967 900 2032 sd
935 1967 977 2032 id
1011 1969 1167 2036 curiosa
1203 1990 1277 2036 uon

211 2077 334 2143 anxie.
388 2075 447 2140 His
481 2075 548 2140 iure
580 2073 714 2139 Hessius
750 2075 821 2139 unte
857 2075 950 2139 tunc
979 2075 1085 2140 notum
1120 2078 1278 2159 apposuit,

211 2183 358 2268 quoniam
405 2180 674 2264 pulcherrime
718 2180 768 2259 (ut
796 2202 897 2247 unum
934 2183 1016 2248 hunc
1051 2180 1292 2264 superlativum

212 2309 283 2355 cum
305 2288 416 2354 ceteris
437 2287 578 2368 positivis
599 2287 677 2351 miro
692 2287 886 2353 coniunctum
901 2289 1058 2366 omittam)
1079 2304 1181 2375 neque
1199 2286 1303 2352 certi-

210 2395 332 2479 generis
366 2393 513 2457 virtutem
553 2391 707 2474 significat
742 2395 774 2473 et
806 2394 963 2477 perinepte
1000 2398 1090 2458 cum·
1109 2410 1157 2468 eo,
1195 2390 1303 2474 quod

213 2502 263 2566 est
282 2499 453 2583 patiens,
476 2497 647 2581 copulatur,
705 2497 765 2577 (Ne
786 2500 942 2582 petiens
963 2498 1087 2582 quidem
1110 2496 1237 2562 unimus
1260 2514 1303 2561 o-

213 2604 308 2670 torti
328 2605 505 2686 interposito
529 2606 631 2677 tunc,
651 2604 800 2687 tunquam
821 2605 860 2669 ed
877 2624 990 2672 nouum
1001 2604 1151 2669 virtutem
1173 2605 1303 2668 truns-

211 2714 315 2788 eutur,
347 2711 431 2774 recte
463 2711 631 2792 separatur,
658 2710 801 2792 quonism
830 2711 907 2776 hoeo‘
930 2709 1033 2775 omnis
1054 2707 1094 2773 sd
1116 2707 1303 2774 tortitudi-

213 2834 285 2880 nem
307 2815 486 2898 pertineut.)
529 2815 589 2880 Sed
611 2814 679 2897 ipsu
700 2815 836 2882 adverbii
856 2811 955 2882 torma
976 2813 1068 2899 (quod
1091 2813 1124 2877 in
1149 2831 1303 2880 enume‘

217 2919 311 2985 rendo
333 2923 410 2985 tum
432 2939 499 2986 esse
522 2919 666 3005 debebat)
687 2939 794 2987 verum
813 2921 958 2988 ostendit.
996 2920 1171 3002 Scripserst
1194 2921 1303 2985 enimn

216 3026 351 3093 Seneca:
386 3026 502 3091 fortis
528 3045 570 3092 uo
606 3026 824 3105 vehemens,
847 3037 986 3091 cuncta
1012 3024 1303 3110 pulcherrime

211 3133 384 3216 petiens,
402 3135 493 3215 apto
512 3135 622 3216 temp.
657 3131 767 3209 (Num:
793 3135 964 3214 curiosa,
986 3151 1057 3198 uon
1079 3132 1218 3210 ancia,
1241 3135 1303 3198 uta

213 3243 261 3305 est
282 3239 312 3303 in
335 3238 401 3304 cod.
424 3238 510 3303 Col?
555 3239 597 3302 Et
617 3237 705 3303 video
728 3236 895 3303 Gruterum
918 3239 1086 3322 probo-sse.)

311 3343 521 3423 Ibo.4,2:ut
535 3343 686 3408 beatum
702 3342 877 3410 dicemus
896 3343 1088 3409 homiuem
1108 3361 1208 3419 eum,
1222 3344 1299 3409 cui

211 3449 357 3516 nullum
388 3450 524 3516 bouum
554 3450 769 3533 mulumque
795 3451 848 3515 sit
879 3449 958 3514 nisi
983 3449 1106 3513 bouus
1129 3449 1291 3516 malus-

211 3574 285 3640 que
309 3555 475 3634 auimus,
508 3555 663 3621 honesti
690 3554 833 3632 cultor,
864 3554 1015 3619 virtute
1043 3557 1289 3634 contentus,

212 3680 322 3745 quem
342 3678 412 3726 uec
435 3659 631 3727 extollunt
652 3659 822 3725 fortuita
842 3677 911 3724 nec
931 3658 1140 3742 frangent,
1176 3661 1288 3727 Velim

213 3767 303 3844 scire,
325 3767 373 3831 cui
395 3765 587 3851 applicentur
596 3765 777 3831 nominativi
788 3762 834 3829 illi
856 3764 984 3831 cultor
1005 3766 1037 3830 et
1058 3766 1291 3842 contentus,

214 3873 358 3958 quoniam
381 3872 538 3957 nequead
571 3871 756 3937 hominem
788 3869 947 3955 nequead
970 3871 1031 3935 cui
1053 3871 1296 3938 accommodari

213 3981 343 4063 possunt
374 3995 471 4060 neque
503 3977 654 4044 animus
686 3979 803 4044 bonus
829 3977 1036 4060 malusque
1059 3976 1119 4042 sibi
1153 3976 1298 4063 adiungi

214 4084 346 4169 potitur,
384 4102 451 4168 quae
486 4081 526 4147 ud
563 4082 664 4150 solum
696 4085 814 4150 bonum
851 4082 1014 4166 pertinent.
1075 4081 1297 4149 Sorlbendum
