2626 5070
387 695 418 750 L.
438 695 538 751 Seneca
555 696 587 751 de
605 697 663 751 rita
681 696 767 752 beata
1006 700 1067 764 365

3 922 4 925 ¹
79 889 250 975 simpliciter:
281 894 440 960 honesti
476 892 676 970 cultorem,
708 895 854 962 virtute
885 907 1107 968 contentum.

5 1015 6 1018 ¹
78 993 190 1065 euers
228 1000 371 1065 librarius
411 998 594 1065 accusativis
625 999 829 1066 nominativos
862 1002 1030 1076 substituit,
1068 1006 1108 1070 ad

77 1103 213 1180 animus,
236 1105 318 1189 qnod
339 1105 510 1188 proximum
532 1107 609 1180 erut,
630 1104 772 1170 referens.
811 1103 925 1189 [Panlo
945 1110 1017 1175 ante
1038 1130 1108 1177 cum

5 1213 7 1221 ”
76 1205 162 1275 ιιιιιι
182 1230 283 1277 essem
305 1212 337 1276 in
359 1229 521 1275 numerum
542 1208 670 1283 referre,
699 1210 780 1292 quod
800 1212 832 1275 iu
854 1214 992 1297 margine
1014 1234 1108 1282 anuo·

10 1398 11 1403 Ἰ
77 1311 201 1393 tuleram,
232 1316 429 1383 scribendum
451 1316 561 1381 videri:
606 1313 716 1377 Licet
747 1317 784 1381 et
814 1316 870 1382 ita
894 1317 1024 1395 linire,
1055 1322 1106 1386 nbi

76 1415 151 1485 editur
168 1421 282 1497 libet,
316 1423 399 1488 idem
420 1421 561 1487 Geertzio
582 1421 614 1485 in
637 1422 775 1486 mentem
796 1421 907 1506 veuit]

150 1528 267 1604 lons,
289 1529 324 1591 3:
358 1528 464 1592 Tunc
485 1527 590 1592 enim
612 1545 713 1608 pura
733 1544 839 1592 meus
861 1531 973 1594 est.
987 1535 1106 1597 ficum

77 1642 128 1694 nou
146 1635 296 1699 tantum
319 1632 588 1708 lacerationes,
606 1632 670 1696 sed
693 1633 731 1695 et
736 1632 808 1698 iam
827 1632 1105 1702 vellicationes

13 1820 14 1824 Ἰ
77 1731 247 1840 effugerit
304 1738 372 1804 Uno
404 1756 498 1821 prope
520 1737 579 1803 hoe
615 1736 722 1802 loeo
713 1756 745 1800 nr
777 1736 901 1803 Senecae
927 1738 1015 1805 libris
1041 1739 1107 1805 siue

9 1835 10 1839 ’
77 1839 189 1910 oodimm
222 1843 334 1909 auxilio
379 1844 522 1908 vitiosum
561 1841 747 1908 coniunctivi
783 1844 952 1925 perlectum
989 1847 1107 1912 duabus

13 1976 14 1979 ¹
76 1937 162 2014 litteris
194 1951 233 2016 ab
267 1948 492 2014 indicativoe
464 1948 629 2033 (effugit)
604 1947 781 2013 tdistans
811 1947 1025 2033 corrigendum
1053 1955 1108 2018 est.

76 2045 128 2120 (Clu.
148 2056 186 2120 ad
209 2057 332 2139 quaesit.
353 2055 417 2120 nat.
440 2054 493 2131 IV
517 2055 546 2133 2,
569 2053 630 2132 22.)

0 2240 1 2244 ¹
151 2159 215 2224 lbd.
250 2160 280 2237 6,
316 2159 352 2224 2:
396 2158 511 2225 Videt
543 2159 650 2224 etin
692 2157 778 2223 illis
820 2158 883 2243 qui
922 2178 1104 2227 summum

72 2250 185 2330 bouum
210 2266 402 2343 dixerint
425 2283 531 2348 quam
553 2265 656 2382 turpi
677 2263 775 2328 illud
796 2263 1108 2350 locoposueriut

1 2353 162 2438 Sira,
207 2370 296 2436 Solus
317 2388 458 2435 enarrare
490 2372 591 2452 poturt
530 2368 737 2434 ιιιι2ιιιιιιι
722 2371 783 2447 ι,ιι
810 2371 862 2453 qui
884 2374 916 2437 et
936 2373 1109 2439 subiectum

66 2475 138 2541 verbi
159 2477 296 2542 videt
287 2476 441 2541 iuvenisse
463 2474 521 2541 sibi
542 2474 665 2540 videtur
694 2475 765 2539 et
756 2494 793 2540 ru
824 2474 908 2542 illis
931 2477 1020 2542 docet
1005 2480 1110 2543 tasse

61 2567 99 2641 ὶι
117 2582 271 2664 volupia
252 2581 397 2658 atibus,
421 2580 479 2646 etsi
500 2579 532 2644 id
562 2597 672 2644 nomeu
697 2578 730 2644 in
752 2579 888 2661 proxime
908 2581 1109 2665 praecedenti·

61 2675 115 2751 bus
134 2704 284 2770 nusquam
316 2685 448 2768 ponitur.
491 2683 593 2750 Ceteri
624 2684 753 2750 licenter
783 2685 971 2769 interpolant
998 2687 1111 2764 (uelut

72 2784 228 2857 Videant
256 2791 296 2856 et
316 2788 394 2868 illi,
416 2788 479 2871 qui
505 2809 689 2856 summum
711 2792 854 2857 bonnm
875 2790 1110 2874 voluptatem

53 2888 261 2974 dixerunt);
288 2894 422 2959 Haasius
443 2897 547 2961 autem
579 2895 659 2960 hunc
687 2896 808 2962 tristem
836 2898 995 2978 aspectum
1016 2897 1111 2976 oculis

56 2999 174 3069 obiicit:
198 3003 217 3041 *
241 3002 259 3040 *
282 2999 539 3085 [voluptates]
569 3003 587 3040 *
611 3001 629 3039 *
653 3001 758 3067 ‘videt
779 3005 854 3080 cet,
886 3020 980 3066 unum
1003 3003 1110 3084 volup·

57 3101 153 3174 tatum
173 3126 284 3174 nomen
316 3125 352 3170 ex
383 3107 492 3170 lacuna
514 3125 670 3190 emergere
702 3107 820 3187 iubens,
850 3110 886 3172 ut
907 3126 942 3173 eo
962 3108 1112 3174 referatur

52 3201 95 3273 iu
111 3212 206 3280 illis.
251 3211 372 3277 Omnia·
383 3212 499 3294 optime
525 3213 637 3278 habere
658 3215 690 3278 et
713 3213 873 3296 aptissimo
908 3213 1021 3297 scripta
1042 3232 1109 3279 esse

54 3328 163 3396 onnes,
193 3318 315 3402 opinor,
351 3316 584 3394 confiterentur,
617 3318 644 3382 si
676 3318 741 3383 haec
773 3318 804 3382 iu
837 3318 939 3384 codiee
972 3320 1107 3403 principe

58 3414 242 3506 legerentur:
275 3422 430 3502 Videte,
461 3423 503 3487 in
535 3422 753 3489 visceribus
791 3424 840 3504 (ιι
873 3428 1017 3502 ventre)
1045 3425 1111 3508 qui

60 3537 233 3597 summum
259 3531 395 3596 bonnm
417 3529 615 3606 dixerunt,
637 3548 748 3612 quam
769 3530 880 3613 turpi
900 3530 1001 3595 illud
1023 3530 1109 3595 loco

64 3638 272 3712 posuerint,
305 3636 365 3701 nisi
396 3635 479 3719 quod
499 3634 630 3701 fortusse
653 3634 844 3718 requirerent
866 3653 969 3709 esse;
989 3635 1035 3700 ita
1055 3634 1111 3699 de·

65 3747 136 3806 mun
156 3745 241 3808 recte
262 3741 319 3806 loci
346 3742 443 3824 turpit
428 3739 569 3806 tudinem
590 3739 751 3805 nominari.
793 3741 888 3823 Atqui
909 3740 988 3805 hanc
1009 3740 1109 3823 ipsum

71 3849 179 3915 sentent
157 3852 234 3915 tram
249 3845 365 3912 Seneca
386 3845 498 3929 posuit
519 3846 641 3909 tantum
662 3863 716 3928 pro
737 3845 905 3911 visceribus
921 3845 995 3923 (Cic.
1011 3845 1101 3911 Tnse.

6 3966 7 3969 ’
72 3936 185 4031 tlt)
230 3951 452 4034 contemptiore
491 3969 564 4015 usus
602 3950 760 4025 vocabule
804 3951 969 4033 scripserat
1005 3949 1108 4014 enim.
1120 3950 1121 3953 ’

13 4039 411 4133 dienerinnen
446 4056 508 4138 qui
540 4074 723 4120 summum
756 4054 1109 4131 bonumdirerunt,
1208 4047 1212 4053 ’

78 4163 163 4226 luam
185 4165 240 4228 cet.
267 4155 318 4241 (ἐν
345 4174 421 4234 ταῖς
446 4157 596 4248 politio).
640 4160 792 4238 (Proxime
825 4164 897 4226 ante
923 4159 1106 4243 offectura

77 4264 124 4326 pro
141 4269 296 4348 optimis
312 4267 522 4334 revocandum
543 4285 620 4344 esse,
641 4264 783 4332 interdixi
795 4266 871 4331 mihi
894 4283 932 4329 ne
955 4280 1105 4329 moneam.

7 4383 9 4387 ’
77 4348 107 4419 Bi
122 4369 178 4446 quis
198 4373 331 4457 prudens
353 4372 563 4438 admonendus
587 4374 669 4454 cett)
