2662 5062
118 308 121 314 >
251 289 312 355 396
610 286 874 359 nsavuuespu.

214 504 334 571 queque
362 487 500 570 quaetio,
536 487 573 550 ut
602 488 721 560 uetera,
755 486 788 550 iu
823 485 883 551 due
920 481 1076 549 centraria
1105 481 1282 548 dividatur:

212 592 378 657 confusa
398 591 500 666 sint,
522 591 561 656 in
583 609 733 658 emnem
756 610 786 674 p.
802 588 1012 656 tant-leci
1034 587 1282 666 obtinentia,

189 743 190 747 η
211 688 260 762 an’
281 697 494 764 stillaret.
538 696 683 781 Alioquin
715 696 901 762 scriberetur
927 693 1022 760 etiam
1052 693 1281 760 obtineant.

199 802 348 886 (Lipsius
376 820 420 871 ue
445 803 485 868 in
512 820 678 879 omnem,
712 802 789 868 vitiu
815 800 1051 876 animadversa)
1102 798 1135 883 (ξ
1157 799 1178 862 5
1200 801 1282 864 reete

212 907 299 973 aneis
335 910 459 974 notatur
488 908 626 974 sidera
654 909 686 973 in
715 909 745 973 A
777 908 938 981 emissum,
969 922 1064 988 prave
1096 904 1282 970 attrectatur

212 1013 343 1078 nisum
378 1004 632 1097 pondusque,
664 1032 792 1098 querum
823 1013 908 1098 prius
940 1011 979 1077 ad
1011 1009 1157 1075 avolandi
1187 1009 1280 1075 ultius

216 1119 362 1183 uenatum
393 1120 538 1202 pertinet.
554 1194 569 1207 .,
595 1120 674 1186 Cum
705 1121 738 1185 iu
774 1120 804 1184 A
842 1118 994 1201 scriptum
1029 1118 1115 1182 esset
1149 1117 1282 1181 visum

213 1223 465 1307 pondusque,
497 1225 529 1290 in
559 1226 586 1291 B
619 1231 652 1294 at
678 1227 789 1293 ueteris
816 1224 952 1291 deletum
975 1223 1023 1288 est
1044 1241 1123 1305 qus.
1167 1219 1282 1286 Melius

213 1328 314 1395 iuerat
336 1330 460 1414 egregia
480 1330 577 1415 Lipsii
598 1333 810 1400 emendatione
830 1331 893 1397 uti:
927 1327 1144 1402 scintillas
1167 1344 1283 1410 quas·

214 1434 301 1500 dam
324 1438 550 1520 astrorum.)
579 1438 659 1504 Tum
681 1438 702 1525 ᾗ
724 1439 743 1499 7
765 1438 830 1504 haee
851 1437 1044 1504 scribuntur:
1090 1433 1283 1511 lustina,

216 1559 330 1624 quam
353 1560 427 1607 nen
448 1544 618 1611 multum
641 1546 851 1628 acceperit
874 1539 1090 1624 temperis,
1112 1537 1283 1603 etiamsi

212 1645 320 1712 illud
352 1648 479 1714 tetum
511 1650 593 1716 sibi
619 1651 819 1731 vindieat,
852 1649 915 1715 cui
952 1647 1055 1712 lieet
1081 1643 1191 1709 nihil
1218 1643 1282 1709 fa·

213 1753 382 1819 uilitate
403 1755 527 1838 eripi,
554 1756 658 1822 nihil
678 1753 939 1843 negligentia
959 1751 1146 1836 patiatur
1169 1750 1281 1815 erui·

216 1857 329 1935 dere,
360 1858 464 1926 licet
498 1861 616 1928 heras
648 1882 741 1929 suas
762 1858 1007 1929 avarissime
1029 1856 1187 1932 servet,
1215 1903 1280 1933 ...,

171 1965 350 2028 ·tamen
399 1964 513 2032 home
561 1968 608 2034 ad
656 1967 950 2035 immortalium
1001 1961 1280 2048 cognitionem

213 2067 333 2135 nimis
373 2073 565 2157 mortalis
607 2077 677 2141 est
730 2076 861 2141 Dativus
899 2070 965 2137 eui
1001 2068 1086 2136 nullo
1122 2068 1216 2135 medo
1249 2068 1280 2132 in

212 2175 397 2252 structuram
418 2178 536 2245 ineludi
556 2181 666 2264 petest.
720 2179 921 2246 Scribendum
944 2177 1008 2244 est:
1042 2175 1156 2238 euius
1177 2175 1281 2241 lieet

212 2281 320 2346 nihil
341 2282 556 2351 facilitate
577 2286 682 2371 eripi
788 2287 990 2371 patiatur,
1013 2287 1074 2351 eet.
1124 2285 1278 2351 Cnmnen

213 2385 509 2456 animadverteretur
541 2382 655 2460 cuius
686 2394 789 2460 nihil
826 2384 990 2467 cohaerere,¹
1021 2395 1148 2477 prepter
1180 2393 1280 2458 lieet

213 2493 295 2559 male
316 2494 508 2562 intellectum
530 2500 638 2564 nutum
661 2500 710 2566 eat
729 2499 802 2565 eui.
937 2537 939 2540 -

313 2588 380 2665 Ihd.
402 2600 438 2679 8,
473 2604 488 2664 1
518 2605 631 2683 oratio,
663 2607 699 2670 ut
728 2624 832 2671 veram
860 2605 1045 2671 seutentiam
1076 2605 1203 2683 habeat,
1236 2606 1279 2671 siu

213 2703 458 2791 interpungeuda
479 2712 541 2775 est:
585 2710 685 2791 Quid
708 2714 840 2777 autem
861 2713 1060 2789 interest,
1082 2710 1278 2794 quomode

80 2814 90 2830 ³
213 2813 378 2894 sapiens
399 2814 446 2880 ad
468 2817 594 2882 etium
618 2817 774 2896 veniat,
811 2820 945 2884 utrum
966 2817 1060 2902 quia
1081 2836 1186 2900 resp.
1213 2815 1280 2881 illi

215 2916 347 2997 deest,
371 2937 417 2984 an
439 2923 534 3005 quia
562 2921 650 3006 ipse
670 2924 776 3007 reip..
809 2925 844 2989 si
877 2922 1064 2990 omnibus
1086 2921 1280 2988 defutura

217 3023 319 3100 (cedd.
342 3024 496 3104 futura)
529 3048 629 3113 resp.
653 3030 739 3094 est?
782 3029 947 3113 Semper
980 3030 1112 3094 autem
1146 3026 1280 3092 deerit

214 3130 438 3198 fastidiose
470 3133 755 3216 quarentibus.
810 3136 1046 3218 Interroga,
1086 3132 1133 3198 ad
1168 3151 1280 3217 quam

216 3253 336 3321 remp.
359 3241 417 3304 cet.
440 3237 500 3303 Sed
518 3239 641 3306 initium
654 3241 842 3325 capitisfieri
864 3242 956 3306 debet
976 3259 995 3306 a
1015 3240 1085 3305 nevi
1107 3239 1281 3324 argumenti

219 3342 358 3408 exordio:
402 3344 749 3413 Adiiuenuneeet.
941 3353 945 3360 '

317 3533 363 3601 De
385 3534 547 3602 brevitate
568 3536 644 3604 vita
668 3538 695 3612 1,
727 3538 763 3603 2:
807 3538 904 3604 Inde
926 3534 1176 3602 Aristotelis
1199 3553 1281 3600 uum

199 3660 352 3709 rerum
374 3645 521 3709 natura
543 3642 747 3727 erigentis
853 3643 908 3709 lis
931 3645 1009 3719 est}
1045 3644 1086 3707 at
1108 3642 1187 3707 isti
1208 3643 1281 3706 iam

218 3750 470 3818 animalibus
502 3750 660 3815 tantum
692 3748 939 3828 indulsisse,
988 3750 1032 3813 ut
1063 3746 1188 3832 quina
1218 3747 1283 3812 aut

186 3846 320 3924 'dena
354 3856 494 3922 secula
525 3855 757 3923 educerent.
804 3855 855 3921 Sie
887 3854 1008 3922 eediees
1042 3853 1282 3937 (hostemque).

218 3963 338 4033 Inillis
360 3965 402 4028 at
424 3961 510 4040 isti,
532 3979 586 4046 pre
602 3981 661 4046 que
676 3960 902 4029 substituerunt
923 3961 983 4027 ait
1002 3959 1125 4026 istam
1139 3957 1282 4038 (Hausius
