2626 5070
149 289 280 354 ·m
574 284 844 354 mmmm

179 491 261 555 enim
283 489 340 554 ulli
363 490 452 554 crant
472 486 575 553 relicti
597 486 629 550 ir
652 483 792 554 custodia
812 485 920 566 portus
940 487 1053 566 prator
1075 484 1158 560 illos,
1195 485 1251 568 qni

177 595 331 678 fugerant,
354 611 451 677 neque
472 594 585 676 portus.
614 590 756 657 custodes
785 607 878 654 navas
900 590 940 654 ad
971 590 1065 656 litora
1086 591 1247 672 applicare

176 701 330 783 poterant,
357 682 419 765 sad
440 699 564 764 tantum
587 697 619 773 ii,
648 696 701 780 qui
731 695 765 760 in
797 694 926 760 naribus
958 698 1056 762 erant.
1100 695 1247 763 Scriben-

180 804 254 869 dum
296 807 361 870 est:
405 805 475 870 His
517 804 643 887 pulsis
686 800 862 867 custodia
902 804 1049 884 portus,
1098 801 1252 887 reliqui

180 912 374 977 marescal.

279 1016 312 1082 C.
348 1016 402 1080 19:
455 1015 562 1080 Hunc
605 1016 754 1095 (pontem)
802 1013 891 1097 fuga
938 1012 1104 1079 Ph'aritae
1147 1014 1249 1079 reli-

127 1152 129 1155 *
177 1099 356 1210 quaranta
390 1120 599 1186 certiorem
632 1118 743 1184 illum
777 1119 1068 1202 propioremque
1104 1117 1246 1204 oppido

177 1227 429 1293 Alexandrini
452 1226 670 1293 tuebantur.
713 1223 784 1290 Non
807 1225 951 1306 certior
973 1225 1041 1290 erat
1063 1224 1249 1307 ultorpons,

177 1333 232 1399 aod
255 1334 454 1408 πίθηαι)
507 1328 573 1415 [Sic
593 1329 671 1395 Rob.
694 1329 893 1414 Stephanus]
938 1318 941 1323 ’

276 1439 311 1505 C.
345 1439 402 1503 23:
449 1424 745 1502 multitudinem
778 1435 994 1501 conlectam
1026 1435 1142 1501 taedio
1175 1455 1248 1519 pu·

178 1543 262 1608 ella
283 1543 502 1622 fiduciario
528 1540 789 1607 dominatione
826 1540 1097 1606 crudelissima
1119 1540 1248 1625 Gany·

178 1648 307 1715 medis.
352 1649 403 1715 Sic
448 1647 569 1714 codices
607 1646 809 1729 antiquioras;
842 1666 914 1713 nam
954 1649 1093 1713 recentes
1126 1664 1251 1731 regno

178 1757 250 1834 post
271 1754 482 1820 fiduciario
503 1752 629 1818 addunt.
686 1752 892 1835 Nipperdeius
914 1744 1136 1819 fiduciaria.
1182 1754 1246 1819 Va·

178 1858 242 1923 rius
265 1862 346 1924 erat:
384 1859 599 1930 confectam
628 1856 741 1922 taedio
772 1859 923 1940 puella,
948 1857 1176 1943 fiduciaria·
1199 1864 1248 1934 (ct

172 1961 430 2046 fiduciariil)
487 1964 746 2030 dominatione
800 1965 1082 2039 crudelissima,
1141 1962 1252 2030 dolato-
1307 1990 1311 1994 ·

179 2062 304 2134 nomine
334 2069 573 2154 Ganymedis.
617 2072 649 2136 Is
683 2069 856 2154 appelletur
876 2069 1122 2148 fiduciarius,
1163 2069 1247 2153 quod

177 2193 307 2259 ragnum
329 2175 522 2241 fiduciariam
543 2178 714 2243 exercebat.
783 2230 788 2238 .

279 2280 312 2346 0.
336 2281 391 2346 25:
424 2300 505 2347 curn
633 2281 857 2366 Euphranor
889 2282 1033 2364 primus
1067 2279 1249 2364 proelium

178 2387 447 2453 commisisset
468 2391 505 2454 ot
521 2388 583 2453 illi
597 2388 794 2454 triremem
808 2386 977 2453 hostium
992 2386 1246 2471 perforasset.

180 2490 396 2576 significatur:
432 2492 598 2558 stillico
620 2493 825 2559 triremem.
869 2492 1009 2558 Eandem
1024 2510 1139 2557 socam
1163 2491 1249 2558 inira

176 2595 300 2662 Senecae
311 2597 423 2662 alicubi
437 2605 468 2664 et
478 2598 595 2663 Iustino
606 2597 736 2680 (XLIII,
759 2597 792 2674 3,
814 2598 846 2677 9)
861 2599 1034 2665 restituam.
1056 2596 1247 2683 [siclarin]

277 2703 311 2768 O.
333 2702 389 2767 26:
419 2702 532 2787 idque
554 2705 731 2787 oppidum
754 2704 926 2784 (Pelusium
948 2705 1158 2781 Mithridates)

176 2813 335 2891 repente
364 2810 512 2894 magnis
549 2810 828 2875 circumdatum
860 2809 986 2892 copiis
1023 2809 1247 2891 multiplici

176 2913 353 2996 praesidio
383 2916 639 2999 pertinaciter
667 2915 1011 2999 propugnantibus,
1049 2916 1088 2979 et
1111 2914 1248 2997 copia·

175 3034 255 3082 rum
287 3018 568 3104 magnitudine,
605 3039 697 3104 quas
726 3021 898 3104 integras
927 3020 1147 3085 vulneratis
1179 3019 1247 3086 de-

175 3123 371 3208 fossisque
407 3125 661 3207 subiiciobat,
698 3129 735 3191 st
767 3127 1063 3209 perseverantia
1205 3127 1244 3192 in

181 3248 284 3296 suam
306 3229 462 3315 redegit
475 3233 724 3314 potestatam.
747 3231 853 3296 Mardi
867 3231 1040 3303 manifesta
1056 3232 1175 3298 suntet
1189 3251 1250 3298 co-

175 3337 246 3420 piae
269 3336 449 3419 praesidio
469 3338 730 3420 pertinaciter
750 3340 1052 3422 propugnantes,
1077 3335 1247 3420 quodquid

177 3443 229 3521 sit,
245 3441 404 3521 nesciaet
424 3443 629 3526 multiplex
650 3443 839 3526 prasidium,
863 3444 1007 3526 quoniam
1019 3444 1157 3525 apparat,
1180 3443 1247 3507 Mi·

174 3548 342 3614 thridatem
385 3568 514 3614 numero
567 3549 723 3632 copiarum
766 3549 856 3632 longe
901 3548 1089 3632 superiorem
1135 3548 1247 3615 fuisse.

204 3818 212 3846 ¹
267 3857 274 3872 .
388 3830 431 3871 ece
451 3815 475 3870 it
507 3831 583 3871 recen
598 3816 665 3870 'oras
696 3815 785 3870 futilia
815 3831 829 3870 a
858 3831 901 3879 or,
932 3815 1027 3871 littera
1057 3814 1101 3869 bis
1132 3814 1186 3869 scri
1248 3867 1251 3870 Α

215 3820 226 3886 )
245 3816 400 3995 ingesti
418 3832 473 3977 igal
491 3819 605 3963 εοιιῒὶῗ
620 3908 719 3980 ligneis
734 3832 865 3974 hosting,
884 3925 937 3964 non
955 3908 1081 3964 allevatis
1096 3817 1248 3976 mutisffi

244 4015 296 4069 qua
313 3998 447 4056 lavatione
464 3998 535 4055 nihil
553 4001 620 4070 ipsis
637 3999 733 4055 auxilii
750 4003 816 4065 erat,
835 4002 869 4055 et
886 4000 997 4055 animo
1016 4042 1023 4057 .
1043 4041 1051 4057 .
1070 4044 1077 4056 .
1097 4001 1175 4057 nisi
1194 4018 1246 4057 na-

245 4093 348 4148 tarunt.
764 4103 765 4106 ’
853 4088 856 4093 ’
