2656 5056
231 281 312 375 Ι546
436 359 438 364 .
607 310 882 381 esturmcapuu.

210 514 288 600 quod
321 514 428 578 deesse
462 509 588 573 uerbum
624 508 733 586 tenuit
769 529 829 574 non
865 509 1055 584 laudandus,
1091 513 1182 597 quod,
1214 533 1265 597 quo

209 640 318 708 genere
344 616 525 685 emendandi
558 615 666 679 leuiter
700 617 732 680 et
766 615 875 680 inscite
902 616 1051 691 abutitur,
1089 621 1266 703 interposuit

210 727 407 793 commisit
438 724 518 788 inter
549 721 707 786 callidis
743 724 774 786 et
806 721 1146 790 criminatoribus.
1191 725 1266 791 Scri·

210 833 344 900 bendum
367 830 497 896 minima
515 830 699 893 mutatione:
736 827 888 912 alitque
909 829 985 894 haec
1007 830 1174 896 callidis
1195 832 1265 897 cri-

77 990 84 1005 ,
210 935 561 1011 miratoribusmoc
582 937 640 1012 est,
660 935 889 1000 eriminatorum
910 954 1016 1018 operu;
1047 937 1112 1003 vid.
1134 958 1182 1023 gr.
1205 940 1265 1003 Lat

209 1044 363 1128 §atla
386 1041 428 1114 3).

187 1146 190 1152 ’
228 1216 230 1219 ,
310 1147 376 1212 llud.
409 1146 462 1208 14:
508 1144 600 1209 Nam
636 1146 744 1209 ciues
779 1147 976 1211 Romanos
1007 1147 1088 1228 (Coi)
1123 1150 1265 1233 templo

210 1251 424 1334 AEsculapii
446 1251 702 1324 induxerant,
738 1270 819 1315 cum
841 1253 946 1317 iussu
968 1254 1074 1337 regis
1106 1255 1265 1320 Mithri-

72 1436 77 1448 :
209 1362 314 1426 datis
337 1357 435 1442 apud
457 1361 614 1423 cunctas
637 1358 739 1422 Asiae
760 1359 916 1423 insulas
939 1362 978 1423 et
999 1361 1123 1425 urbes
1147 1364 1266 1426 truci-

81 1502 83 1509 ι
210 1466 408 1531 darentur.
452 1463 566 1529 Omnes
581 1467 694 1538 tacent,
716 1465 803 1547 quasi
825 1465 936 1530 usitate
957 1465 1024 1529 haec
1037 1466 1196 1539 dicuntum
1218 1487 1267 1552 ego

210 1590 307 1656 neque
339 1570 480 1633 iuducere
512 1568 621 1653 templo
642 1570 705 1634 sero
726 1570 830 1652 (louge
863 1570 946 1635 aliud
976 1575 1023 1636 est
1045 1573 1135 1634 wne
1157 1585 1267 1637 uocum

211 1677 373 1758 inducere),
421 1696 519 1760 neque
561 1677 701 1740 inductos
737 1676 768 1740 in
808 1677 958 1760 templum
1003 1679 1125 1742 narrari
1163 1679 1268 1745 debere

210 1784 291 1865 puto,
329 1783 384 1847 sed
419 1783 463 1847 ibi
504 1783 693 1866 aliquamdiu
726 1785 869 1849 seruatos.
928 1784 1037 1868 Itaque
1074 1785 1266 1850 scribendum

210 1907 332 1973 prorsus
354 1890 455 1954 iudico
476 1888 723 1953 incluserant.

254 2027 259 2035 ·
309 1991 377 2058 Ibd.
403 1994 450 2057 16.
500 1995 613 2068 Ιιοοιιε,
648 1996 680 2060 iu
702 2014 760 2079 quo
784 1995 856 2059 iude
877 2013 896 2058 a
916 1993 1020 2076 Lipsio
1042 1995 1175 2072 haere'nt,
1197 1997 1268 2062 nihil

210 2100 331 2166 omniuo
378 2100 472 2166 habet
513 2101 721 2177 difficultatis,
759 2101 850 2165 modo
892 2102 976 2164 recte
1016 2101 1267 2189 interpungatur:

210 2225 334 2289 neque
377 2207 522 2284 adesse,
568 2210 609 2271 ut
653 2207 759 2280 olim,
803 2224 883 2271 eam
916 2207 1078 2290 cupium,
1125 2212 1268 2275 omissa

210 2313 489 2377 confarreandi
541 2313 804 2379 adsuetudine
856 2315 924 2376 aut
973 2314 1076 2378 inter
1121 2335 1266 2398 paucos

210 2420 364 2483 retenta
406 2419 629 2502 (pluresque
673 2420 755 2484 eius
798 2419 855 2483 rei
889 2438 1021 2484 causas
1055 2421 1266 2497 afferebat,

209 2525 464 2606 potissimam
502 2543 621 2607 penes
664 2525 859 2590 incuriam
898 2526 1066 2590 virorum
1101 2527 1267 2592 femina·

209 2648 387 2712 rumque;
421 2631 611 2696 accedere
645 2633 682 2694 et
720 2630 852 2711 ipsius
887 2633 1123 2698 caerimoniae
1157 2634 1266 2698 diffi-

209 2736 403 2810 cultates
438 2755 517 2819 quoe
550 2736 727 2802 consulto
749 2737 994 2815 vitarentur),
1018 2741 1057 2802 et
1093 2741 1194 2825 quod
1214 2741 1266 2818 (sic

207 2841 323 2916 Rhen.;
346 2841 412 2907 cod.
436 2851 519 2926 quo,
545 2842 614 2908 edd.
648 2843 712 2907 lere
743 2843 895 2926 quando
916 2848 971 2909 aut
992 2847 1189 2928 quoniam)
1213 2867 1266 2912 er·

207 2947 287 3011 iret
314 2966 330 3010 e
352 2948 436 3013 iure
458 2949 605 3031 patrio,
628 2948 695 3032 qui
715 2948 753 3012 id
775 2949 997 3016 flaminium
1020 2951 1265 3035 apisceretur

163 3113 167 3120 .
208 3054 787 3137 quaequeinmanumflaminis
820 3058 1059 3123 conveniret.
1115 3059 1286 3122 Itame··

207 3159 366 3224 deudum
401 3164 459 3226 cet.
509 3161 608 3225 Minor
635 3163 701 3224 erat
734 3161 821 3244 copia
853 3162 987 3228 flaminis
1018 3164 1155 3247 legendi,
1187 3163 1264 3249 quod

205 3267 294 3347 pauci
328 3270 416 3332 erant
446 3266 543 3350 geniti
575 3265 770 3331 confarreatis
807 3268 991 3350 parentibus,
1023 3272 1055 3333 et
1082 3270 1180 3353 quod,
1215 3269 1262 3353 qui

205 3372 301 3436 lectus
324 3376 399 3449 erat,
416 3392 437 3439 e
458 3372 524 3436 iure
546 3372 644 3454 patrio
665 3371 779 3446 exibat,
812 3374 892 3455 quod
923 3378 978 3439 aut
998 3376 1064 3459 ipse
1092 3379 1150 3441 aut
1181 3380 1263 3460 pater

206 3478 270 3541 eius
298 3478 409 3554 nollet3
443 3480 479 3542 ut
518 3480 620 3542 autem
654 3477 811 3559 pauciores
843 3479 1128 3555 consumerentur,
1175 3481 1262 3546 fiebat

204 3584 317 3665 partim
351 3583 484 3656 incuria,
518 3583 631 3666 partim
654 3584 887 3650 difficultatibus
910 3586 1101 3652 cerimonia.

52 3701 73 3738 u·
306 3686 449 3756 lodus:
493 3691 621 3757 Isdem
654 3691 872 3757 consulibus
1013 3710 1105 3757 reus
1137 3698 1259 3777 pater,

185 3799 412 3871 accusator
442 3797 560 3862 filius
685 3797 722 3861 in
753 3803 936 3864 senatum
969 3798 1124 3864 inducti
1160 3800 1257 3873 sunt,

121 3904 149 3949 ⁸«
179 3901 249 3966 *ab
295 3903 414 3969 exilio
462 3905 659 3969 retractus
707 3904 933 3989 inluvieque
985 3923 1027 3970 ae
1079 3906 1257 3990 squalore

203 4005 356 4073 obsitus
397 4011 434 4073 et
464 4013 545 4075 tum
576 4014 712 4076 catena
749 4012 903 4077 uinctus
934 4012 1147 4095 peroranti
1174 4009 1258 4076 lilio

29 4095 65 4193 J
103 4114 152 4213 [v
202 4116 445 4199 preparatur
467 4116 701 4197 adolescens
723 4116 862 4183 multis
878 4118 1110 4191 munditiis,
1133 4113 1254 4183 alacri

70 4246 83 4283 a
132 4246 136 4250 ,

46 4289 53 4314 r

47 4453 88 4515 ,α’
215 4435 369 4581 Ι..
472 4536 485 4556 .
