2662 5062
239 286 303 352 428
598 281 883 355 nemcnpnk

198 490 304 554 ortum
335 489 395 565 est)
422 482 576 567 scribique
603 483 705 550 eruit
731 481 845 556 uoluit3
872 480 1005 547 forteme
1037 484 1168 565 prestet
1200 482 1257 546 eicit

199 577 391 658 anteesse.

299 690 1261 778 LitII‚2‚let2primumnitilest‚curnousimpli·

199 802 280 868 citer
299 804 450 875 teneetuu
483 801 566 884 quod
585 801 619 866 in
642 792 797 891 codicibus
819 801 883 864 est:
915 801 1100 889 pensetur
1130 796 1262 884 ubiqpe

200 906 378 972 menibus
399 906 497 981 tuis,
534 907 684 984 houset,
715 906 827 997 ubiqm
857 902 1063 969 abstinebitur
1089 903 1262 974 sceleribus,

200 1030 242 1078 ne
262 1013 411 1098 cogentur
433 1030 543 1078 mouns
561 1013 627 1076 >turo
653 1012 761 1077 tristes
781 1010 903 1075 litteras
924 1008 1067 1074 scribere.
1124 1006 1264 1092 Sequitur

199 1119 233 1184 in
253 1117 409 1183 codicibus
430 1117 533 1182 bouis:
576 1117 739 1182 Diutius
771 1114 979 1181 memoreri
998 1114 1089 1179 huic
1110 1116 1277 1198 petere,-

201 1226 255 1291 ubi
276 1223 424 1290 Seuocm
446 1221 609 1306 scripsisse
632 1223 751 1306 opinor:
793 1222 833 1286 Ι).
865 1240 921 1286 me
939 1220 1156 1284 ¹immorans·
1180 1219 1265 1284 huic

200 1329 311 1415 [voco]
343 1331 484 1410 petere.
529 1327 613 1393 infre
633 1326 699 1410 (3),
734 1327 787 1393 ubi
815 1327 882 1391 haec
910 1327 943 1390 iu
969 1324 1127 1390 codicibus
1156 1325 1265 1408 scripte

201 1434 362 1520 leguntur:
405 1433 458 1497 Ac
489 1434 621 1499 nescio
663 1432 851 1518 quomodo
888 1429 1043 1515 ingenie
1085 1429 1266 1495 immanis

200 1541 240 1607 et
259 1539 386 1604 inviso
417 1539 582 1604 meterie
615 1538 843 1604 secundiori·
868 1538 1151 1618 express-eruut
1183 1553 1264 1601 sen-

199 1663 270 1711 sus
291 1643 540 1710 vehementes
562 1644 857 1716 et-coucitetos,
896 1641 1006 1707 stetim
1027 1643 1161 1724 eppurst
1182 1643 1266 1725 inge·

202 1751 255 1816 nie
280 1750 440 1831 posterum
468 1766 609 1831 perverse
633 1749 784 1815 immanis
811 1749 844 1813 et
870 1739 982 1812 'invise
1010 1745 1178 1830 eppelieri,
1214 1762 1266 1810 nec

202 1854 306 1919 miuus
337 1871 480 1935 perverse
520 1855 683 1920 meterinm
716 1872 795 1932 oum,
824 1871 892 1936 que
924 1852 975 1917 hic
1006 1851 1266 1935 significetur,in

202 1957 342 2042 pennu
374 1958 581 2026 describendis
617 1960 751 2045 positum
783 1957 994 2024 secundiorem
1027 1957 1199 2042 eppellnri,
1231 1974 1267 2021 ne

203 2063 277 2147 quid
300 2063 400 2128 dicem
433 2064 471 2130 de
493 2064 622 2132 ebletiri
653 2083 711 2130 usu
733 2064 877 2142 (macerie
905 2064 1082 2127 secundiore
1102 2065 1267 2148 caprimon

201 2173 330 2250 emm).
388 2168 501 2237 Omuie
534 2172 618 2238 recte
652 2170 744 2236 facile
777 2169 871 2236 fiunt:
914 2170 967 2235 Ac
1002 2169 1135 2235 nescio
1176 2187 1265 2253 quo·

203 2276 316 2341 modo'
337 2275 498 2360 ingenie
525 2277 563 2343 in
593 2276 749 2342 immeni
782 2277 822 2340 et
849 2276 980 2341 inrisa
1004 2275 1176 2340 meterie
1205 2292 1267 2338 se·

202 2381 387 2446 cundiore
426 2400 490 2444 ore
533 2385 811 2466 expresserunt
850 2399 984 2448 sensus
1015 2380 1268 2447 uehementes

203 2489 242 2552 et
262 2486 493 2553 concitetcs.
548 2487 690 2559 (Felicior
725 2489 764 2555 iis
794 2488 826 2552 in
860 2487 919 2553 hec
943 2485 1075 2551 muteris
1101 2504 1213 2553 sensus
1237 2504 1268 2551 se

202 2590 354 2656 dederunt
373 2610 467 2674 quem
488 2592 521 2656 in
543 2593 675 2671 ceteris.)
717 2595 793 2658 Haec
814 2593 962 2658 correctio
983 2593 1047 2657 iem
1067 2592 1188 2677 lipsio,
1211 2591 1269 2657 uisi

202 2697 284 2780 qnod
305 2697 344 2761 in
379 2714 438 2761 non
460 2695 592 2775 eddidit,
622 2699 655 2764 in
680 2700 819 2765 mentem
844 2699 981 2774 teneret,-
1012 2697 1066 2761 scd
1093 2716 1167 2762 cum
1189 2696 1270 2781 epud

204 2803 381 2870 Fickertum
402 2802 518 2868 emisse
540 2805 633 2879 esset.
653 2806 765 2871 iterum
787 2822 806 2868 e
832 2822 884 2868 mc
904 2803 987 2869 fecte
1008 2805 1065 2867 est.
1128 2820 1133 2830 ⁸

302 2906 370 2975 lbd.
404 2907 436 2985 4,
467 2908 487 2970 2
520 2909 637 2977 Seneca
659 2911 820 2992 postqum
844 2908 1054 2979 definitionem
1076 2906 1271 2973 crudelitatis

202 3014 318 3097 posuit,
341 3031 403 3098 que
423 3014 518 3078 seed
540 3016 734 3081 atrocitatem
755 3015 787 3079 in
799 3015 898 3098 punis
917 3012 1075 3098 exigendis
1096 3016 1271 3088 revocetur,

201 3120 292 3185 obiici
312 3120 413 3205 fingit,
425 3137 494 3186 esse
515 3121 656 3204 quedem
677 3121 811 3187 metuere
830 3114 995 3199 immonis,
1016 3121 1053 3184 ut
1063 3118 1219 3186 Busiridis
1241 3124 1273 3186 et
1294 3152 1296 3156 Α

201 3224 391 3305 Premente,
423 3243 492 3312 queo
513 3227 572 3292 sub
593 3227 673 3292 heuc
692 3226 864 3292 finitionem
885 3226 944 3307 (sic
965 3225 1048 3293 onim
1070 3225 1138 3308 ipse
1160 3224 1272 3308 eppel-

201 3328 259 3410 let)
303 3350 363 3397 nou
409 3330 538 3398 cedem:
591 3330 678 3414 Huc
721 3330 940 3399 crudelites
982 3331 1160 3415 quidem,
1204 3329 1272 3395 sed

202 3436 290 3519 quie
321 3455 386 3504 nec
418 3437 605 3503 ultionem
637 3438 811 3521 sequitur
843 3446 929 3516 (non
959 3435 1178 3503 enim-lese
1198 3437 1273 3513 est)

202 3559 270 3607 uec
290 3547 449 3626 peccato
482 3542 601 3610 elicui
624 3543 811 3609 irascitur
834 3541 996 3623 (nullum
1032 3541 1132 3606 euim
1155 3542 1272 3605 ente·

201 3649 326 3716 cessit
345 3650 513 3727 crimen),
545 3649 654 3713 extre
683 3648 904 3714 finitionem
940 3651 1112 3713 nostrem
1149 3645 1272 3711 cedit.

202 3752 342 3820 Primum
377 3755 481 3825 omitti
513 3753 597 3822 nullo
625 3753 717 3819 modo
741 3755 774 3826 in
800 3751 975 3819 huiusmodi
998 3752 1195 3820 concessione
1218 3770 1273 3834 po·

202 3861 285 3927 teret
305 3862 377 3939 est;
407 3860 518 3926 deinde
539 3863 655 3924 senece
688 3858 767 3924 douc
797 3876 865 3925 esse
899 3857 1117 3925 crudelitatem
1139 3858 1272 3924 minime

200 3964 344 4031 concedit
364 3973 467 4038 (suem
489 3966 571 4032 enim
594 3963 802 4031 definitionem
824 3983 950 4046 prorsus
972 3962 1120 4045 tolleret),
1158 3963 1216 4030 sed
1238 3965 1272 4029 iu

200 4068 347 4152 proximis
382 4069 602 4146 (Possumus
639 4069 772 4136 dicere
811 4069 883 4151 cet)
918 4068 1075 4145 ostendit,
1116 4069 1273 4152 quomodo
