2678 5016
623 236 901 330 mmmm

644 442 655 476 ³³
706 433 774 497 Dux
796 434 900 496 omnia
921 432 1037 499 suffieit
1057 450 1134 496 unus

399 536 537 602 turbanti
559 538 641 602 terre
661 540 848 621 pontumque
871 556 991 603 morere
1012 536 1143 620 paranti.
1272 548 1286 614 ‚³

224 646 306 727 Apte
329 641 432 706 onero
453 644 485 707 et
505 663 583 704 unue
604 642 685 707 inter
706 661 740 708 ee
760 642 956 725 respondent.

325 747 362 811 V.
385 745 446 808 208
469 744 500 809 in
522 745 658 811 Atlantis
682 746 882 831 descriptione
891 746 1020 822 oditur:

309 850 391 915 Tum
411 849 542 933 geminae
564 850 696 916 laterum
718 853 825 928 oentee
847 852 945 942 merie
966 851 1031 917 alte
1051 849 1194 934 fatigent,

259 953 261 956 ’
309 956 409 1036 etque,
431 954 484 1019 ubi
504 955 602 1020 feeeue
625 974 718 1039 equos
740 957 832 1023 Titen
853 956 1008 1021 immersit
1030 954 1163 1029 anhelos,

310 1059 528 1126 flammiferum
552 1060 688 1125 condunt
708 1060 839 1126 fumanti
860 1062 982 1147 gurgite
1004 1080 1136 1126 ennium.

195 1247 197 1249 ‚
325 1162 386 1228 Sed
420 1161 452 1226 in
481 1162 540 1227 hae
567 1163 720 1245 scripture
749 1167 834 1231 nulle
866 1168 930 1231 erte
952 1165 1043 1231 nitori
1064 1167 1177 1248 potest,
1213 1164 1288 1247 quin

227 1270 333 1335 oentee
355 1266 429 1332 enlin
454 1285 578 1333 enrrum
602 1269 732 1333 condere
754 1269 905 1348 dieantur,
927 1270 1007 1354 quod
1032 1269 1199 1335 nbsnrdnm
1222 1269 1288 1340 est:

227 1391 327 1457 neqne
349 1372 430 1436 enim
458 1371 489 1434 in
513 1371 571 1436 heo
602 1373 745 1438 orationis
767 1373 866 1438 forme
887 1374 1039 1459 (folleant
1060 1385 1164 1459 atque.
1177 1421 1184 1436 .
1198 1394 1288 1436 ,σοπ-

225 1478 323 1554 dunt),
360 1474 441 1560 qnod
463 1476 572 1559 prioris
593 1476 679 1541 verbi
700 1476 852 1551 obieotnm
874 1481 932 1557 eet,
965 1479 1141 1562 posterioris
1164 1477 1290 1542 subiec-

226 1585 293 1649 tnm
316 1581 383 1648 fieri
404 1583 513 1663 potest.
561 1580 732 1664 Scripseret
752 1581 860 1647 Silius:

314 1687 395 1751 Tum
415 1686 552 1769 nentem
573 1687 705 1751 laterum
727 1687 833 1752 eeutee
853 1687 952 1751 meria
973 1687 1038 1752 alte
1058 1687 1234 1770 fatigent.¹)

328 1893 491 1962 luvenalis
513 1893 624 1960 eetiroe
635 1893 768 1959 tractavi
788 1895 908 1961 iuvenis
924 1896 1102 1981 diligenter,
1125 1898 1161 1960 ut
1181 1897 1290 1960 temen

228 1999 396 2068 enarrando
428 1999 528 2083 magis
560 2018 652 2081 quem
685 1999 875 2065 emendando
907 2001 982 2083 (etei
1017 2001 1076 2068 hoo
1097 2007 1230 2084 qnoque)
1252 2000 1291 2064 iie

227 2104 440 2180 eubvenirem3
484 2121 540 2168 neo
578 2121 661 2181 nnno
691 2104 806 2181 habeo,
844 2105 924 2188 qnod
960 2123 995 2170 ex
1031 2106 1090 2171 hoo
1120 2104 1292 2189 posteriore

227 2229 338 2297 genere
370 2208 512 2275 odditnm
542 2207 636 2273 velim
668 2208 825 2290 (qnoniam
859 2209 896 2274 de
918 2214 1000 2276 reeto
1025 2210 1183 2292 scripturn
1206 2211 1293 2276 nodi·

227 2335 299 2383 eum
331 2315 452 2381 delectu
472 2314 535 2379 inm
571 2332 630 2378 non
663 2319 779 2396 qnaero)
813 2314 873 2379 nisi
894 2315 932 2381 de
946 2334 1013 2380 nno
1033 2315 1109 2402 loeo.
1153 2315 1238 2380 Nem
1260 2317 1293 2380 in

185 2487 187 2491 ,
227 2424 285 2488 eet
307 2420 336 2485 X
357 2441 385 2485 v.
407 2420 466 2484 311
491 2438 568 2503 eqq„
599 2418 652 2483 nbi
683 2419 715 2483 in
747 2419 848 2483 codice
876 2419 1036 2484 Pithoeeno
1068 2418 1216 2485 mendose
1247 2421 1293 2486 ein

226 2527 387 2594 scribitur:
982 2570 986 2576 «

879 2629 948 2694 mo
970 2629 1090 2694 arnor
1157 2611 1164 2624 ‘

242 2744 256 2757 ⁸
364 2733 504 2817 publicus
518 2733 551 2797 et
571 2751 676 2816 poenes
698 2735 826 2809 metuet
849 2753 1055 2819 quaecumque
1077 2735 1180 2800 mariti

364 2837 436 2902 irati
458 2837 560 2911 debet,
582 2857 638 2902 neo
659 2837 718 2902 erit
739 2837 857 2904 felicior
878 2841 963 2905 estro

362 2940 483 3015 Martis,
503 2944 540 3006 nt
560 2942 593 3006 in
614 2942 740 3025 loqueos
762 2962 917 3026 nunqnam
938 2945 1062 3019 ineidat,

229 3047 326 3114 ceteri
360 3047 463 3113 entem
497 3046 616 3113 eodioee
648 3046 812 3113 manifesto
834 3049 1011 3130 interpolati
1032 3051 1114 3125 sunt,
1148 3050 1292 3131 quoniam

228 3155 260 3219 in
281 3150 411 3236 Rignltii
432 3151 465 3215 et
486 3150 582 3232 Lipeii
611 3150 810 3230 coniecturis,
843 3173 909 3235 quae
933 3154 1005 3219 eolae
1025 3154 1157 3238 vestigia
1177 3154 1292 3219 veteris

230 3259 388 3341 scriptume
403 3239 626 3339 persequuntur
642 3257 774 3332 (morelio
789 3258 877 3319 iratis
887 3258 972 3321 debet
981 3261 1035 3323 eut
1049 3259 1147 3323 irati
1165 3260 1291 3336 debeor),

228 3366 333 3430 temen
356 3363 388 3425 et
408 3361 514 3422 moolli
543 3358 786 3442 improbabiliter
807 3364 956 3427 'mutetur
983 3363 1111 3445 etipse
1137 3364 1292 3429 sententia

228 3487 337 3553 perum
369 3466 442 3548 epta
479 3468 533 3528 ent
568 3464 693 3546 elegans
724 3467 773 3531 est
793 3470 913 3546 (metuet
934 3489 1054 3550 ponae,
1087 3489 1293 3554 quoecumque

229 3574 339 3651 debet),
372 3570 506 3652 primum
539 3568 671 3633 eflicitur
702 3590 808 3636 verum
842 3574 874 3636 et
904 3575 1012 3653 aptum
1033 3575 1197 3640 sententiae
1220 3575 1292 3641 enb-

258 3923 279 3991 ¹)
298 3920 424 3976 Eiusdem
450 3921 514 3978 libri
541 3940 565 3977 v.
591 3923 642 3980 647
671 3922 840 3978 scribendum
867 3928 921 3980 eet:
952 3936 1044 3979 vertrae
1069 3948 1099 3980 ee
1129 3933 1242 3998 firinqer
1268 3933 1293 3981 in

299 4017 374 4066 nrbes.
