2656 5056
452 400 483 454 L
503 399 607 454 Senecoe
626 397 762 468 Epistola.
1029 398 1091 463 483
1155 409 1158 415 ·

54 599 249 671 scruter,
271 597 417 663 deinde
440 597 541 660 hunc
563 596 756 661 mundum.
799 597 938 663 Priora
959 619 1058 684 neque
1080 621 1134 685 per

54 723 92 768 se
128 709 253 768 rectum
271 710 333 769 est
362 712 427 786 (pre
456 702 579 784 prius)
617 720 714 784 neque
743 708 866 786 propter
887 706 1017 787 prius,
1053 708 1133 790 quod

54 810 216 892 sequitu-r.
262 811 420 892 Paliique
451 808 568 873 codices
596 807 747 888 peiora,
781 811 972 891 ppeiura.
1017 813 1133 895 Opinor

57 917 140 980 elim
165 915 316 996 scriptum
337 916 449 980 fuisse.
493 914 572 996 Ego
594 912 753 995 quidem
770 935 817 997 pe
838 914 1018 1007 [collari]
1042 942 1134 983 curo

56 1021 238 1102 illaage
267 1024 482 1095 aetnaeis,
508 1023 566 1084 cet.

168 1126 223 1207 Ep
238 1125 293 1199 66
311 1124 428 1206 19sz
451 1145 571 1189 cum.
585 1125 993 1208 .(11666116166666,
1014 1060 1131 1196 dulce

59 1251 151 1298 esse
174 1232 346 1296 terroris
367 1232 491 1296 etheo
519 1231 811 1315 respondeccet
836 1232 990 1297 Efficitur:
1013 1232 1131 1299 dulce

62 1357 155 1404 esse
190 1339 336 1400 torreri
366 1337 425 1419 (sic
458 1337 548 1403 lenus
580 1341 613 1404 et
649 1336 799 1408 Hessius:
832 1337 1001 1418 superiores
1041 1343 1129 1404 tor·

63 1444 209 1527 66661),
231 1445 295 1505 red
315 1444 385 1508 hoc
407 1443 622 1526 respondeo
644 1447 702 1509 cet.
746 1443 824 1507 Tum
848 1445 868 1522 g
891 1440 931 1504 23
953 1444 1020 1524 (22)
1043 1463 1128 1510 revo-

63 1550 198 1615 candum
228 1549 417 1630 simpliciter,
454 1549 533 1632 quod
565 1548 596 1613 in
628 1550 674 1631 Pp
690 1549 791 1630 .(inp
823 1549 862 1612 ab
894 1549 991 1615 altera
1022 1559 1128 1628 manu)

63 1656 194 1737 aliisque
216 1649 364 1737 scriptum
387 1659 451 1719 est:
497 1655 599 1739 Ergo
627 1657 734 1720 tuam
760 1672 910 1738 queque
932 1655 1127 1723 virtutem

61 1780 138 1824 non
173 1761 300 1844 magis
332 1760 542 1833 laudabis,
570 1760 604 1824 si
637 1779 783 1840 corpus
805 1759 868 1821 illi
899 1761 1033 1834 (virtuti,
1061 1782 1128 1845 qnae

61 1869 321 1958 corpore‘utitur)
344 1873 455 1930 tunm
487 1867 691 1949 integrum
721 1865 885 1929 fortune
917 1867 1127 1946 66666166-

60 1972 127 2041 616,
151 1990 265 2054 quam
288 1973 385 2036 sier
408 1971 947 2055 aliquapartemutilatnm.
984 1971 1127 2039 Sicenim

59 2081 232 2141 extremum
247 2078 428 2142 vocabulum
451 2096 520 2142 cunr
545 2077 631 2141 PAb
653 2076 846 2146 scribendum
870 2078 927 2152 666,
950 2096 1008 2143 666
1031 2081 1127 2145 mul-

59 2187 205 2256 catum,
230 2182 310 2265 quod
333 2202 368 2246 66
391 2201 493 2248 errore
509 2184 624 2248 codicis
646 2204 665 2265 p
688 2186 719 2247 66
741 2183 868 2247 aliorum
886 2183 1125 2263 (multatum)

58 2289 206 2352 effectum
244 2291 300 2353 est.
356 2289 526 2353 Molestum
566 2306 673 2371 eorpus
710 2288 811 2353 brevis
848 2287 944 2353 habet
978 2291 1125 2372 temporis

58 2394 209 2468 delorem,
249 2394 425 2458 mutilatum
460 2399 639 2477 perpetuam
673 2393 876 2470 debilitatem,
914 2392 951 2457 de
984 2413 1044 2476 qua
1066 2396 1126 2461 ‘hie

56 2499 174 2581 agitur.
229 2497 396 2585 6266161
427 2519 481 2583 pro
505 2506 543 2565 66
573 2502 607 2565 61
640 2501 710 2564 1666
747 2502 823 2571 666,
857 2498 935 2582 quod
964 2503 1126 2567 sententie

55 2622 230 2687 repugnare
256 2604 549 2690 Schweighaeusems
571 2606 799 2680 animadvertit,
831 2606 963 2674 Hessius
986 2607 1124 2690 scripsit:

55 2715 145 2780 aut,
169 2710 202 2774 si
225 2711 397 2784 honest,
420 2711 548 2777 16666666
570 2712 763 2777 scribendum
786 2717 850 2777 est:
872 2712 1044 2776 nisihoe
1066 2715 1125 2781 est

55 2816 266 2899 (praecedente
288 2824 339 2894 m).
1024 2876 1029 2885 .

161 2922 217 3004 Ep.
240 2922 291 2994 67,
314 2923 333 2984 5
354 2923 415 2998 (766
451 2922 621 2999 Deinde,
645 2923 810 2987 etiamsi
831 2926 1124 2990 tormentorum

54 3028 183 3093 tortis
206 3028 411 3110 patientia
431 3028 634 3110 optabilis
650 3031 729 3099 est,
751 3029 1124 3117 etiamnuncinter-

55 3152 168 3217 rogo:
212 3132 361 3216 Nempe
403 3134 607 3199 fortitude
647 3133 849 3216 optabilis
887 3139 965 3209 est;
1009 3137 1124 3217 atqui

55 3239 246 3321 pericula
280 3258 349 3303 con
358 3241 505 3305 temnit
542 3244 583 3307 et
612 3243 816 3323 provocat.
861 3238 955 3303 Recte
987 3240 1122 3323 Hessius

55 3345 229 3416 intellexit,
264 3365 435 3421 summam,
482 3364 548 3428 quae
593 3366 628 3411 er
664 3344 868 3443 superioribus
905 3342 1123 3427 progrediendo

56 3450 262 3526 concluditur,
297 3450 479 3531 pravissime
511 3469 580 3515 cum
613 3451 806 3515 concessione
839 3452 892 3528 (et
899 3450 1030 3525 iamsi)
1020 3451 1123 3532 >poni

55 3561 204 3639 tanquam
217 3556 401 3620 centrarium
424 3555 510 3619 initio
533 3574 617 3620 novae
640 3556 841 3621 conclusionis
864 3556 1123 3636 eodemspectan·

54 3664 104 3727 tie.
152 3660 214 3725 Sed
237 3660 430 3743 quodedidit
415 3662 445 3725 t:
469 3661 633 3733 Deinde,
658 3662 822 3725 etiarnsi
846 3661 927 3699 *³⁸³*
950 3661 1122 3726 tormen·

54 3773 185 3833 terum
208 3767 228 3830 f.
242 3787 269 3848 p.
294 3769 368 3848 opt.
394 3769 472 3839 est,
495 3767 707 3830 nihilomnino
724 3766 925 3844 desideratur,
947 3767 1001 3832 sed
1016 3770 1123 3850 aperte

54 3892 88 3936 ex
111 3873 254 3954 proxima
276 3872 459 3955 precedenti
482 3874 633 3937 sententia
655 3879 787 3949 (ornnem
811 3872 953 3935 virtutem
977 3890 1045 3937 6666
1067 3872 1122 3936 be·

53 3997 138 4052 num,
162 3997 254 4042 omne
278 3979 392 4041 bonum
415 3980 563 4060 optabile)
582 3981 638 4042 hoc
660 3978 807 4043 eflicitur:
830 3977 983 4042 Deinde
1006 3978 1122 4040 etiam

52 4086 344 4148 tormentorum
389 4085 511 4148 166616
554 4084 761 4165 patientie
804 4083 1006 4165 optabilis
1049 4084 1121 4147 est.

50 4189 286 4253 Etiamnunc
318 4192 377 4253 cet.
443 4189 477 4274 (ξ
522 4190 562 4252 10
604 4194 687 4254 66666
731 4188 901 4272 Schweigh.
946 4187 1123 4252 sortasse
1228 4200 1235 4211 ·

875 4296 921 4347 31⁰
