2626 5070
226 275 288 340 334
584 277 849 350 Lib.v111.cap.1.

187 479 280 544 Aliud
315 483 364 545 eet
395 499 426 541 ee
473 487 687 562 representare
730 475 825 559 (apud
857 476 1063 544 Columellam
1097 485 1127 546 et
1153 480 1223 546 iuris

185 585 368 661 consultos),
404 585 460 650 hoo
482 588 543 658 est,
580 586 764 666 presentem
785 582 903 658 adesse,
925 585 1010 650 alind
1036 596 1225 672 reproeemtoet

184 688 304 773 etquid
329 692 383 753 ant
404 689 546 775 aliqum
568 689 625 755 hoe
645 690 703 766 est,
726 689 842 766 faeere,
864 691 900 754 ut
930 691 1089 758 amitant
1112 693 1226 759 rideatm

185 794 302 872 adesse,
333 794 421 879 quasi
452 796 485 858 in
507 796 603 860 vitam
625 812 767 860 revocare
790 796 823 860 et
842 795 883 860 ob
904 797 1007 863 oeulos
1027 817 1152 882 ponere;
1181 795 1226 862 rid.

170 900 275 965 .hnius
295 901 367 966 libri
389 920 413 966 e.
438 902 475 964 ll
495 902 531 965 Ε.
554 901 586 967 4.

284 1003 353 1071 Ibd.
386 1007 423 1073 Ε.
460 1008 498 1070 2:
536 1007 579 1070 ut
610 1025 714 1091 eque
749 1009 999 1074 terrestrium
1035 1010 1229 1076 scelestum

184 1109 579 1196 Karthaginiensium
635 1111 828 1194 copiarum
882 1132 1081 1197 egressum
1139 1118 1232 1181 terra

185 1235 295 1301 quam
328 1218 616 1297 maritimarum
646 1217 849 1300 Neptunus
883 1220 1140 1301 experiretur.
1184 1218 1232 1284 lle

184 1324 326 1410 cessario,
360 1323 440 1406 quod
463 1325 494 1388 et
515 1323 633 1387 librarii
656 1322 779 1405 qnidam
811 1327 844 1386 et
876 1323 1008 1390 editores
1032 1327 1181 1400 fecerunt,
1199 1326 1234 1389 te

184 1428 285 1494 nenda
306 1427 505 1512 transpositio
525 1427 557 1491 in
580 1428 605 1491 B
628 1426 817 1512 signifieate:
850 1432 890 1494 ut
911 1448 1014 1512 aeque
1034 1432 1234 1496 seelettnm

184 1532 430 1597 terrestrium
465 1532 504 1599 Κ.
536 1534 745 1616 copiarum,
781 1535 835 1599 sed
873 1533 976 1613 simul,
1012 1536 1166 1614 nitallor,
1192 1535 1236 1600 aut

182 1657 353 1720 pressum
385 1640 440 1704 aut
483 1642 694 1722 inpressum
726 1639 922 1704 scribendum
965 1644 1022 1706 est.
1082 1643 1130 1714 (In
1163 1636 1237 1705 IN

184 1741 353 1821 Halmium,
376 1764 415 1809 ne
438 1746 532 1812 errori
554 1744 669 1810 codicis
696 1743 722 1807 B
745 1744 888 1819 (amieo
915 1750 993 1826 suo)
1022 1747 1239 1830 obsequeretur,

184 1849 216 1911 et
250 1848 323 1913 ordo
355 1852 517 1917 verborum
549 1851 581 1916 et
613 1851 766 1915 sententie
792 1851 925 1916 retinere
953 1851 1102 1929 debebat;
1140 1855 1240 1937 preter

184 1951 265 2018 cives
286 1954 441 2022 Romanos
463 1956 661 2022 Mithridates
688 1958 810 2022 simul
841 1955 948 2021 amieis
978 1957 1152 2025 interfectis
1183 1959 1240 2043 pia·

184 2059 252 2124 cula
274 2060 382 2136 solvit;
405 2062 459 2128 sed
482 2082 498 2127 e
521 2061 636 2128 codicis
658 2062 796 2147 vestigiis
819 2060 941 2144 (illos)
963 2061 1032 2128 deri
1054 2064 1179 2131 videtur
1195 2065 1242 2129 aut

183 2162 287 2229 alioe
308 2168 451 2235 amicus
474 2188 565 2235 suos
587 2172 641 2235 aut
662 2169 800 2232 multoe
821 2187 890 2233 am.
913 2175 1025 2245 suos.)

283 2273 346 2351 (De
369 2274 424 2352 lX,
447 2276 466 2337 2
488 2275 524 2339 E.
547 2276 567 2336 4
589 2274 705 2341 dietum
729 2277 777 2340 est
798 2274 856 2339 vol.
879 2274 894 2338 1
916 2294 945 2357 p.
966 2274 1034 2349 41.)

282 2377 348 2444 lbd.
381 2380 417 2446 Ε.
446 2382 480 2446 5:
518 2380 612 2446 adeo
635 2398 732 2445 eaeoo
766 2379 893 2473 furore
925 2397 1071 2444 summa
1093 2396 1245 2464 quaque

183 2481 413 2551 effervescit
445 2486 680 2564 erudelitas,
716 2503 798 2550 oum
830 2483 1113 2549 munimentum
1146 2504 1188 2550 ex
1209 2501 1245 2550 se

181 2587 263 2671 ipsa
281 2592 468 2673 repperit.
512 2592 730 2674 intelligerem,
763 2592 791 2657 si
817 2590 1002 2656 scriberetur
1029 2591 1245 2654 munimen·

180 2696 262 2758 tum
281 2697 418 2777 quaerit
441 2697 659 2780 (quaesivit);
687 2715 766 2762 nunc
788 2694 985 2761 scribendum
1005 2714 1133 2778 prorsus
1155 2699 1245 2778 puto:

181 2815 263 2865 uum
284 2801 554 2866 nutrimentum
587 2823 627 2870 er
660 2821 699 2868 se
730 2803 821 2885 ipsa
855 2799 1039 2884 repperit
1093 2801 1139 2866 llo
1163 2800 1242 2868 enim

179 2903 318 2987 proxima
338 2907 502 2988 pertinent.

280 3010 347 3076 lbd.
369 3010 399 3087 3,
423 3013 456 3076 5:
491 3014 673 3097 quotiens
706 3012 881 3079 rictoriae
909 3011 1050 3078 riotrix
1073 3011 1133 3089 (ire
1154 3010 1242 3089 lnitll

180 3114 574 3200 Gongratulationem
596 3119 677 3184 eius
699 3119 734 3184 in
761 3119 956 3201 Torquato
977 3115 1244 3200 spernendam,

179 3219 218 3285 iu
239 3220 357 3287 Fabio
387 3224 690 3306 pulcherrimam
722 3224 870 3307 partem
906 3221 1175 3295 omittendam,
1208 3219 1244 3283 in

179 3324 303 3409 Appio
322 3327 444 3392 totam
467 3329 566 3412 fugae
588 3329 890 3413 postponendam
913 3326 1100 3393 reddidit.
1148 3324 1244 3391 Sorib.

181 3429 316 3494 credid
323 3435 360 3495 ir.
415 3431 498 3499 Nam
540 3433 700 3498 uictoriam
740 3434 866 3498 reddere
902 3430 1147 3517 postponendam
1191 3446 1244 3512 pro

179 3552 225 3609 eo,
248 3536 329 3619 quud
351 3539 399 3603 est
420 3539 538 3623 secere,
570 3549 603 3601 ut
629 3549 844 3623 poetpooutur,
866 3541 1002 3603 merset
1025 3539 1110 3602 certa
1134 3536 1244 3601 barba·

178 3644 236 3710 ries
259 3648 316 3710 eat.
364 3644 429 3723 [Sio
452 3644 520 3713 edd.
545 3645 662 3729 aliquot
683 3644 831 3727 veteres]

278 3749 344 3813 lbd.
379 3750 449 3815 llrt.
483 3769 623 3833 prooem:
666 3750 854 3816 Voluntas
897 3749 1002 3833 operi
1042 3748 1159 3813 oedat
1201 3749 1248 3828 (ut

177 3855 379 3920 maximorum
408 3854 542 3921 virorum
574 3855 651 3923 vitia
679 3875 718 3920 ne
742 3856 913 3936 sileantur),
949 3855 1035 3919 dum
1061 3854 1249 3935 praeclara

176 3958 349 4024 libenter
380 3960 583 4042 probanda
625 3963 852 4027 necessaria
882 3958 1067 4025 narrandi
1095 3959 1250 4025 consei-

178 4065 284 4131 eutie
316 4085 386 4131 non
423 4064 536 4132 desit.
585 4067 636 4132 Sic
669 4067 695 4131 B
729 4086 748 4132 a
779 4067 879 4149 prima
903 4083 1012 4144 manu;
1048 4065 1079 4130 iu
1106 4065 1250 4152 margine
