2662 5046
267 293 328 358 268
624 288 756 346 Linvss.
776 288 841 358 (lap.
854 289 907 344 111.

325 488 389 554 lbd
415 487 466 565 84,
488 487 542 552 nbi
567 486 689 552 Afranii
714 504 831 573 prosse
872 487 905 551 at
934 486 998 551 suia
1025 483 1106 569 apud
1137 483 1295 550 Cesaram

225 596 321 662 oratio
343 592 496 669 redditur,
533 610 619 675 paene
638 592 824 687 ,innfflhile
859 595 908 658 est
930 593 969 658 ab
990 590 1204 657 omnihussic
1228 588 1295 655 edi:

224 702 365 784 ltaque
387 717 424 764 sc
444 698 572 762 victos
588 697 790 774 confiteri3
813 717 922 764 orare
937 701 1055 780 atque
1073 698 1297 769 obsecrare,

225 806 259 872 si
292 807 355 889 qui
392 804 503 869 locus
544 801 827 868 misericordiae
864 804 1127 886 relinquatur,
1163 820 1212 866 ne
1247 800 1295 866 ad

225 911 407 977 ultimum
429 908 664 991 supplicium
694 909 888 994 progredi
909 924 1072 974 necesse
1104 907 1292 982 habeant,

228 1017 325 1101 quasi,
348 1015 401 1100 qui
422 1014 605 1096 supplicium
628 1016 800 1098 patiuntur,
822 1014 884 1079 dici
905 1014 1023 1098 possint
1043 1015 1088 1079 ud
1108 1012 1292 1077 'ultimum

225 1122 459 1205 supplicium
480 1121 659 1205 progredi
681 1124 712 1185 et
733 1138 891 1186 neccsse
923 1120 1061 1185 habere
1093 1116 1292 1202 progredi,

228 1247 357 1312 quorum
379 1229 550 1309 utrumque·
565 1226 630 1291 eius
653 1227 710 1300 est,
732 1226 784 1308 qui
805 1243 929 1291 necesse
949 1227 1041 1307 putat
1061 1224 1294 1306 ultimumsup·

223 1334 349 1416 plinium
381 1350 513 1397 sumere.
570 1332 680 1421 ltaque
716 1329 857 1393 haheat
889 1329 927 1396 de
964 1331 1084 1396 Gaesara
1116 1329 1293 1395 coniectura

225 1439 420 1523 scripseram,
455 1456 527 1502 cum
559 1438 644 1502 nulle
680 1438 762 1501 esset
795 1436 875 1519 apud
908 1435 1141 1518 Nipperdeium-
1155 1435 1292 1500 varietm

224 1545 380 1610 annohta.
424 1542 514 1607 Nunc
535 1541 617 1624 apud
639 1542 835 1607 Duebnerum
861 1540 951 1607 rideo
972 1540 1112 1615 habeat
1134 1558 1151 1603 e
1174 1538 1292 1605 duobus

100 1674 103 1681 ·
223 1648 444 1732 antiquioribus
477 1648 631 1715 codicibus
664 1648 696 1711 et
728 1646 867 1729 pluribus
899 1644 1070 1711 recentium
1101 1644 1233 1729 proferri
1260 1647 1294 1709 et

223 1754 318 1820 tacite
340 1752 453 1835 sperni.
482 1751 598 1836 [Primi
612 1751 744 1818 editores
766 1771 827 1818 non
850 1750 1064 1836 spreverant]
1221 1828 1223 1830 ¹

322 1857 388 1921 Ibd.
421 1856 477 1922 85:
521 1857 649 1947 Neque
685 1859 785 1922 enim
817 1877 881 1924 sex
921 1859 1095 1943 legiones
1135 1854 1216 1919 alia
1248 1853 1292 1918 do

222 1980 336 2028 causa
356 1962 494 2027 missas
514 1962 552 2026 in
574 1963 798 2046 Hispaniam
827 1963 1106 2046 septimamque
1127 1960 1182 2025 ihi
1203 1979 1291 2026 con·

222 2067 406 2151 scriptam
449 2087 567 2151 neque
609 2071 668 2134 tot
703 2069 910 2152 tantasque
942 2069 1089 2133 classes
1132 2069 1291 2150 paratas

222 2193 341 2258 neque
385 2173 597 2239 submissos
640 2172 754 2238 duces
805 2174 861 2239 rei
904 2173 1085 2238 militaris
1130 2172 1290 2254 peritos.

222 2279 343 2347 Classes
364 2280 465 2344 nullas
486 2278 609 2342 omnino
630 2277 662 2342 in
684 2278 836 2360 Hispania
866 2279 960 2344 fuisse
996 2281 1050 2343 aut
1070 2278 1103 2342 in
1125 2277 1209 2343 omni
1230 2278 1288 2342 hac

221 2404 323 2451 rerum
346 2385 518 2449 narratione
540 2383 696 2466 appellari,
720 2387 841 2450 constat
862 2388 895 2450 et
914 2385 1084 2472 expositum
1107 2384 1156 2448 cst
1177 2382 1289 2464 aNip-

221 2491 352 2574 perdeio.
410 2491 503 2555 Latet
539 2488 588 2564 hic
625 2507 743 2573 quoque
784 2490 930 2555 mendum
967 2490 1097 2556 licenter
1138 2488 1290 2554 mutando

222 2584 426 2673 occultatum:¹
463 2595 612 2677 scriptum
655 2595 738 2659 enim
776 2595 878 2661 fuerat
913 2596 981 2662 aina
1017 2595 1124 2661 dubio:
1169 2613 1291 2678 neque

223 2702 392 2767 cohortor
413 2701 574 2787 alaeque
595 2703 762 2782 paratas.
818 2702 896 2770 Cum
919 2723 955 2768 er
986 2702 1162 2767 cohortes
1187 2701 1289 2765 alas·-

221 2829 290 2893 que
311 2809 427 2875 ludum
451 2810 534 2873 esset
555 2824 614 2870 non
647 2808 746 2889 primo
768 2827 880 2887 errore,
903 2809 958 2874 aad
981 2807 1094 2874 senaim
1123 2806 1184 2870 tot
1204 2807 1291 2871 tan·

222 2917 370 2999 tuaque,
394 2913 535 2980 additum
559 2915 607 2977 est
630 2914 786 2980 classes.
822 2915 924 2980 Paulo
940 2916 1025 2997 post,
1046 2912 1099 2979 nbi
1120 2912 1152 2976 in
1176 2911 1291 2976 codici·

221 3021 374 3086 busest:
412 3019 450 3083 in
483 3038 522 3084 sa
558 3018 674 3084 etiam
706 3008 1155 3085 aetctis'excusationam
1191 3017 1289 3082 nihil

221 3128 369 3203 valere,
402 3125 498 3208 qnod
520 3124 782 3207 superioribus
804 3125 919 3192 bellis
942 3123 1095 3208 probati
1117 3123 1163 3188 ad
1185 3124 1289 3189 ohti-

221 3233 362 3297 nendos
399 3231 597 3296 exercitus
644 3233 865 3309 evocantur,
908 3231 1101 3296 scribendum
1136 3232 1194 3305 ¹cst
1229 3248 1289 3294 non

222 3356 335 3421 quum
372 3342 491 3420 (parum
526 3337 609 3401 anim
643 3340 717 3420 apta
749 3338 881 3403 causalia
913 3337 1096 3421 significatio
1129 3341 1200 3417 est),
1235 3336 1290 3402 sad

222 3443 312 3529 pain
334 3441 423 3519 (nihil
454 3443 556 3508 ualere
578 3460 634 3508 nac
665 3442 805 3519 obstare,
838 3444 936 3527 quin),
959 3461 1025 3526 quae
1050 3442 1203 3524 particula
1226 3460 1289 3507 non

220 3548 267 3614 ita
287 3566 355 3612 raro
377 3547 410 3611 in
432 3549 527 3631 quod
547 3548 687 3625 transiit,
707 3550 793 3614 velut
811 3547 894 3631 apud
916 3547 1061 3613 Ovidium
1079 3547 1176 3613 Trist.
1199 3547 1237 3623 V,
1261 3546 1292 3621 6,

224 3652 263 3715 27
286 3652 339 3732 (ad
361 3653 423 3720 (lic.
444 3653 482 3717 de
505 3654 557 3719 fin.
579 3653 617 3732 V,
640 3653 681 3717 32
702 3674 732 3738 p.
754 3653 841 3733 662).

321 3760 388 3825 Lib.
411 3760 453 3837 ll,
487 3760 503 3821 1
528 3759 642 3826 exhac
664 3760 803 3826 codicum
826 3759 993 3842 scriptura:
1027 3759 1072 3824 ad
1104 3756 1143 3823 id
1168 3776 1288 3846 mare,

222 3865 318 3950 quod
337 3864 462 3948 adigit
482 3863 526 3929 ad
549 3866 693 3932 ostium
717 3865 894 3930 Rhodani
915 3884 973 3930 non
996 3864 1150 3930 adiacet
1175 3864 1290 3930 facien·

221 3970 295 4036 dum
316 3970 411 4035 fuisse
432 3970 563 4054 videtur,
586 3971 640 4049 sed
662 3970 851 4053 adigitur,
881 3972 938 4036 hoc
959 3973 1017 4051 est,
1050 3970 1237 4037 admovetur
1258 3971 1291 4034 et
