2662 5062
392 686 713 780 LSenecsdetrauqu.
732 709 823 765 animi.
946 702 1132 796 'ciiij
1211 690 1214 695 ’

176 907 330 985 lbd.4‚5:
345 905 424 972 Nou
441 907 498 972 sis
517 908 620 972 enim
638 906 714 972 nisi
733 906 869 971 consul
883 911 948 972 ant
962 910 1137 993 prytanit

93 1013 143 1078 aut
173 1031 283 1098 ceryx
314 1017 379 1078 aut
409 1014 512 1079 sufes
544 1012 821 1081 administrare
843 1012 1153 1094 rempublica'm.'·
1181 1000 1199 1028 ‘¹'
1281 1052 1290 1071 .

88 1111 143 1184 Hoc
162 1138 268 1186 semna
292 1119 377 1184 credi
397 1118 518 1200 poterit,
539 1119 567 1184 si
589 1119 657 1201 quis
679 1117 855 1195 ostenderit,
875 1117 908 1182 in
933 1095 1137 1185 crataeis-
1222 1184 1225 1193 ,

5 1248 11 1288 ι
85 1241 134 1306 qua
164 1243 223 1291 nou
260 1225 390 1310 ignobili
419 1228 451 1290 et
484 1225 570 1291 cuius
601 1224 767 1290 lectoribus
789 1221 918 1316 Seneca
945 1224 976 1289 in
998 1227 1136 1301 mentem

82 1332 177 1397 uenire
203 1331 356 1416 potuerit,
391 1341 547 1398 summum
579 1329 798 1414 magistratum
831 1321 977 1414 κήρυκος
1012 1328 1136 1397 nomino

77 1436 271 1521 appellatum.
327 1437 365 1503 ld
386 1437 458 1521 quia
482 1435 611 1511 ostendi,
645 1437 680 1499 ut
701 1433 816 1518 opinor,
845 1445 906 1500 non
926 1437 1039 1518 potest,
1060 1436 1136 1502 seri·

74 1541 204 1631 bendum
240 1542 341 1608 iudico
372 1542 551 1620 maridis,
582 1544 619 1607 nt
640 1541 679 1607 de
700 1540 805 1625 Capua
826 1540 952 1624 antiqua
975 1541 1135 1625 cogitetur.

72 1645 215 1731 Sequitur
253 1647 316 1728 (dle
366 1648 568 1732 Nunquam
603 1646 760 1714 inutilis
797 1648 856 1712 est
889 1664 1003 1729 opera
1038 1646 1135 1713 civis
1192 1670 1195 1685 ·

70 1751 170 1817 boni:
194 1752 352 1820 auditus
375 1755 434 1821 est
454 1755 635 1838 risusque
656 1753 781 1829 voltu,
817 1752 925 1827 nutu,
955 1752 1136 1818 obstina-

69 1858 171 1923 tione
202 1857 326 1924 tacita
356 1860 585 1945 incessuque
616 1860 698 1943 ipso
724 1857 889 1940 prodest.
943 1857 995 1923 Sic
1027 1858 1055 1922 A
1087 1861 1134 1936 (et

68 1961 232 2040 ffladusk
273 1982 380 2030 uerum
413 1964 470 2031 hoo
502 1966 571 2040 erit,
604 1966 632 2031 si
664 1965 723 2030 ost
755 1963 931 2028 sustuleris:
978 1963 1134 2029 auditus

68 2069 251 2152 visusque
270 2070 342 2146 (hoc
369 2071 426 2146 est
463 2070 537 2137 dum
564 2066 895 2146 auoitn‘etvioesuq
921 2069 1021 2144 otoo,
1051 2068 1133 2152 qnod

70 2174 195 2239 auditur
228 2175 435 2260 videturque),
461 2175 584 2253 voltu,
621 2177 715 2240 nutu
825 2174 992 2258 prodest.
1040 2176 1133 2255 (Au-

70 2280 170 2360 dita,
192 2280 288 2362 sisu,
311 2281 370 2347 hoc
392 2282 450 2355 est,
470 2282 536 2365 ipss
562 2281 712 2347 audiendo
741 2281 933 2365 videndoque
959 2300 1019 2347 nou
1042 2282 1135 2367 prod·

68 2389 138 2466 est.)
162 2386 293 2452 Deinde
304 2387 401 2452 oratio
422 2380 467 2452 sic
478 2387 562 2471 [cum
573 2387 714 2472 Vogelio]
724 2387 971 2471 interpungenda
992 2390 1056 2454 est:
1078 2388 1134 2454 ita

67 2495 189 2560 uirtus
201 2492 421 2559 utilitatem
436 2493 556 2559 etiam
575 2512 616 2559 ex
633 2494 840 2578 longinquo
856 2496 894 2559 et
910 2494 1037 2559 lateus
1053 2494 1134 2559 fun·

67 2596 130 2666 dit.
155 2598 247 2664 Siue
262 2599 460 2681 spatiatur
476 2601 513 2664 et
533 2618 572 2666 se
595 2600 720 2666 utitur
735 2589 804 2665 suo
824 2599 927 2674 iure,
950 2599 1030 2664 sive
1051 2612 1133 2683 pre·

67 2704 190 2771 carios
212 2705 329 2771 habet
350 2706 648 2784 excessus...‚in
670 2723 894 2789 quocunque
916 2704 1133 2794 habituest

64 2811 231 2891 prodest.
264 2811 426 2889 (Prosit,
448 2807 529 2894 quod
550 2811 685 2877 Haasius
708 2831 724 2877 e
746 2810 832 2876 codd.
855 2812 887 2874 et
908 2809 1041 2891 antiquis
1063 2809 1132 2874 edd.

62 2917 231 2995 revocavit
252 2935 338 3001 aeque
359 2931 488 2999 pravum
509 2917 559 2983 est
579 2921 615 2983 tc
638 2920 657 2999 ξ
682 2919 698 2979 1
721 2935 766 3010 ne
787 2933 854 3001 ego
877 2933 931 3000 pro
952 2934 1021 2981 neo
1042 2923 1133 3001 ego.)

165 3022 234 3089 Ibd.
274 3022 306 3100 5,
345 3022 378 3086 l:
422 3023 633 3089 Poteratne
670 3023 740 3089 illa
773 3021 923 3088 civitas
950 3022 1133 3106 conquie-

56 3144 188 3203 scere,
219 3129 258 3193 in
292 3146 363 3213 qua
393 3129 451 3194 tot
481 3131 637 3214 tyranni
658 3131 781 3209 eraut,
814 3130 903 3212 quot
935 3129 1131 3196 satellites

53 3235 208 3303 essent.
264 3233 470 3318 Nugatorium
520 3235 579 3300 hoc
620 3234 660 3300 ad
706 3234 941 3321 significandam
986 3234 1133 3318 tyranno

47 3354 132 3408 rum
168 3338 399 3405 multitudinem
436 3338 661 3426 (significantur
690 3344 806 3407 'autem
850 3346 882 3408 ol
919 3334 1131 3426 soaeduoosa);

50 3446 166 3533 longe.
194 3446 276 3512 euim
312 3445 395 3512 aliud
426 3448 484 3527 est,
516 3446 636 3511 unum
667 3445 763 3514 fuisse
799 3447 967 3530 licentiam,
1006 3449 1041 3512 ut
1073 3448 1133 3532 ipsi

47 3553 221 3622 satellites
248 3572 303 3635 pro
324 3552 480 3630 (totidem)
512 3553 651 3636 mannis
683 3554 800 3628 essent,
833 3553 912 3637 quod
941 3555 1046 3636 potest
1074 3554 1131 3620 sub

46 3674 125 3727 uuo
150 3661 284 3743 tyranno
306 3657 452 3724 accidere.
499 3658 560 3724 Sed
582 3659 728 3725 mendum
750 3660 877 3726 subesse
898 3654 974 3726 satis
996 3659 1132 3726 declarat

43 3768 134 3851 post
152 3766 264 3831 eraut
277 3764 309 3828 in
320 3764 420 3848 priore
430 3765 569 3831 membro
579 3765 688 3831 vitiose
699 3765 730 3830 in
740 3766 837 3831 altero
846 3763 980 3848 positum
993 3769 1132 3842 essent,

43 3886 118 3956 loro
142 3888 204 3954 quo
232 3888 355 3954 prorsus
384 3869 512 3936 licenter
539 3871 571 3936 in
586 3871 725 3937 ‘editione
746 3871 907 3938 Tarsisina
928 3872 1132 3938 substitutum

46 3979 234 4064 posteaque
255 3975 308 4041 diu
328 3977 484 4043 retentum
517 3978 566 4044 est
587 3977 694 4058 (etiam
716 3976 797 4061 apud
818 3965 981 4043 Erasmum
1004 3979 1036 4044 st
1058 3979 1131 4063 Lip-

50 4086 159 4162 sium)
193 4084 311 4151 eraut.
370 4082 469 4166 Atqui
503 4083 570 4167 ipse
601 4084 710 4150 modus
753 4080 973 4151 condicionalis
1011 4085 1132 4150 'comam

57 4188 204 4255 ostendit
225 4188 394 4275 corrigendi
416 4189 507 4264 siam
564 4188 766 4257 scribendum
799 4191 847 4256 est
873 4189 970 4255 enim:
1002 4189 1039 4254 iu
1061 4206 1133 4274 qua

58 4297 126 4360 tot
163 4295 318 4381 tyranni
350 4294 472 4371 eraut,
507 4297 598 4380 quot
628 4295 724 4358 sotis
759 4294 959 4362 satellites
992 4298 1130 4363 essent.

64 4399 149 4467 Satis
192 4403 314 4486 poterat
344 4401 441 4467 videri
472 4401 637 4485 tyranuum
668 4400 796 4485 triginta
826 4401 976 4469 satellites
1009 4401 1131 4469 habero.

71 4502 228 4573 Sententia
249 4508 310 4574 etsi
329 4510 397 4573 tam
417 4507 578 4591 perspicua
597 4506 730 4591 aptaque
752 4509 810 4588 est,
842 4508 878 4574 ut
899 4508 1132 4575 confirmatione
