2662 5046
1003 199 1307 327 ἡΙ

466 641 604 697 Ciceronis
615 641 771 722 'Oretioues
1049 643 1106 704 ’23]

20 844 21 848 ’
86 854 88 860 ’
187 841 255 904 lod.
295 840 349 902 19:
409 839 464 902 Tu
497 857 536 904 es
567 857 586 903 e
619 838 837 924 municipio
873 841 1151 925 antiquissimo

87 947 323 1023 Tusculano,
355 964 397 1009 eu
427 962 496 1026 quo
517 947 609 1010 sunt
628 944 802 1027 piurimae
826 946 987 1012 ismiliae
1009 965 1152 1013 consu·
1224 942 1232 954 '

87 1052 205 1127 iures,
230 1053 269 1116 in
294 1050 435 1135 quibus
457 1052 518 1114 est
537 1050 655 1116 etiem
677 1051 872 1118 Iuventia:
900 1054 960 1118 tot
992 1072 1032 1119 ex
1055 1055 1151 1120 reii-

89 1160 169 1240 qris
190 1156 422 1240 municipiis
452 1157 626 1222 omnibus
657 1161 728 1224 non
753 1162 851 1225 sunt.
895 1159 1023 1224 Fuitne:
1058 1161 1150 1243 plu-

85 1262 185 1328 rimae
222 1263 382 1328 familie
417 1263 644 1328 consuleres
679 1263 731 1340 (in
764 1263 898 1346 quibus
934 1266 996 1330 est
1020 1254 1149 1332 ¹etiem

86 1369 289 1446 inventia),
314 1370 392 1447 tot,
415 1377 561 1452 quater
586 1358 751 1451 reliquis
774 1387 870 1433 mun.
892 1390 918 1434 o.
941 1391 972 1438 n.
995 1375 1042 1438 s?
1081 1372 1148 1457 [Sic

85 1473 284 1558 nanterus]
477 1476 478 1479 ’

182 1581 250 1645 lbd.
269 1581 325 1643 59:
348 1580 436 1645 Haec
458 1580 523 1644 illi
545 1579 649 1645 soleo
671 1580 886 1662 precipere
908 1587 1147 1664 (quemquem

83 1685 129 1749 ad
160 1687 477 1768 praecepte-etus
509 1705 582 1750 uon
617 1687 677 1750 est
708 1684 890 1770 [gravis]),
915 1705 993 1770 quoe
1027 1686 1097 1752 ilie
1129 1705 1148 1750 e

81 1789 173 1855 iove
195 1793 308 1856 crtus
330 1791 412 1855 suis
434 1790 614 1877 praecipit
635 1791 755 1856 filiis:
840 1771 846 1783 ¹

127 1895 378 1981 Vigilandum
413 1901 473 1962 est
505 1915 679 1981 semper;v
704 1896 835 1962 multae
867 1896 1023 1962 insidiae
1047 1898 1147 1962 sunt

965 2003 1090 2077 bonis;

79 2106 214 2172 Nostis
240 2110 387 2183 ceterum
409 2112 556 2173 nonne?

480 2211 661 2296 1d‚quo‹1
683 2215 798 2279 multi
820 2213 1037 2279 invideant:

77 2338 156 2401 quer
178 2319 348 2402 scripsit
378 2319 509 2404 grauis
540 2322 578 2384 et
598 2320 828 2403 ingeniosus
852 2321 980 2402 poete,
1014 2323 1144 2405 scrip·

77 2426 147 2501 sit,
171 2441 257 2490 'non
279 2424 435 2491 utillos
467 2424 606 2508 regios
628 2445 773 2508 pueros
801 2473 871 2491 ...
900 2427 967 2491 sed
994 2431 1036 2493 ut
1063 2476 1072 2493 .
1096 2477 1136 2493 ..

76 2534 231 2596 nostros
264 2531 407 2596 liberos
436 2579 444 2595 .
471 2580 478 2594 .
506 2577 513 2594 .
543 2530 588 2608 ed
621 2532 772 2597 leudem
805 2532 1003 2597 excitaret.
1064 2533 1143 2598 Mire

80 2654 201 2718 semper
227 2636 304 2700 mihi
325 2636 392 2701 viss
416 2637 465 2700 est
485 2635 540 2702 iile
560 2636 695 2703 iudicum
719 2638 926 2721 interrogatio,
950 2638 1037 2722 quasi
1060 2639 1143 2703 dici-

75 2739 132 2804 det
163 2745 269 2806 erutor
298 2759 405 2808 eorum
443 2742 589 2815 scientie,
621 2745 655 2808 et
685 2744 890 2826 proximorum
927 2740 1043 2826 aliquot
1075 2763 1143 2808 ver-

80 2846 185 2911 borum
209 2847 249 2912 ad
270 2845 499 2913 admonendum
521 2847 679 2922 subiectio,
714 2851 800 2933 quossi
821 2850 885 2915 illis
906 2849 1050 2932 quattuor
1071 2867 1141 2913 ver·-

77 2950 126 3016 bis
156 2952 258 3036 magis
290 2953 439 3018 memorie
470 2972 563 3036 quum
590 2956 743 3037 superiore
764 2973 855 3035 uersu
890 2953 956 3036 ipso
978 2954 1141 3028 excitetur3

76 3057 181 3141 itsque
215 3059 294 3122 hano
321 3060 519 3142 grammatici
552 3059 757 3142 suspicionem
786 3061 817 3124 in
850 3054 989 3144 margine
1022 3060 1141 3143 antiqui

77 3164 191 3229 codicis
216 3166 394 3229 annotatam
418 3168 503 3247 puto,
538 3166 717 3232 Ciceronem
750 3168 872 3232 tentum
894 3164 1021 3232 dixisse}
1064 3163 1142 3230 No-

77 3272 153 3336 stis
190 3273 341 3345 oetere3
389 3291 471 3354 queo
515 3272 676 3354 scripsit
826 3272 956 3355 poete,
995 3293 1064 3338 non
1095 3274 1143 3337 ut

75 3378 136 3439 cet.
192 3373 274 3439 Nem
316 3377 448 3442 alterum
484 3378 646 3460 scripsit
681 3380 765 3443 recte
804 3378 843 3443 eb
877 3377 946 3442 eliis
993 3380 1142 3444 omissum

78 3465 160 3561 puto.
204 3478 282 3558 Non,
306 3501 373 3565 quae
395 3484 534 3566 scripsit,
567 3485 671 3549 omnia
702 3503 736 3550 eo
764 3483 888 3550 consilio
918 3485 1050 3568 scripsit
1087 3485 1142 3549 sed

75 3583 140 3651 icc
148 3586 386 3670 ipse.⁴[Pertem
398 3589 620 3657 emendationis
631 3590 815 3673 praecipuem
824 3590 970 3673 precepit
982 3589 1141 3675 Orethus]

175 3691 244 3757 lbd.
270 3693 328 3758 71:
366 3693 617 3772 Quamobrem
640 3695 1140 3778 n'on'debes...praedice1·e

76 3798 193 3863 ritem
209 3816 339 3877 mecm,
360 3819 439 3883 que
454 3800 654 3866 fidelitate
676 3802 884 3866 amicornm
906 3804 1141 3867 conseruate

75 3904 143 3983 sit,
180 3905 425 3971 inimicorum
464 3906 659 3973 modestia
688 3924 765 3971 non
797 3925 881 3972 esse
913 3907 1139 3990 appetitam.

77 4009 139 4076 Sor.
162 4012 335 4076 necessario
362 4013 591 4077 conservata
620 4022 666 4088 οη
708 4030 779 4076 nem
813 4012 869 4077 hoc
904 4012 1011 4077 Cicero
1043 4013 1141 4077 inter·

78 4117 164 4197 ponit
186 4117 374 4182 contrarium
397 4119 482 4184 ialsae
502 4119 549 4183 ilii
571 4117 789 4202 predicationi.
1137 4128 1140 4135 '

173 4222 241 4286 Ibd.
265 4222 322 4286 942:
355 4224 444 4307 'Ego
465 4243 557 4288 vero
579 4225 656 4289 herc
677 4224 813 4301 didici,
842 4224 920 4288 haec
942 4221 1038 4303 vidi,
1061 4223 1140 4288 haec

77 4329 229 4410 scripte
250 4327 346 4411 legi,
367 4328 447 4393 haec
469 4329 512 4393 d'e
535 4330 842 4413 sapientissimis
929 4328 1023 4394 viris
1062 4378 1069 4394 .
1094 4379 1101 4394 .
1126 4377 1133 4393 .

79 4435 322 4499 monumenta
374 4436 485 4500 nobie
536 4435 682 4502 litterae
737 4435 1011 4519 prodiderunt,
1063 4454 1140 4501 non
