2662 5062
334 754 336 757 .
441 709 470 763 L.
491 708 595 764 Seneca
613 709 751 779 Epistola.
1020 712 1079 773 461

60 906 169 992 agendi
204 908 297 973 etiam
331 906 471 971 alteram*
495 907 705 990 gradationem
749 908 921 973 adiunxerit
957 928 975 974 a
1010 930 1124 996 magna

59 1015 145 1095 parto
172 1019 437 1097 (magnopere
468 1013 555 1078 vitae
577 1014 674 1078 male
696 1020 765 1096 ag.)
787 1012 825 1076 ad
847 1014 1014 1079 maximam
1037 1020 1124 1091 (ma-

59 1119 156 1183 xima
177 1117 282 1183 nihil
306 1120 467 1202 agent),
500 1118 539 1182 ab
561 1119 618 1183 hac
641 1118 680 1182 ad
701 1120 798 1182 totam
821 1120 918 1183 vitam
944 1120 1122 1194 ascendens,

59 1242 126 1288 oum
160 1224 335 1306 praesertim
364 1243 424 1289 non
457 1224 749 1309 potueritSeuecae
781 1225 812 1287 in
842 1227 980 1289 mentem
1010 1225 1125 1301 venire,

60 1329 200 1411 quamvis
234 1331 354 1394 austere
376 1328 534 1408 iudicanti,
567 1331 714 1395 maiorem
749 1331 867 1412 partem
892 1331 964 1394 vitae
987 1330 1018 1394 in
1042 1330 1124 1395 male
1154 1344 1157 1350 ·

59 1434 179 1518 agendo
216 1454 306 1518 quam
344 1435 376 1498 in
413 1435 490 1499 nibil
526 1434 645 1520 agendo
677 1436 814 1500 consumi
846 1434 959 1501 dicere.
1017 1435 1124 1519 Neque

59 1540 162 1605 miuus
184 1541 303 1604 certum
326 1542 373 1604 est
395 1558 441 1620 ep.
463 1540 500 1621 4,
523 1539 543 1601 3
565 1540 712 1606 Senecam
735 1541 902 1623 scripsisse,
936 1538 1062 1605 atinde
1085 1540 1124 1603 ab

58 1645 242 1710 Erasmiana
263 1644 360 1710 altera
381 1646 420 1710 ad
443 1645 637 1728 Bipontiuam
660 1646 820 1713 edebatur:
843 1647 1002 1711 Nullum
1023 1664 1125 1728 mag·

58 1768 142 1815 num
179 1751 333 1827 malum,
384 1752 478 1833 quod
515 1755 728 1816 extremum
762 1754 839 1826 est,
873 1769 1058 1834 quamquam
1093 1752 1123 1815 in

60 1855 234 1932 codicibus,
270 1857 361 1920 utin
394 1857 616 1923 recentissimis
649 1857 832 1924 editionibus
865 1858 1032 1939 (praeeunte
1055 1875 1123 1920 raro

59 1963 90 2025 et
116 1961 235 2026 infelici
267 1964 404 2046 exemplo
432 1962 626 2045 Ruhkopfio),
662 1963 816 2028 omittitur
847 1964 923 2027 mal
937 1982 1008 2041 um,
1042 1961 1124 2044 quod

58 2069 127 2149 post
149 2086 326 2151 magnum
361 2068 450 2133 facile
473 2067 594 2133 excidit.
649 2068 730 2133 Nam
752 2086 851 2151 neque
877 2068 990 2132 Latine
1012 2066 1125 2131 dicitur

57 2172 176 2237 ullum
200 2192 379 2256 magnum
400 2191 454 2255 pro
470 2192 515 2247 eo,
537 2172 618 2256 quod
642 2178 689 2239 est
709 2176 915 2258 quicquam
939 2192 1122 2257 maguum

59 2278 228 2361 (magni),
265 2298 362 2361 neque
384 2279 476 2344 mali
509 2299 629 2355 nomen,
665 2280 696 2343 in
733 2299 791 2363 quo
820 2280 924 2345 omnio
952 2281 1123 2349 vertuntur,

58 2383 155 2448 taceri
176 2384 289 2465 potest,
313 2402 409 2467 neque
430 2383 461 2448 id
482 2386 593 2470 agitur,
619 2404 805 2469 maguumne
828 2385 870 2450 sit
890 2405 986 2462 mors,
1009 2384 1062 2450 sod
1085 2403 1130 2449 an

56 2490 174 2553 malum
209 2490 250 2554 sit
286 2491 319 2553 et
346 2509 504 2574 magnum.
564 2490 624 2556 Sed
651 2490 698 2556 bis
731 2491 848 2556 duobus
879 2491 956 2556 locis
993 2491 1123 2572 simplex

56 2594 165 2659 mendi
195 2595 292 2659 forma
314 2597 379 2670 est,
411 2597 509 2663 altero
542 2598 717 2680 permutata
749 2596 878 2661 duarum
912 2614 1018 2660 vocum
1042 2594 1122 2669 sede,

57 2699 157 2764 altero
192 2701 306 2765 omissa
337 2720 398 2765 uua
429 2721 518 2776 vooe;
564 2705 594 2768 in
629 2702 708 2779 aliis,
739 2721 808 2767 cum
842 2701 937 2766 semel
972 2701 1121 2782 offensum

58 2806 150 2878 essct,
185 2804 275 2887 plura
307 2808 432 2872 confusa
462 2810 534 2872 sunt
567 2812 598 2873 et
627 2808 762 2893 graviter
791 2807 978 2889 perturbata
1023 2804 1122 2883 Quam

59 2910 197 2975 Haasius
234 2912 317 2992 praei.
350 2934 378 2996 p.
406 2914 454 2978 Ill
484 2917 515 2978 et
537 2915 580 2977 IV
600 2916 673 2979 iacit
695 2913 899 2995 suspicionem
926 2911 962 2976 de
987 2911 1124 2992 epistolis

58 3034 115 3080 uon
153 3018 192 3081 ab
224 3017 291 3099 ipso
329 3017 444 3084 Seneca
474 3019 564 3084 editis
598 3022 630 3085 et
662 3020 698 3084 de
731 3019 896 3084 subtractis
934 3018 974 3082 ab
1007 3016 1123 3081 editore

56 3122 218 3187 bominum
240 3124 413 3188 nominibus
440 3127 489 3201 (ut
511 3145 557 3207 ep.
579 3124 608 3201 3,
648 3127 661 3186 l
686 3125 778 3190 amici
799 3124 922 3202 Lucilii)
947 3126 978 3188 et
1000 3125 1121 3187 senten-

56 3229 116 3306 tiis,
142 3248 210 3311 quae
232 3229 429 3295 offensionem
451 3230 564 3294 habere
587 3233 721 3312 possent,
744 3248 780 3294 ea
801 3248 872 3294 vero
898 3232 966 3295 tota
988 3229 1124 3293 inaniter

57 3334 130 3400 dcta
154 3336 212 3400 est.
257 3332 365 3418 Neque
396 3335 566 3418 quisquam,
598 3338 649 3418 qui
679 3338 735 3401 bas
758 3335 903 3417 epistolas
933 3336 1072 3419 perlegit,
1096 3334 1122 3397 si

56 3439 151 3505 libere
174 3458 239 3503 rem
266 3441 410 3518 aestimat,
433 3441 574 3505 dubitare
599 3443 710 3525 potest,
733 3442 804 3525 quin
826 3442 932 3506 omnia
953 3442 1029 3517 baeo,
1055 3458 1122 3522 quae

58 3546 94 3610 ad
118 3545 230 3610 Lucilii
252 3549 283 3610 et
313 3546 435 3611 Seuecae
468 3563 616 3629 personas
649 3548 836 3630 pertinentia
857 3550 1030 3630 ponuntur,
1055 3540 1120 3610 uon

57 3651 238 3734 singulatim
273 3669 309 3714 ex
341 3653 471 3718 veritate
512 3671 615 3716 rerum
651 3655 787 3717 actarum
824 3653 942 3726 tracta,
988 3651 1042 3716 sed
1083 3650 1121 3714 ad

58 3755 256 3838 epistolarum
289 3756 420 3821 formam
453 3757 634 3823 imitandam
658 3760 690 3823 et
711 3759 748 3823 ad
771 3756 1007 3822 declamandum
1030 3761 1122 3821 acute

56 3862 91 3926 de
113 3861 191 3926 locis
213 3862 427 3927 communibus
450 3866 481 3928 ot
502 3863 541 3928 de
571 3862 699 3928 decretis
722 3862 971 3945 philosophorum
996 3863 1067 3926 dcta
1090 3863 1123 3924 et

54 3967 228 4049 composita
261 3965 332 4045 sint,
366 3969 450 4033 velut
481 3970 512 4034 iu
548 3968 675 4052 epistola
701 3970 794 4033 tertia
816 3968 855 4033 ad
879 3968 1119 4050 disputationem

53 4073 91 4137 de
117 4073 256 4137 amicitia
279 4073 475 4153 ordiendam
516 4093 571 4139 nec
600 4076 699 4159 magis
726 4075 776 4139 bie
798 4074 960 4162 sententiae
984 4073 1121 4154 disputa-

53 4179 215 4260 tionesque
236 4178 332 4243 libere
354 4181 510 4263 soluteque
534 4179 770 4264 progrediuntur
790 4181 822 4244 et
843 4181 905 4245 alio
929 4178 1121 4244 transferun-

51 4289 103 4350 tur
125 4303 219 4368 quam
251 4285 282 4348 in
311 4285 421 4350 ceteris
452 4285 574 4350 Senecae
596 4285 697 4362 libris,
735 4285 794 4349 uisi
823 4286 904 4368 quod
928 4286 978 4350 hic
1000 4301 1121 4367 quoque

51 4393 86 4455 ut
108 4392 140 4454 in
165 4390 369 4472 quastionum
404 4391 589 4455 naturalium
611 4390 697 4455 libris
720 4409 781 4454 una
803 4394 834 4455 et
856 4391 953 4455 altera
977 4410 1011 4454 ex
1034 4388 1119 4453 lolio·
