2648 5084
436 672 531 741 Soripc
551 672 622 726 Hinc
642 674 709 743 lug„
1001 674 1063 737 649

40 873 228 938 contrariam
259 875 353 936 notai.
419 871 540 946 (Castra
573 872 611 936 ud
644 872 848 938 defendendas
880 875 972 940 urbes
1005 875 1106 956 posita

40 980 239 1054 nullomodo
263 982 368 1043 contra
390 978 480 1043 urbes
503 979 604 1062 posita
629 978 688 1042 dici
710 981 860 1059 possunt.)

144 1085 208 1149 lbd.
223 1084 279 1149 212
301 1085 499 1168 ingentem
516 1103 653 1168 parans
675 1085 826 1160 fossam,
849 1104 918 1167 qua
939 1085 1107 1151 deiectis

37 1193 76 1256 in
100 1188 245 1257 saltum
273 1190 435 1256 naribus
462 1192 546 1256 loca
572 1190 867 1256 Sirmiensibus
893 1190 1106 1273 profutura

37 1299 229 1362 siccaret.
284 1297 370 1376 Quod
394 1300 464 1364 ante
486 1298 589 1361 omnia
611 1295 780 1360 iaciendum
808 1301 882 1367 erui,
916 1302 952 1363 ut
972 1299 1011 1361 in
1034 1297 1106 1362 Sa·

39 1423 128 1468 vum
152 1404 346 1479 scriberetur,
379 1421 449 1467 curn
471 1404 536 1486 ipse
558 1404 762 1477 annotassem3
800 1405 977 1484 occupatum
1001 1402 1106 1468 vidia

38 1510 166 1574 Clossio.
211 1508 271 1574 Sed
294 1511 412 1575 restani
433 1528 550 1574 nares
572 1509 642 1583 illae,
666 1511 790 1591 quassi
812 1511 880 1592 quis
902 1509 1052 1576 foramina
1074 1512 1106 1574 ei

37 1617 228 1698 spiramenta
249 1615 410 1699 intelliget,
433 1616 565 1698 primurn
597 1615 711 1680 eluvies
734 1618 766 1680 ei
788 1616 930 1681 humores
954 1615 1104 1682 eiusmodi

37 1739 98 1784 non
145 1739 199 1802 per
240 1721 392 1787 foramina
433 1722 555 1798 tenuia,
598 1721 653 1786 sed
686 1722 786 1806 plenis
822 1723 973 1788 fossarum
1009 1721 1105 1788 alveis

37 1829 222 1909 egeruntur,
255 1827 363 1893 deinde
386 1844 475 1892 nares
497 1830 531 1892 ei
557 1827 708 1917 foramina
729 1847 788 1894 nou
810 1830 841 1893 in
864 1829 976 1893 flumen
1000 1826 1106 1891 deiici-

37 1936 141 1996 untur.
186 1932 385 1999 Scribcudum
401 1934 465 1998 sine
480 1931 571 1997 dubio
587 1934 636 1998 esi
650 1934 816 2019 geminatis
837 1934 954 1999 duabus
973 1933 1103 1998 littoris:

38 2038 209 2103 deiectis
231 2039 268 2102 iu
290 2038 431 2104 Savum
454 2038 660 2104 umoribus.
753 2093 755 2096 .

140 2144 234 2210 Firm.
257 2144 292 2209 3:
322 2144 395 2210 Sed
423 2144 579 2209 eosdem
613 2145 746 2212 denies
779 2151 910 2229 postea
943 2147 1104 2212 Carinus

37 2238 203 2316 mulieri
230 2251 377 2316 cnidum
408 2252 506 2316 dono
537 2251 660 2325 dedic,
693 2271 770 2336 quae
806 2253 951 2319 lectum
980 2272 1022 2317 ex
1055 2252 1103 2317 iis

37 2357 184 2422 iecisse
222 2358 422 2433 narratur,
466 2359 556 2439 qnia
588 2361 624 2422 et
656 2378 753 2423 nnnc
786 2361 907 2424 sciinr
934 2363 977 2423 ei
1010 2359 1107 2423 sciri

6 2540 8 2549 χ
37 2464 136 2545 apud
158 2467 336 2545 posteros
360 2462 461 2527 nihil
482 2464 673 2545 proderit,
695 2468 815 2530 taceo.
859 2467 953 2530 Recio
969 2465 1103 2548 Eyssen-

37 2569 180 2635 hardiius
209 2588 376 2653 pronomen
402 2569 564 2635 relativum
599 2571 636 2635 ad
668 2572 835 2636 orationem
869 2575 901 2636 ei
922 2570 1102 2653 explendam

38 2683 70 2741 et
105 2676 297 2742 vinciendum
329 2675 534 2741 necessarium
568 2681 640 2741 ante
673 2679 759 2760 quis
791 2677 938 2742 excidisse
967 2677 1103 2759 putarim
1222 2660 1224 2671 ’

38 2783 92 2849 sed
116 2765 230 2846 e'xcicic
250 2797 309 2846 non
332 2781 431 2865 qnod
466 2789 552 2858 (nam
574 2800 640 2847 rem
662 2787 792 2866 scriptor
813 2802 871 2849 non
892 2784 1006 2861 iacet),
1049 2782 1104 2848 sed

38 2912 140 2975 quia·
164 2908 236 2953 nam
257 2888 378 2952 feminae
400 2906 511 2954 nomen
533 2890 654 2972 premii.
682 2891 737 2966 (lor
759 2910 837 2974 quse
856 2890 978 2956 auditur
1000 2896 1104 2967 carn.)

37 2994 136 3060 Paulo
159 2999 231 3061 anie
251 2996 343 3060 miror
365 3014 382 3058 a
404 2995 514 3060 Peloro
536 3001 707 3078 receptum,
741 2999 820 3080 quod
849 2996 1110 3080 Eyssenhardtius»

38 3103 170 3167 coniecit
191 3101 405 3179 adductus,
439 3101 518 3184 quod
541 3121 575 3167 eo
597 3104 672 3176 loco.
708 3122 766 3186 quo
788 3104 919 3185 ponitur,
942 3104 981 3167 ad
1004 3105 1103 3167 Aure-

37 3208 156 3273 lianum
189 3206 294 3272 referri
327 3208 448 3290 nequii,
481 3208 519 3273 de
551 3209 622 3273 Iove
646 3210 811 3274 absurdum
835 3214 897 3286 csi;
941 3215 973 3276 et
1001 3211 1104 3292 ipsum

39 3300 219 3399 cognomen,
254 3313 334 3396 quod
365 3313 532 3390 subiicitur,
567 3315 646 3381 lovis
679 3315 874 3382 consulentis
905 3315 1103 3380 coniunctum

37 3421 197 3504 perspicue
229 3421 277 3484 est
309 3438 379 3484 cnm
413 3421 547 3487 sortibus
582 3423 621 3486 ud
654 3423 718 3488 eius
751 3422 902 3506 templum
936 3423 968 3486 ei
995 3420 1101 3485 sedem

37 3525 199 3591 traductis.

139 3630 249 3695 Gaul:
273 3633 313 3696 ln
338 3632 916 3717 ephemeridequadamlcgisse
932 3631 1104 3708 meminis

38 3738 174 3803 Carum
190 3737 525 3804 Mediolanensem
548 3739 691 3812 fuisso,
713 3739 782 3804 sed
805 3740 892 3804 lavo
915 3739 990 3815 (Bl;
1015 3736 1104 3800 ssnP

37 3844 122 3925 avo)
148 3843 247 3907 iuria
269 3845 535 3926 Aquileiensis
558 3845 735 3910 civitatis
756 3845 954 3910 insertum.
999 3843 1104 3909 urunt

38 3951 117 4017 iere:
162 3949 230 4014 sed
266 3949 310 4013 ab
344 3968 411 4015 avo
447 3949 600 4025 (Cosaub.)
642 3950 717 4014 iuri
757 3950 881 4034 Aquil.
918 3950 1107 4015 ciuitatis

37 4059 238 4122 insertum.
283 4055 344 4120 Cur
364 4075 424 4122 non
446 4074 465 4121 u
486 4060 597 4138 patre?
640 4056 681 4120 Ei
701 4057 864 4122 inserimur
884 4057 1012 4133 civitati,
1040 4076 1101 4122 non

36 4164 93 4228 iuri
117 4161 261 4226 civitatis.
306 4162 530 4229 essaffioicur
549 4162 728 4245 perspicue:
771 4163 840 4228 sed
869 4162 1105 4226 alescarco

37 4267 308 4352 Aquileiensis
341 4268 518 4334 civitatis
553 4269 741 4334 insertum
777 4269 857 4347 (albo
881 4269 1101 4345 decurionum).

35 4375 92 4451 (Er
116 4373 201 4438 albo
221 4374 337 4438 lactum
361 4375 409 4439 ssi
431 4375 538 4453 alvo,
558 4378 625 4441 ium
647 4376 758 4451 lavo.)
