2654 5010
511 625 631 688 Tacitus.
1000 625 1061 688 ‘239

137 820 350 889 Historiarum
372 822 424 888 lib.
449 823 488 894 ΙΙ.
512 820 530 882 V
554 821 621 899 (ubi
649 820 688 887 de
716 822 853 888 consitiis
883 824 915 888 et
940 779 1102 889 ratiocina-

31 928 170 992 tionibus
204 927 383 1009 Vespasiani
420 934 450 995 et
484 929 618 994 Muciani
652 930 785 1012 agitur):
823 947 894 994 nec
933 928 1103 1005 referre,
1215 954 1218 959 ·

31 1033 256 1099 Vitellium
299 1053 343 1099 an
388 1033 581 1111 Othonem
626 1034 891 1117 superstitem
936 1032 1115 1099 fortuna.

32 1141 200 1205 faceret.
243 1139 375 1205 Rebus
396 1140 587 1207 secundis
615 1141 737 1206 etiam
766 1140 953 1224 egregios
982 1138 1104 1205 duces

32 1243 1103 1330 insolescer03discordiembis,ignaviam,lurnriem
1134 1302 1135 1306 ,

32 1351 98 1425 (uz
128 1348 317 1437 luxuriem
351 1354 390 1418 et
421 1354 593 1418 suismet
630 1353 750 1419 vitiis
782 1352 1102 1427 alterumbeilo‚

32 1460 210 1522 alterum
233 1458 408 1524 victoria
431 1460 667 1542 periturum.
708 1459 748 1524 Ut
765 1460 908 1524 omittam
924 1459 1104 1542 pronomina

32 1563 99 1628 his
122 1563 199 1628 mire
221 1566 379 1649 tamquam
401 1567 440 1629 ab
462 1564 532 1631 aliis
556 1565 719 1630 Vitellium
743 1569 775 1631 et
793 1563 946 1630 Othonem
969 1565 1106 1648 seperari

33 1688 136 1752 neque
168 1671 263 1753 (quod
296 1673 385 1753 pauci
419 1674 535 1750 sciunt)
572 1672 680 1738 Latine
709 1672 863 1756 ignauiam
895 1670 951 1734 aut
979 1668 1103 1735 sortitu·

32 1777 157 1852 dinem,
196 1776 255 1844 boc
286 1780 344 1852 est.
382 1778 459 1844 vitia
498 1781 553 1844 ent
590 1776 719 1843 virtutes
757 1795 844 1843 esse
883 1776 1009 1841 alicui
1042 1774 1104 1840 dici

32 1901 90 1964 pro
114 1901 159 1960 eo,
182 1883 264 1966 quod
287 1889 334 1949 est
363 1904 450 1951 esse
483 1884 522 1950 in
551 1884 707 1967 aliquo,
740 1884 810 1966 quis
833 1901 892 1947 uon
916 1882 1025 1948 leviter
1046 1881 1103 1946 ad-

32 1989 172 2054 monitus
205 1991 301 2055 sentit
328 1992 462 2056 inaniter
497 2007 622 2071 prorsus
651 1989 722 2068 dici,
759 1991 840 2055 iuter
873 1985 1034 2054 Vitellium
1071 1990 1105 2050 et

33 2095 191 2160 Othonem
214 2094 402 2163 discordiam
423 2098 514 2162 esse?
559 2097 718 2161 Postremo
747 2094 825 2161 illud
846 2095 1021 2161 suismet
1042 2094 1102 2157 vi·

32 2201 111 2267 tiis
132 2201 297 2268 manifesto
319 2203 503 2269 contrarium
525 2201 649 2285 ponitur
670 2201 756 2267 vitiis
780 2205 810 2266 et
832 2199 975 2267 interitus
992 2199 1102 2274 causis,

32 2326 105 2390 quae
126 2307 157 2370 in
179 2307 248 2373 eliis
270 2309 342 2373 sint.
385 2309 483 2374 Recta
502 2310 657 2374 sententia
678 2315 710 2375 et
730 2308 828 2374 oratio
852 2309 917 2373 btec
939 2306 1014 2372 erit:
1035 2303 1103 2371 dis·

32 2412 148 2481 cordia
170 2413 290 2480 militis.
314 2414 458 2498 ignavia,
481 2415 611 2483 luxurie
640 2420 680 2480 et
708 2413 881 2480 suismet
902 2412 1021 2477 vitiis
1043 2410 1103 2476 al·

32 2524 163 2583 terum
189 2520 314 2592 bello.
337 2520 510 2585 alterum
534 2519 712 2586 victoria
732 2519 967 2602 periturum.
991 2516 1101 2583 Ortum

35 2628 87 2688 est
108 2623 266 2702 mendum,
289 2645 357 2691 cum
381 2627 481 2707 prime
500 2626 605 2691 littera
620 2626 759 2692 vocabuli
784 2625 935 2689 militis
957 2623 1107 2705 superiori

35 2731 186 2797 vocabulo
208 2733 396 2798 adhaesisset.

139 2955 219 3020 ibid.
236 2956 276 3018 76
292 2957 335 3031 (in
353 2957 489 3022 Muciani
504 2955 543 3022 ad
560 2955 782 3040 Vespasianum
806 2952 972 3029 orationem
997 2950 1106 3016 Abiit
1162 2966 1164 2969 ’

36 3063 114 3126 iam
152 3066 190 3127 et
225 3066 503 3129 transvectum
540 3067 602 3127 est
638 3064 812 3143 tempus,
856 3078 929 3143 quo
966 3076 1106 3140 posses

36 3168 171 3233 videri
207 3170 465 3251 concupisse;
503 3168 815 3253 confugiendum
851 3170 913 3232 est
948 3166 993 3230 ad
1031 3165 1105 3229 im·

34 3275 201 3356 perium.
246 3277 372 3342 Frustra
392 3276 458 3342 baec
485 3278 647 3342 Ernestins
677 3274 817 3356 expedire
840 3277 872 3338 et
893 3272 991 3356 Lipsii
1014 3271 1105 3336 dubi-

34 3379 188 3446 tationem
225 3383 334 3448 tollere
371 3386 512 3457 conatum
557 3400 627 3447 nam
663 3400 698 3446 ex
733 3382 788 3456 iis,
824 3398 892 3461 quae
928 3379 1107 3462 praecedunt

36 3487 215 3562 (etiamsi
237 3489 316 3554 tibi
338 3507 451 3572 quam
473 3488 702 3567 inhonestam
726 3490 803 3552 tam
827 3487 912 3550 tuta
935 3488 1113 3550 servitus

36 3598 170 3670 esset),
192 3594 421 3675 apertissimum
443 3596 491 3660 est
513 3595 570 3659 boc
591 3594 771 3660 Mucianum
794 3593 905 3668 dicere,
928 3592 1028 3657 abisse
1043 3590 1106 3655 iam

35 3698 68 3761 id
102 3699 234 3782 tempus,
268 3720 328 3784 quo
360 3703 417 3766 sub
449 3701 551 3782 specie
583 3702 687 3784 aliqua
720 3698 899 3764 innocentia
929 3700 961 3760 et
993 3695 1106 3779 quietis

35 3804 135 3870 latere
168 3805 376 3889 Vespasianus
409 3808 575 3889 potuisset,
609 3803 833 3888 manifestoque
869 3804 930 3867 iam
970 3802 1106 3866 affectati

36 3911 161 3994 imperii
184 3913 312 3978 crimine
335 3932 405 3978 eum
427 3915 607 3995 periturum,
630 3912 691 3977 nisi
706 3912 745 3976 ad
760 3907 922 3993 imperium
939 3904 1112 3990 coniugiat

40 4019 89 4081 Ad
113 4019 193 4084 banc
215 4019 400 4085 sententiam
431 4018 653 4084 accommodari
683 4017 776 4082 verba
803 4033 943 4099 posses
973 4011 1106 4076 videri

38 4124 280 4207 concupisse
307 4124 390 4190 nulio
420 4125 510 4189 modo
540 4124 677 4207 possunt,
700 4123 753 4188 sed
777 4131 901 4206 prorsus
921 4118 1107 4184 contrarium

39 4231 224 4314 significant,
247 4233 348 4298 abisse
370 4233 430 4296 iam
457 4235 590 4311 tempus,
620 4247 679 4319 quo
705 4228 839 4311 suspicio
861 4227 967 4310 aliqua
988 4224 1111 4306 cupidi·

38 4340 114 4402 tatis
135 4338 259 4420 imperii
280 4344 313 4403 in
336 4338 561 4420 Vespasianum
582 4335 690 4402 coniici
711 4341 824 4417 posset.
875 4333 923 4410 ld,
954 4331 1036 4417 quod
1059 4353 1106 4395 re·

38 4443 181 4525 quiritur,
212 4444 363 4510 efficietur
390 4462 453 4508 una
481 4442 587 4508 littera
615 4445 745 4519 mutata
778 4445 813 4507 ut
841 4439 1009 4506 scribatur:
1032 4458 1109 4522 quo
