2662 5062
240 290 304 357 400
595 291 745 350 ninvnn
755 292 868 364 Capll.

200 488 403 573 „quibusdam
424 488 658 557 libris'bdnreti“
681 492 775 559 fuisso
796 491 885 559 rideo
901 491 1049 568 annotari,
1071 494 1269 577 oupieris.

198 595 300 684 Nam
322 595 447 661 etiamsi
489 617 596 682 capere
636 615 759 664 enarres
801 611 937 684 χωρεῖν,
982 599 1158 681 requiratur
1200 618 1269 666 oa·

198 701 341 786 pias.¹)
635 785 640 792 ι
736 751 739 757 .

297 807 365 874 lbd.
390 807 443 883 16,
464 807 486 871 4
507 807 660 890 primum,
693 809 775 893 quod
797 811 911 893 priores
932 808 1064 876 editores
1086 810 1267 889 tenuerant,

197 912 264 978 haee
291 913 402 978 rerba:
448 913 586 980 Omnis
617 915 710 992 illis
738 916 910 998 speratae
930 915 1134 1000 teilonga
1156 916 1267 982 dila·

196 1017 255 1084 tio
278 1022 357 1096 est,
388 1021 576 1108 senteutiam
596 1021 720 1104 plenam
740 1021 895 1109 effitiunt,
926 1021 1133 1106 superioribus
1157 1022 1262 1088 adieo-

196 1128 263 1192 tam
285 1128 443 1191 eteorum
464 1145 620 1192 summam
641 1126 846 1211 colligentem.
867 1132 869 1136 '
889 1128 970 1194 Tum
990 1127 1112 1193 oodioes
1137 1127 1266 1208 habent,

196 1233 233 1296 ut
252 1231 411 1298 riebertus
434 1235 465 1298 et
486 1233 621 1299 Haasins
642 1231 818 1298 odidemnt:
855 1221 921 1299 'Ad
951 1231 1058 1299 illud
1078 1235 1264 1318 tempus,

197 1336 298 1421 quod
318 1339 471 1403 amanti
505 1338 629 1404 breve
651 1340 714 1405 est
747 1340 787 1405 ot
807 1357 987 1423 praeoeps
1008 1339 1264 1423 breviusque

196 1444 323 1509 multo
356 1432 425 1509 suo
458 1444 571 1512 vitio.
615 1443 676 1510 Sed
703 1446 788 1510 reete
810 1443 969 1529 diremptis
990 1443 1155 1510 sententiis
1179 1445 1266 1510 nulla

196 1549 321 1616 omnino
332 1549 515 1633 relinquitur
525 1552 679 1618 structura
689 1551 845 1631 orationis,
861 1570 918 1618 neo
928 1566 1036 1613 amors
1047 1550 1126 1627 (sire
1138 1552 1264 1634 tempus

196 1656 261 1733 sius
283 1655 376 1721 aliam
398 1656 538 1739 quamvis
556 1674 622 1721 rem
635 1656 801 1741 signifiont)
822 1657 986 1740 quiequam
1005 1655 1063 1721 looi
1084 1654 1137 1720 bio
1158 1656 1263 1722 babet.

197 1761 373 1843 Superiores
405 1759 555 1828 edebant:
591 1752 769 1846 tempus,
810 1762 912 1847 quod
945 1762 1095 1846 amant,
1139 1762 1268 1829 breve.

197 1868 275 1943 est,
318 1866 404 1933 salva
444 1870 666 1952 grammatica,
709 1869 863 1934 sententia
903 1869 950 1933 illi
991 1884 1117 1951 quoquo.
1156 1886 1261 1950 praua.

196 1969 309 2055 Agitur
342 1971 426 2037 enim
441 2015 443 2018 >
457 1973 496 2038 de
527 1973 700 2040 hominibus
733 1955 856 2056 tempus
886 1992 948 2041 non
982 1971 1170 2050 amantibus,
1206 1973 1264 2038 sed

194 2075 380 2160 (interdum)
422 2080 661 2159 exsecrantibus,
693 2079 774 2162 quod
811 2078 899 2144 tarde
931 2081 998 2153 eat,
1025 2096 1098 2143 oum
1129 2082 1187 2144 ant
1223 2078 1264 2144 ad

195 2181 366 2266 voluptates
393 2185 541 2253 festinent
572 2189 628 2252 aut
655 2184 746 2250 taedio
776 2185 823 2250 sui
852 2183 1007 2259 laborent,
1039 2184 1262 2267 perspicueque

195 2288 311 2370 aliquid
331 2292 402 2373 poni
423 2292 532 2371 debet,
565 2293 615 2358 oui
637 2291 790 2358 eontraris
810 2287 1036 2374 quodammodo
1057 2290 1100 2355 ait
1121 2291 1261 2357 brevitas

193 2397 356 2479 temporis
372 2400 512 2483 quodque
540 2401 580 2466 ob
608 2402 685 2464 eam'
708 2416 750 2472 eo,
771 2397 906 2479 pravius·
927 2395 1161 2480 perversinsque
1196 2397 1263 2465 fiat

194 2503 412 2593 Soribendnm:
467 2507 519 2572 At
553 2505 660 2571 il-lud
696 2507 871 2588 tempus,
907 2501 1006 2585 quod
1046 2500 1263 2584 damnant,

192 2610 313 2681 breve
345 2613 481 2677 estet
512 2608 693 2696 praeoeps
732 2610 980 2692 breviusque
1021 2605 1152 2673 multo
1190 2626 1264 2674 sno

191 2715 466 2782 ritio.·.n1enoi
498 2716 582 2801 origo
614 2734 651 2781 er
682 2716 705 2778 d
735 2715 832 2781 semel
863 2714 993 2798 soripto:
1036 2707 1137 2797 quod
1173 2731 1261 2779 am·

191 2826 298 2890 nant.

290 2931 359 2997 lbd.
383 2930 432 3005 18,
456 2930 491 2995 1:
521 2928 649 2994 Maior
668 2945 762 3011 pars
790 2927 945 3007 estatis,
967 2927 1077 2991 terte
1099 2925 1262 3007 melior,

189 3037 286 3123 reip.
307 3037 403 3102 data
423 3034 496 3113 sit;
519 3032 975 3118 aliquidtemporistui
995 3048 1105 3097 sumo
1130 3033 1262 3099 stiam

189 3143 277 3216 tibi.
323 3142 419 3208 Serib.
443 3141 517 3204 dato
537 3150 564 3202 et
586 3140 658 3218 (sid.
674 3139 732 3205 vol.
754 3139 769 3203 Ι
791 3158 821 3221 p.
835 3137 934 3217 68).²J
968 3136 1260 3222 §4serr'beudumz

207 3541 228 3610 ¹)
253 3540 319 3612 cap.
338 3545 380 3610 15,
403 3546 421 3600 4
449 3545 604 3613 corruptum
628 3542 671 3596 est
700 3541 811 3595 movet
836 3554 916 3608 prave
946 3537 1146 3609 superpositum
1171 3539 1260 3611 louge

254 3635 372 3704 graviori
401 3634 609 3702 demolitur;
640 3631 686 3688 sed
711 3632 862 3688 emendatio
888 3632 961 3686 certa
977 3646 1031 3685 non
1048 3631 1188 3699 suppetit,
1222 3649 1258 3688 ne

253 3727 403 3799 probabilis
429 3728 551 3799 quidem;
578 3742 641 3782 nam
669 3728 810 3793 maritae,
834 3725 878 3779 iis
902 3729 961 3794 (pro
978 3724 1104 3787 moret,
1132 3726 1174 3778 at
1194 3723 1258 3794 iis)

253 3820 362 3892 tongins
380 3821 503 3878 dissedit.
920 3882 923 3887 Ι

203 3922 224 3991 ²)
252 3923 330 3991 Quod
348 3929 363 3989 ἕ
381 3927 398 3980 3
416 3925 570 3990 Bentleins,
595 3925 639 3979 oni
660 3923 810 3980 assentitur
832 3920 969 3992 Hauptins
992 3919 1007 3975 I
1032 3935 1060 3989 p.
1078 3920 1104 3983 4,
1123 3935 1175 3990 pro
1193 3937 1257 3992 pn·

252 4015 362 4072 blioas
391 4018 472 4073 scribi
501 4018 562 4075 vult
588 4033 712 4083 sacras,
742 4015 885 4071 admodum
909 4012 1029 4068 violenta
1051 4012 1180 4067 mutatio
1210 4018 1255 4069 est

252 4125 308 4175 nee,
328 4109 430 4180 opinor,
449 4111 612 4176 neeessaria3
629 4107 696 4181 reip.
715 4125 819 4181 quoque
836 4106 934 4176 religio
951 4103 1108 4161 debebatur.
