2580 5054
431 673 595 730 Herodotus.
967 674 1006 739 29

80 868 157 938 lbid.
180 871 238 936 28:
267 866 461 958 κεχώρισται
485 871 519 937 δὲ
542 858 641 945 οὗτος
662 866 682 937 o‘
704 865 830 958 χειμών
858 866 940 944 τούς
966 864 1047 957 τρό-

24 999 66 1050 oc
87 979 170 1043 πᾶσι
195 991 279 1044 τοῖσι
303 984 340 1043 ἐν
356 974 486 1045 ἄλλοισι
502 978 648 1064 χωρίοισι
663 983 874 1065 γινομένοισι
898 978 1049 1064 χειμῶσι.

25 1084 111 1150 tinus
145 1085 231 1152 πᾶσι
263 1098 350 1151 τοῖσι
497 1088 705 1171 γινομένοισι
739 1085 879 1172 χειμῶσι
912 1083 1048 1165 expediri

24 1189 64 1255 llo
87 1194 176 1273 pacto
198 1196 314 1274 potest;
345 1194 438 1257 verbo
461 1194 663 1278 χωρίζεσθαι
693 1192 864 1258 necessario
886 1189 1049 1274 genetivus

24 1298 189 1381 ungendus
211 1303 288 1364 erat.
342 1299 417 1364 Post
447 1294 529 1373 τούς
558 1294 707 1384 τρόπους
729 1296 841 1364 excidit
861 1294 1049 1361 adicclivum

24 1402 265 1469 similitudinem
287 1404 464 1488 significans
496 1407 529 1471 et
562 1405 702 1472 dativum
724 1423 852 1490 regens;
885 1402 919 1467 id
942 1401 1048 1468 autem

24 1510 163 1574 ectivum
188 1511 253 1576 eius
275 1510 380 1575 lormae
402 1511 470 1588 fuit,
494 1514 531 1578 ut
552 1512 642 1579 facile
664 1512 735 1596 pest
756 1505 904 1595 τρόπους
924 1510 1050 1593 propter

26 1634 153 1680 eratum
175 1617 410 1682 similitudinem
431 1621 633 1686 omitteretur.
695 1618 850 1700 Scriptum
874 1619 973 1683 luerat
994 1619 1050 1681 aut

24 1715 57 1794 ἒς
80 1717 230 1806 τρόπους
262 1716 532 1809 οἷντίτρσπσς
562 1719 855 1810 (ἄλλότροπος)
886 1741 965 1788 nova
993 1721 1049 1786 ad·

24 1828 80 1893 tivi
124 1831 345 1913 compositione
381 1835 436 1897 aul
471 1827 553 1906 τους
594 1826 743 1916 τρόπους
787 1823 861 1917 ου’χ
904 1820 1048 1914 ὁμοιό-

27 1959 148 2008 οπος

80 2052 158 2119 lbid.
176 2054 237 2116 120
260 2055 311 2132 lde
333 2056 458 2122 consilio
482 2058 666 2141 Scytharum
688 2074 749 2140 eos,
776 2056 830 2138 qui
852 2053 927 2121 belli
950 2050 1048 2117 socie-

24 2179 75 2224 em
101 2160 281 2235 abnuerent,
314 2160 354 2225 ad
376 2161 491 2227 bellum
513 2164 667 2247 cogendip:
702 2166 733 2228 εἰ
754 2157 820 2249 γάρ
842 2157 892 2245 μή
915 2151 1051 2232 ἑκόντες

34 2260 213 2333 υπέδυσαν
234 2261 295 2333 τόν
317 2266 472 2354 πόλεμον
495 2264 556 2336 τόν
573 2265 661 2355 πρός
676 2271 824 2355 Πέρσας,
840 2261 913 2335 ἀλλ’
928 2259 1050 2334 οἷέιιον-

24 2398 38 2446 :
62 2374 309 2460 ἐκπολεμῶσαι.
354 2376 461 2459 Neque
484 2377 621 2442 activum
636 2378 835 2463 verbigenae
851 2375 922 2442 ferri
937 2377 1050 2457 potest,

24 2480 124 2547 ›niam
138 2483 317 2555 necessario,
331 2483 589 2565 quemadmodum
604 2479 789 2560 ὑπέδυσαν,
800 2482 838 2549 ad
851 2480 1050 2566 eoeScythoe,

25 2644 26 2650 ,
63 2595 157 2652 antea
189 2589 366 2653 societatem
401 2589 476 2654 belli
509 2591 747 2664 declinaverant,
781 2591 921 2666 refertur,
950 2605 1050 2669 neque

27 2695 110 2758 istus
152 2694 312 2773 infinitivi,
348 2695 605 2778 scribendumque
648 2699 819 2763 necessario
872 2696 1050 2761 ἐκπολε-

25 2795 212 2868 ἔσεσθαι.

81 2942 116 3014 V,
139 2943 195 3009 31:
230 2938 270 3010 cd
301 2933 335 3017 ἐς
364 2943 459 3010 οἷκον
485 2940 547 3010 τόν
574 2946 733 3028 βασιλέος
755 2937 917 3031 ἐξηγητής
938 2943 1049 3029 γίνεαι

25 3042 191 3136 ηγμοίτων
202 3044 360 3138 α’γαθῶν,
374 3052 428 3117 nul
441 3052 549 3118 ταῦτα
561 3041 601 3118 εὖ
610 3052 806 3135 παραινέεις
817 3043 933 3117 πάντα
945 3075 974 3116 τι.
982 3075 1011 3116 τ.
1021 3052 1048 3116 λ.

27 3175 47 3219 n
65 3156 169 3238 agitur
183 3158 222 3224 de
237 3158 467 3240 interpretando
482 3158 696 3237 enarratione,
720 3158 776 3224 sed
791 3157 829 3222 de
845 3157 1050 3241 proponendis

25 3261 113 3326 inillis
136 3264 167 3327 et
188 3266 219 3328 in
242 3266 345 3330 aulam
362 3270 412 3340 (ἐς
434 3266 530 3332 οἶκον
544 3260 606 3332 τὸν
620 3269 790 3351 βασιλέος)
805 3262 1051 3346 introducendis;

26 3386 87 3449 quo
120 3372 314 3437 scribendum
354 3377 417 3440 ost:
451 3368 661 3460 ἐσυγητής
692 3375 804 3461 γίνεαι
838 3363 1051 3459 πρηγμάτων

26 3475 126 3541 αθών
147 3477 217 3552 (hoc
238 3481 294 3557 est,
318 3481 439 3583 εἰσηγῇ
460 3474 647 3569 πρήγματα
670 3474 818 3567 α’γαθιὲ).

80 3604 159 3675 lbid.
184 3608 243 3669 117
263 3609 314 3686 (de
334 3612 453 3693 oppidis
467 3611 506 3676 ad
521 3611 758 3693 Hellespontum
776 3629 794 3675 a
810 3610 940 3676 Dauriee
957 3611 1051 3676 Persa

26 3712 106 3788 rtis):
129 3708 256 3789 ταύτας
277 3719 344 3801 μὲν
366 3709 419 3782 ἐπ’
440 3711 550 3807 ἡμέρῃ
572 3709 696 3807 ἑυοῖστῃ
715 3727 818 3802 αἵρεε.
848 3717 1048 3783 Scribondum

27 3834 43 3880 e
67 3819 275 3888 dubitatione:
298 3816 352 3889 ἐπ’
373 3818 484 3912 ἡμέρῃ
505 3821 688 3910 ἑκάστην
709 3834 813 3909 αἵρεε.
864 3824 898 3888 In
922 3821 1064 3906 singulis¹

26 3922 101 4005 pidis
135 3929 348 4012 oppugnandis
381 3930 519 4015 singulos
553 3932 617 3998 dies
648 3936 847 4014 consumptos
875 3929 1052 3995 Herodotus

26 4030 72 4106 :ic;
105 4033 291 4099 adieciivum
324 4036 364 4101 ad
395 4039 572 4120 praecedens
601 4056 711 4103 nomen
745 4036 1053 4103 accommodatuma

27 4135 105 4201 rario
128 4141 186 4207 est.
235 4141 301 4221 [Sic
323 4144 384 4208 iam
409 4142 601 4210 Nitzschium
625 4162 736 4209 comm.
759 4143 791 4207 in
814 4143 873 4210 Od.
895 4143 914 4209 Ι
935 4163 965 4226 p.
990 4143 1050 4207 108

27 4242 69 4306 ibi
92 4243 226 4333 voluisse
248 4248 434 4335 admoneor]

80 4383 130 4462 Vl,
157 4385 217 4450 128
241 4389 291 4463 (dc
314 4389 483 4455 Clisthenie
506 4409 578 4474 erga
600 4409 707 4474 procos
729 4389 803 4455 filiae
825 4390 1051 4473 benignitate):

27 4511 59 4554 W
80 4486 145 4576 yo'p
169 4509 299 4584 κατεῖχε
320 4492 443 4584 χρόνον
471 4489 609 4573 αὐτούς,
639 4498 765 4564 τοῦτον
793 4490 909 4564 πάντα
937 4496 1051 4563 ἐποιέε
