2656 5056
447 109 597 164 Iadenece
616 109 752 178 Epistola.
1024 110 1087 173 493

55 329 224 377 versum
268 306 486 372 affectuum
531 308 598 372 sod
635 326 717 373 curn
754 326 824 391 quo
868 310 1130 388 colluctetur;

56 416 130 482 sed
175 414 298 479 omnis
344 411 432 493 plns
467 414 838 497 potestquamvis
876 415 1129 481 mediocrium

57 522 191 596 turba,
211 537 323 602 qnam
344 522 486 600 posset
508 520 622 582 unius
645 520 770 602 magui
800 519 1000 585 violentia.
1033 519 1130 587 Recte

56 627 259 693 intellectum
278 627 326 689 est
348 624 472 690 subesse
492 624 723 690 universam
746 616 962 703 affectuum
984 622 1129 702 coetum,

59 732 144 816 quod
182 748 295 796 nomen
328 748 387 796 non
410 729 575 795 difficulter
607 732 677 813 post
697 730 816 796 litteras
838 733 970 796 ctuum
994 733 1130 797 excidere

62 840 184 923 potnit;
227 837 353 901 verbum
387 835 467 899 malo
505 838 536 899 et
575 836 684 901 soloece
721 837 880 920 supplent,
923 837 1129 920 relinquis.

62 945 158 1008 Latet
180 942 243 1003 dae
270 943 302 1005 in
324 940 388 1005 sed
412 943 483 1005 ante
504 960 595 1007 curn.
651 941 770 1007 Deinde
793 944 896 1008 autem
918 941 986 1006 sed
1007 947 1129 1007 omnis

64 1049 160 1131 (qood
184 1045 316 1111 debebat
345 1064 412 1111 esse
446 1046 476 1110 in
499 1047 706 1113 continuando
735 1047 860 1111 omnis
891 1047 1130 1120 actamnisi

64 1173 158 1238 prave
178 1154 246 1218 lraec
268 1154 454 1236 generaliter
476 1153 513 1218 de
534 1153 617 1218 omni
639 1152 870 1235 cuiusquemodi
902 1172 1004 1218 rerum
1038 1153 1130 1218 turba

65 1260 255 1338 dicerentur,
286 1278 356 1324 cum
390 1258 428 1322 de
461 1277 522 1322 una
545 1258 710 1324 affectuum
733 1261 855 1342 agatur)
877 1258 1047 1323 tollendum
1070 1260 1128 1334 est.

64 1367 265 1448 adscriptum,
298 1365 419 1430 omisso.
442 1367 599 1441 corum,
638 1364 676 1428 ad
707 1365 892 1430 sententiam
916 1363 1130 1429 declarandam
1207 1440 1210 1446 ¹

64 1475 95 1535 et
119 1471 304 1552 explendam
327 1478 411 1548 (ooo
435 1488 545 1535 unum
575 1517 635 1533 ...
664 1468 728 1534 sed
751 1476 905 1547 omnes).
937 1469 978 1533 Et
998 1470 1131 1534 sustule-

64 1582 134 1643 rant
179 1578 242 1641 iam
279 1576 411 1641 editores
446 1577 516 1656 post
546 1575 712 1649 Moratum.
732 1572 792 1657 ¹qui
825 1593 860 1639 ox
891 1574 1034 1640 inferiore
1062 1574 1131 1639 sed

64 1684 206 1749 omnia
227 1686 300 1764 uate
321 1681 459 1765 putebat.
502 1680 554 1745 Sic
577 1681 672 1765 igitur
686 1681 770 1746 locus
792 1681 970 1746 scribendos
992 1681 1129 1747 videtur:

63 1789 289 1870 pracsertim
323 1806 406 1852 cum
439 1787 504 1852 illi
543 1788 871 1853 ...nniversam
917 1774 1159 1852 affectuum

64 1896 198 1958 cretum
234 1894 316 1966 des,
352 1913 433 1957 cum
467 1912 537 1975 quo
577 1893 828 1958 colluctetur.
885 1891 978 1957 Plus
1001 1895 1133 1974 potest

63 1998 242 2080 quamvis
276 1999 530 2065 mediocrium
562 1999 679 2063 turba
712 2001 770 2062 oet.
816 1996 980 2074 (inciderat
1008 1998 1039 2061 in
1068 1998 1131 2062 des

68 2104 233 2179 Gruterus,
256 2105 309 2169 aed
334 2105 394 2170 alio
417 2107 483 2170 loco
505 2104 615 2186 posuit,
640 2123 700 2169 non
724 2122 759 2168 er
781 2104 845 2169 sed
869 2103 958 2178 eruit,
980 2105 1011 2168 et
1032 2106 1132 2168 cetera

64 2210 217 2274 violenter
238 2210 391 2275 tractarit.
433 2212 478 2276 De
500 2200 634 2275 tollendo
655 2209 676 2295 ξ
701 2210 741 2272 10
761 2209 984 2293 impictatis
1008 2208 1131 2274 nomine

64 2314 126 2379 dixi
150 2315 207 2380 rol.
233 2316 247 2379 I
270 2336 300 2398 p.
325 2316 390 2393 63.)
834 2326 836 2330 ’

167 2420 223 2502 Ep.
247 2421 298 2498 86,
323 2423 363 2485 14
396 2421 477 2500 (13):
520 2422 601 2486 Hoc
634 2420 744 2486 nobis
777 2421 951 2503 senibus
980 2421 1132 2486 discere

64 2527 345 2593 necessarium
380 2531 459 2603 est.
501 2545 660 2609 quorum
692 2545 909 2592 remonon
939 2527 1131 2607 ‚olivetum

63 2631 193 2696 alteri
215 2634 341 2714 ponit,
375 2632 474 2715 quod
510 2631 590 2697 ridi
618 2633 728 2696 illum
760 2633 939 2698 arborum
971 2634 1131 2698 trimum

65 2741 105 2802 et
127 2738 371 2820 quadrimum
393 2738 625 2804 fastidiendi
648 2739 795 2804 fructus
811 2743 885 2804 vant
907 2740 951 2805 de
974 2758 1130 2824 ponere.

64 2842 116 2906 Sic
140 2843 258 2909 codices
289 2845 338 2922 (P,
362 2846 421 2920 Ab,
442 2845 516 2913 aliia
560 2846 697 2927 Apparet
718 2850 789 2926 post
819 2868 850 2907 m
884 2846 1031 2911 excidisse
1055 2864 1131 2910 non

64 2951 139 3013 ante
171 2948 405 3013 fastidiendi
438 2951 596 3025 (olivebrm
633 2970 674 3014 er
706 2952 862 3017 arboribus
895 2955 1038 3017 constans
1069 2953 1132 3017 iam
1198 3003 1203 3008 .

62 3053 166 3118 trimis
189 3057 221 3118 et
243 3055 410 3138 quadrimis
426 3059 457 3120 ct
478 3056 540 3121 iam
562 3057 695 3121 fructum
718 3058 776 3122 noo
798 3057 1016 3123 fastidiendum
1030 3059 1129 3122 feren·

62 3162 173 3239 tibus).
207 3161 386 3245 [Erasmuer
409 3162 504 3226 baud
528 3163 674 3242 faetidi
699 3161 817 3226 Deinde
839 3163 917 3245 quod
940 3161 1041 3227 editur
1070 3182 1132 3227 au·

62 3271 197 3331 tumno
220 3267 423 3349 deponere,
447 3267 484 3332 de
508 3271 654 3333 autumno
676 3267 752 3333 nihil
784 3267 860 3344 dico,
884 3268 1031 3333 olivetum
1059 3269 1128 3334 dico

62 3367 124 3436 noo
149 3371 268 3456 deponi,
301 3372 356 3438 sed
373 3373 459 3457 poni.
509 3373 555 3439 Er
576 3374 642 3438 aut
664 3374 709 3439 de
730 3373 766 3437 fit
787 3373 893 3437 auide.
930 3372 1130 3438 scribendum

61 3478 177 3563 igitur:
211 3478 306 3561 qnod
334 3478 413 3544 ridi
440 3478 554 3543 illum
580 3479 760 3544 arborum
889 3478 1164 3562 quadrimum.

61 3605 137 3646 non
173 3583 410 3649 fastidiendi
443 3584 593 3649 fructus
625 3585 737 3647 ovid-e
770 3603 917 3669 ponere.
977 3583 1131 3660 Studium,

62 3689 209 3774 quoniam
247 3689 286 3754 ad
318 3689 452 3754 fructum
509 3690 649 3756 celeriter
694 3690 922 3775 percipiendum
962 3691 1130 3771 spectabat,

61 3797 184 3862 Seneca
204 3814 266 3860 non
288 3795 353 3860 sine
374 3796 445 3860 lusa
466 3795 623 3861 aviditatis
647 3797 767 3862 nomine
790 3796 983 3880 significavit.

165 3901 222 3985 Ep.
245 3900 296 3979 88,
321 3902 354 3965 7:
402 3902 482 3967 Hoc
514 3922 572 3967 me
594 3902 703 3980 doce,
736 3899 922 3986 quomodo
957 3904 1130 3988 patriam
