2656 5056
482 744 569 800 naeu
588 745 714 800 unxores.
793 688 802 711 ⁶
1031 709 1114 807 545⁹
1156 707 1164 727 ⁶
1241 692 1299 845 ζ’

72 962 171 1028 neque
193 945 294 1027 ipsum
316 943 487 1026 polluere
510 946 593 1009 recte
616 942 726 1009 dicitur
743 943 781 1008 de
802 943 937 1009 obscuris
959 945 1133 1023 natalibus3

71 1051 224 1116 diceretur
245 1053 317 1132 apte
340 1049 378 1114 de
399 1050 529 1134 egregiis
559 1050 730 1125 natalibus,
762 1050 817 1116 scd
852 1052 929 1116 tum
953 1069 1052 1116 ausa
1073 1070 1132 1116 nou

71 1155 308 1239 appellarentur.
368 1154 541 1238 Scripserut
561 1155 687 1221 Tacitus
709 1156 774 1221 sine
795 1156 905 1221 dubio:
927 1157 1132 1240 impuden-

70 1261 179 1327 tibus
214 1263 320 1327 ausis
357 1260 557 1325 occulebat
588 1262 636 1344 (et
663 1280 768 1327 eorum
796 1263 977 1328 memoriam
1006 1265 1132 1332 obruere

71 1368 261 1451 conabatur).

172 1474 234 1550 (Dc
257 1475 314 1549 Ill,
336 1473 376 1537 68
400 1473 460 1538 dixi
482 1474 541 1538 vol.
564 1473 580 1537 l
601 1492 630 1555 p.
656 1473 715 1536 148
738 1479 780 1552 n.)
790 1475 816 1551 ¹)

174 1579 239 1645 Lib.
262 1580 316 1657 IV,
340 1581 378 1642 l‘t
401 1579 543 1656 (Seianus
565 1580 777 1663 Agrippinam,
801 1578 975 1645 Germanici
997 1582 1131 1659 uduam,

74 1685 264 1769 liberosque,
298 1705 373 1770 quos
400 1685 519 1753 amoliri
546 1685 681 1761 volabat,
718 1703 834 1750 veneno
861 1684 969 1750 tollere
995 1706 1054 1751 non
1076 1707 1132 1771 po·

72 1793 178 1869 terat.)
221 1792 990 1875 Igiturcontumaciameiusiosactari‚
1024 1794 1131 1883 vetus

71 1900 261 1980 Augustae
294 1899 655 1976 odium,receutem
681 1895 807 1961 Liviae
840 1899 1131 1965 conscientiam
1228 1903 1230 1910 '

71 2004 289 2088 exagitare,
323 2009 363 2070 nt
394 2006 605 2088 superbam
635 2003 894 2089 fecunditate,
927 2005 1130 2071 subnixam

31 2130 34 2135 '
69 2109 327 2193 popularibus
366 2110 510 2176 studiis
548 2097 699 2175 inhiare
743 2108 993 2176 dominationi
1031 2113 1130 2195 apud

70 2215 256 2282 Oaesarem
279 2219 497 2301 arguerent.
557 2217 684 2300 Atque
720 2215 797 2280 haee
819 2215 979 2282 callidis
1001 2218 1130 2283 crimi-

69 2321 288 2396 natoribus,
320 2322 425 2386 inter
457 2340 549 2406 quos
581 2322 785 2407 delegerat
810 2322 953 2387 Iulium
985 2320 1132 2388 Postu-

69 2448 186 2505 mum,
219 2432 277 2494 oet.
334 2428 427 2494 Recte
448 2427 607 2493 limastins
629 2430 722 2512 negat
742 2429 774 2494 in
797 2429 845 2494 bis
868 2428 1012 2494 extremis
1037 2449 1131 2505 ,con-

69 2535 268 2600 structionem
292 2537 346 2599 ant
367 2534 552 2615 sententiam
577 2536 750 2601 constaret
794 2533 874 2600 Nam
896 2533 977 2618 quod
999 2533 1130 2618 Nipper-

69 2640 157 2706 dains
179 2641 259 2705 baec
275 2640 483 2706 accusativum
497 2639 754 2722 penderenuleab
776 2660 907 2725 agere,
930 2641 1008 2724 quod
1023 2641 1127 2705 audia-

68 2748 119 2811 tur
141 2766 177 2811 ex
199 2746 404 2831 superioribus
426 2742 623 2811 insectari
652 2748 684 2811 et
705 2748 930 2831 exagitare,
963 2747 1018 2812 hoc
1040 2748 1128 2830 quale

68 2854 120 2930 sit,
142 2853 265 2923 omnino
288 2871 347 2917 noo
370 2852 520 2934 intelligo,
544 2853 578 2915 ut
602 2869 618 2915 e
640 2853 740 2917 verbis
762 2854 850 2938 louge
872 2853 950 2918 alins
973 2852 1126 2937 significa·

67 2959 163 3024 tionis
185 2964 255 3041 post
286 2968 384 3043 atquc-
405 2957 449 3023 sic
475 2976 588 3023 novum
616 2960 755 3024 sumatur
782 2959 918 3026 verbum.
974 2957 1034 3024 Sed
1056 2960 1128 3023 Aci·

68 3063 143 3129 dalii
167 3065 353 3131 correctione
375 3063 513 3146 (adque
534 3063 636 3143 hac),
665 3083 756 3148 quom
784 3064 942 3130 Ernestins
968 3065 1127 3148 probabat,

67 3172 146 3236 nihil
175 3170 345 3254 proficitnr3
383 3188 479 3254 noque
517 3170 599 3235 enim
638 3170 789 3236 ablativus
816 3172 990 3249 (callidis
1012 3173 1128 3255 crim.)

65 3278 170 3355 babet,
193 3276 241 3342 cui
263 3275 426 3341 adhaereat.
481 3271 589 3360 Itaque
622 3278 769 3343 hactenus
790 3276 959 3362 laudandus
981 3277 1130 3352 Ritterus,

86 3652 108 3715 ¹)
137 3649 168 3706 C.
188 3626 400 3720 71³simpliciter
418 3626 583 3736 restituenda
601 3652 643 3703 cat
659 3649 757 3704 codicis
777 3649 915 3719 scriptura,
946 3667 1025 3720 quam
1045 3666 1130 3721 nuper

137 3746 326 3812 corruperunt,
362 3740 486 3796 nonnulli
516 3739 685 3812 giarissimc,
722 3741 763 3798 bis
800 3741 893 3797 addita
923 3743 1065 3813 negatione
1101 3747 1129 3798 ct

136 3850 230 3890 euersa
246 3836 307 3890 boto
326 3834 469 3889 sententia.
505 3833 566 3889 Non
584 3832 749 3894 decernitur,
775 3833 840 3904 qnid
858 3833 919 3900 flat,
938 3835 1044 3904 quoties
1062 3851 1127 3889 non

136 3928 239 3983 incidat
275 3927 391 3984 morbus.
423 3924 553 3981 ·Liocbat
583 3925 687 3980 flamini
727 3926 802 3981 Diali
833 3926 981 3981 binoctium
1022 3927 1126 3993 abesam

135 4021 260 4092 Augusto
288 4019 408 4090 principe
438 4018 574 4077 demotum
604 4018 760 4088 pontificum
790 4018 910 4085 eddidit,
941 4024 989 4087 ut,
1024 4021 1128 4091 quotics

136 4111 390 4181 vucnooabversa
407 4111 542 4166 flaminem
560 4111 720 4174 incessisset,
740 4110 854 4166 arbitrio
874 4112 1009 4180 pontilicis
1019 4114 1127 4168 maximi

136 4205 242 4262 (lintius
259 4204 376 4270 abesset,
395 4204 458 4259 dum
483 4219 516 4259 ne
541 4203 637 4259 dicbus
655 4203 757 4275 publici
780 4203 911 4271 sacrificii,
933 4209 976 4260 cet
1019 4206 1060 4260 Ex
1077 4207 1127 4262 hac
1216 4250 1217 4253 η

136 4298 292 4367 exceptione
319 4297 406 4352 morbi
432 4313 512 4352 causo
535 4296 666 4367 singulari
694 4295 799 4352 decreto
825 4296 889 4352 data
907 4300 935 4352 ct
952 4297 1023 4352 intra
1041 4302 1126 4359 certos
1214 4348 1229 4379 ὦ

137 4388 204 4443 fines
237 4392 425 4469 comprehensa
457 4388 581 4445 Tiberius
605 4388 740 4455 vincebat,
771 4406 885 4471 annuam
916 4389 1065 4475 absentiam
1093 4392 1126 4447 ob
1161 4380 1165 4391 ¹
1203 4378 1207 4388 ⁸

137 4481 280 4552 provincia
310 4481 569 4538 administrationem
596 4481 701 4536 flamini
727 4497 780 4537 non
799 4483 929 4554 permitti.
966 4484 1036 4553 Quid
1054 4502 1128 4558 aper-

151 4574 157 4588 ·
200 4573 214 4612 o

111 4577 375 4703 maturrume-n.
399 4669 420 4703 u.
843 4620 850 4631 N
893 4675 927 4721 ³5
1029 4656 1036 4667 '

1265 3585 1311 3653 4¹}
