2662 5046
407 715 427 741 ἢ
463 639 540 703 Birt.
559 641 594 699 nd
608 641 724 706 Herma.
886 672 891 679 „
1023 647 1082 710 183

67 839 265 920 accepere
293 837 395 903 utile
423 837 490 918 sit,
522 842 664 921 quanto
693 838 826 905 labore
859 839 912 905 sit
932 845 1123 926 appeten-

65 942 160 1021 dum,
185 943 339 1025 potoris
362 943 597 1011 existimare.
621 942 815 1042 Utilitate
836 944 1005 1029 cognita,
1028 946 1123 1029 plu.

63 1049 166 1119 ritus
201 1047 328 1120 vorbis
361 1047 407 1116 ad
434 1067 514 1116 eam
542 1053 580 1116 te
612 1049 811 1115 adhortari
843 1066 917 1115 nou
949 1053 1007 1115 est
1040 1068 1123 1116 seu·

64 1154 199 1221 tentia
1155 1153 1157 1157 ’

158 1258 294 1338 molv,
311 1260 347 1322 ὃς
367 1257 460 1329 Nam
483 1258 515 1324 si
536 1261 603 1326 tua
624 1259 819 1325 volumina
838 1260 1123 1342 prehenderiut
1250 1318 1252 1321 ,

61 1364 211 1449 antiqui
242 1363 421 1434 oratores
452 1350 639 1446 et'poetae
674 1366 711 1429 et
742 1383 848 1440 suum
881 1365 1046 1449 quisque
1078 1366 1122 1432 de

60 1471 172 1543 libris
195 1469 280 1547 tuis
301 1469 457 1543 tulerit,
491 1468 593 1536 nihil
614 1469 705 1545 tihi,
739 1469 837 1553 quod
857 1481 966 1536 sunm
982 1471 1122 1550 velint,

60 1574 318 1657 relinquatur.
350 1573 401 1640 Sic
414 1573 583 1659 Kayserus,
604 1574 776 1645 infeliciter.
812 1575 1016 1660 Apertissime
1037 1576 1120 1642 euim

59 1669 260 1763 aulologum'
284 1681 316 1766 et
336 1679 428 1745 inane
449 1679 507 1747 hoe
532 1681 590 1755 est,
623 1680 650 1767 si
683 1682 800 1765 antiqui
827 1700 883 1747 soa
904 1679 942 1745 de
963 1678 1051 1744 libris
1073 1682 1121 1748 tu·

59 1787 148 1852 lerint
183 1786 260 1863 (etsi
293 1784 348 1850 hoc
379 1783 490 1853 vitioso
525 1782 653 1850 dicitur:
690 1787 776 1870 forre
810 1805 865 1854 sus
898 1785 936 1850 dc
963 1783 1050 1861 libris
1073 1785 1121 1849 al-

60 1891 185 1969 ouius),
220 1889 299 1955 nihil
330 1889 471 1972 scriptori
508 1890 654 1967 librorum
691 1890 832 1956 relietum
865 1891 920 1970 iri,
962 1888 1042 1973 quod
1074 1886 1122 1952 illi

61 2016 148 2063 auum
170 1996 284 2072 relint3
321 1994 485 2064 dicendum
507 1998 590 2060 eret:
629 1996 729 2080 ‚gquod
750 1996 777 2062 is
799 2015 890 2062 suum
910 1995 1014 2070 velit“‚
1041 2011 1122 2076 quo-

60 2103 142 2169 niam
163 2101 288 2167 illorum
312 2101 415 2167 omnia
436 2102 516 2174 sunt
540 2120 606 2184 quae
630 2101 754 2185 aliquod
778 2102 912 2184 pretium
933 2099 1069 2165 habeant
1090 2098 1121 2162 et

61 2227 112 2291 par
123 2207 272 2291 quaequia
283 2206 403 2289 placere
415 2206 589 2290 legentibus
603 2207 714 2290 possit;
738 2206 849 2273 deinde
863 2225 917 2288 pro
940 2205 997 2267 lili.
1014 2221 1120 2269 omnes

61 2314 179 2379 codices
210 2311 495 2395 exceptissimum
522 2306 637 2377 infimis
668 2312 844 2396 (inquibus
869 2313 974 2376 tamen
997 2311 1046 2376 est
1066 2304 1122 2371 lati

67 2425 221 2498 ...mom
243 2417 358 2484 habent
378 2418 451 2493 isco,
473 2433 527 2499 pro
554 2427 607 2478 rua
627 2417 715 2482 initio
737 2417 846 2498 melior
866 2417 984 2482 familia
1005 2416 1037 2482 et
1057 2418 1120 2480 ter·

61 2526 102 2590 tin
131 2545 247 2589 corun».
296 2523 405 2606 Itaque
432 2522 569 2587 secunda
590 2540 720 2604 persona
740 2521 923 2605 relinquitur
944 2524 1065 2588 tantm
1087 2520 1119 2585 iu

62 2632 115 2692 troi
135 2631 216 2696 aule
235 2626 351 2706 morit,
386 2626 464 2710 quod
489 2627 590 2709 ipsum
611 2626 674 2690 diri
696 2625 840 2692 vitiosum
863 2645 945 2702 osee;
975 2624 1119 2691 etmulti

62 2735 177 2801 calinas
197 2735 292 2799 suis.
338 2731 523 2799 Rectissime
546 2731 643 2815 igitur
664 2731 826 2798 Turnebus
847 2734 879 2796 et
891 2730 1022 2797 editores
1045 2730 1118 2796 ante

61 2840 284 2923 Oualliumpro
312 2836 497 2900 teotoloni
529 2823 753 2913 substituerent
786 2834 1004 2914 sustulerit,
1037 2820 1121 2918 quod

60 2947 126 3014 alibi
147 2962 271 3030 quoqne
290 2942 434 3008 similiter
456 2946 633 3027 corruptum
654 2943 781 3009 memini
801 2942 864 3025 (hic
884 2941 1019 3025 quidem,
1040 2960 1119 3024 prae-

60 3052 182 3118 carente
215 3069 241 3127 s,
274 3049 409 3131 primum
441 3049 556 3121 factum
589 3049 825 3126 retulerint).
883 3046 964 3111 Nam
997 3047 1036 3112 ab
1065 3047 1121 3115 illa

59 3158 141 3223 unius
177 3152 422 3237 exscriptorum
444 3152 551 3218 alienia
585 3153 738 3219 utentium
761 3153 857 3221 turba
886 3151 1118 3234 compellatione

58 3263 166 3343 <onio
189 3262 292 3326 crim
313 3259 387 3325 tibi
409 3260 467 3324 vis
487 3260 560 3335 cet.)
604 3257 685 3332 redit
707 3259 846 3340 ¹scriptor
868 3255 908 3322 ad
928 3259 1119 3341 superiorem

57 3365 318 3446 commemorandi
344 3383 397 3431 eos
422 3364 553 3430 formam
586 3375 737 3441 (vereor
767 3365 1112 3430 ne...venantun...

55 3477 132 3543 siut
159 3471 438 3556 impudenteslt
482 3468 576 3539 Nom
607 3469 640 3536 si
663 3486 792 3534 eorum
813 3467 1008 3534 volumina
1027 3488 1119 3553 pre.

55 3580 263 3646 lendcrint
299 3576 456 3659 antiqui
489 3577 663 3642 oratores
696 3574 736 3638 et
776 3575 898 3656 poetae
941 3577 978 3638 et
1007 3575 1118 3643 'suum

56 3689 218 3769 quisque
256 3683 299 3748 oe
330 3682 443 3747 libris
486 3677 705 3757 correctorio,
743 3678 839 3743 nihil
872 3679 977 3753 istis,
1019 3680 1117 3763 quod

56 3811 160 3857 suum
180 3789 324 3866 velint,
353 3787 610 3868 relinquatur.
655 3783 906 3868 [Sic.Klotuius.]

148 3894 249 3961 Venio
283 3891 327 3958 ad:
354 3891 455 3974 ipsum
488 3888 677 3967 Ciceronem,
708 3889 740 3963 iu
772 3889 859 3954 cuius
889 3880 1013 3975 scriptis
1034 3891 1114 3955 trao-

54 4002 151 4067 tandis
184 4004 219 4066 et
249 3992 424 4066 timcinium
446 3995 534 4078 posui
566 4014 623 4060 nec
657 4013 731 4069 saue
752 3994 860 4063 leviter
880 4001 989 4078 postea
1010 3997 1115 4063 elabo-

55 4107 123 4172 rari
174 4105 237 4170 Sed
268 4106 376 4170 tamen
406 4118 444 4166 ec
477 4093 580 4166 studia
611 4102 681 4183 post
703 4099 876 4174 absolutam
907 4104 1038 4184 primam
1071 4103 1115 4169 Η.
1205 4110 1208 4113 ’

55 4209 174 4276 lrormn
210 4211 248 4275 de
270 4193 384 4274 iirribus
418 4205 584 4275 editionem
618 4209 649 4270 et
671 4205 769 4275 artem
796 4204 940 4278 Latinam
973 4207 1036 4272 lere
1057 4207 1115 4271 tri-

58 4316 139 4397 p'nta
159 4315 269 4381 abhinc
302 4331 399 4379 anuos
421 4312 621 4393 compositam
653 4307 766 4376 sensim
790 4309 978 4387 refrixerant,
1010 4311 1119 4402 auimo¹
