2656 5056
511 701 541 769 Q,
562 700 679 757 Curtius.
1000 790 1008 796 ἱ
1026 704 1085 793 531

64 898 379 965 custodientium
415 897 547 982 lapsus
586 899 660 981 (scr.
696 897 867 984 elapsos)
899 901 1130 971 Damascum

64 1005 158 1071 ante
179 1005 304 1070 lucem
326 1003 467 1069 intrat.
509 1001 619 1088 Neque
643 1024 698 1071 cur
718 1005 836 1084 Mardo,
858 1006 910 1090 qui
929 1009 1045 1089 eadem,
1070 1031 1129 1095 qua

64 1115 202 1185 venerat,
234 1111 284 1176 via
305 1110 346 1175 ad
367 1129 447 1184 eum,
481 1129 581 1195 aquo
604 1111 717 1177 missus
739 1114 815 1188 erat,
846 1113 977 1192 redibat,
999 1117 1128 1183 comites

63 1217 229 1294 addantur,
251 1217 450 1301 intelligitur,
476 1236 575 1301 neque
596 1235 651 1283 our
672 1216 799 1284 Mardus
822 1238 839 1284 e
860 1220 1003 1286 manibus
1026 1224 1129 1288 custo·

63 1323 228 1399 dientium,
261 1324 313 1407 qui
334 1323 522 1388 Damascum
558 1341 628 1387 eum
657 1322 819 1403 ducebant,
852 1324 974 1407 elapsus
1009 1327 1127 1394 Dama-

65 1447 155 1494 scum
176 1431 280 1494 tamen
303 1430 374 1494 ante
394 1429 495 1494 lucem
517 1428 620 1494 intret.
653 1427 765 1495 Contra
784 1429 968 1497 Alexander,
981 1432 1018 1498 de
1040 1437 1126 1502 tanta

62 1553 97 1599 re
120 1535 224 1599 oblata
253 1536 353 1601 etde
385 1535 498 1602 litteris
527 1534 567 1600 ad
594 1534 696 1617 ipsum
723 1535 838 1614 missis,
871 1537 933 1608 sed,
950 1538 1126 1621 primumn
1157 1620 1158 1623 Ἴ

64 1641 267 1706 Parmenione
299 1642 409 1719 lectis,
450 1641 620 1707 necessario
661 1642 773 1707 certior
805 1646 871 1708 erat
903 1641 1061 1712 faciendus
1096 1648 1128 1712 et

63 1749 192 1813 nuntius
221 1747 260 1813 ad
290 1767 373 1813 eum
390 1747 610 1831 perducendus.
667 1748 776 1831 Itaque
803 1747 942 1814 Curtium
965 1751 1140 1840 scripsisse

62 1853 186 1953 opinor:
216 1853 391 1920 Mardum
415 1854 496 1920 dat
466 1856 522 1920 trs
543 1854 757 1950 comitibus
778 1854 823 1919 ad
852 1876 970 1938 nepem
991 1857 1123 1937 mittit,

62 1979 136 2025 cnm
170 1960 274 2025 autem
307 1961 486 2043 paenultima
521 1979 576 2025 vox
608 1939 749 2027 truncata
781 1979 851 2024 cum
891 1961 1022 2034 mittit
1053 1982 1125 2030 coa·

61 2067 174 2131 luisset
159 2066 393 2147 t(remittit)
367 2065 570 2144 tt),additnm
594 2085 661 2132 esse
683 2065 818 2149 prodit
824 2085 926 2132 orem
949 2068 1005 2147 (ad
1038 2082 1125 2152 pro·

62 2171 236 2237 ditorem
268 2172 467 2250 remittit).
504 2171 560 2245 si,
594 2173 629 2236 ut
659 2172 691 2237 in
718 2171 871 2238 codicibus
907 2175 970 2252 est,
1000 2172 1123 2240 Curtius

63 2278 199 2361 scripsit,
222 2278 302 2344 male
317 2297 398 2352 eum,
421 2278 499 2362 quod
520 2279 655 2363 legisset,
678 2277 862 2344 intellexisse
883 2280 965 2362 puto.

164 2385 230 2451 bib.
252 2386 306 2464 IV,
330 2384 369 2447 12
390 2386 433 2463 (3,
469 2385 516 2462 4):
560 2384 716 2467 lamque
748 2404 820 2450 uon
848 2385 957 2452 modo
986 2386 1123 2453 Macc-

62 2491 204 2557 donum
227 2495 377 2569 turres,
412 2490 617 2557 sedetiam
650 2509 799 2555 summa
829 2479 1013 2558 tabulata
1033 2511 1123 2559 con-

61 2599 252 2679 ceperant
293 2597 430 2681 ignem.
489 2594 558 2660 Non
597 2598 725 2679 possunt
756 2597 821 2661 haec
855 2599 1007 2663 contraria
1040 2599 1123 2680 poni,

61 2704 208 2788 quoniam
241 2721 363 2768 summa
389 2702 529 2768 tabulata
560 2702 695 2785 ipsarum
723 2702 860 2768 ,turrium
889 2706 970 2769 sunt.
1026 2703 1123 2769 Scrib.

60 2810 221 2892 Iamque
251 2827 320 2874 non
344 2796 451 2874 mod'o
477 2811 562 2869 imoe
582 2806 841 2873 Macedonum
863 2811 1012 2887 turres,
1045 2829 1070 2874 s.
1093 2828 1120 2874 e.

59 2936 85 2981 s.
108 2917 130 2980 t.
154 2934 181 2980 c.
203 2917 344 3000 ignem.
381 2913 503 2980 Excidit
523 2913 605 2979 imae
626 2914 699 2978 ante
721 2932 790 2978 ma.
830 2990 832 2993 .

163 3022 230 3086 Ibd.
247 3021 343 3099 35<9,
356 3020 406 3099 2);
429 3020 628 3086 Bactriani
641 3019 872 3104 Scythaeque
887 3019 1023 3085 etIndi
1039 3039 1123 3086 con·

59 3122 270 3204 v'enerant3
292 3145 376 3192 nam
402 3129 439 3192 ot
460 3128 677 3192 ceterarum
695 3125 874 3210 gentium
897 3125 1016 3208 copies
1041 3120 1124 3209 par-

58 3233 172 3299 tibus
194 3233 310 3299 simul
338 3232 557 3298 affuerunt.
580 3231 676 3296 Scrib.
699 3231 1064 3310 convenerantiom,
1087 3234 1124 3298 et

59 3343 276 3407 ceterarum
291 3340 462 3425 gentium
477 3325 597 3422 copiae
612 3340 670 3403 cet.
693 3335 1123 3404 NeclatuithocAcidalium.
1217 3385 1221 3390 r
1245 3339 1251 3355 '

162 3446 228 3511 lbd.
251 3445 292 3510 38
314 3447 356 3527 (9,
379 3445 433 3524 23)
465 3446 616 3528 perpetuae
638 3443 805 3509 Alexandri
831 3442 973 3524 fomunae,
1007 3462 1074 3527 quae
1096 3443 1125 3508 ei

60 3554 92 3618 in
131 3553 262 3619 summis
300 3541 533 3618 difficultatibus
568 3552 679 3634 praesto
719 3550 795 3625 fuit,
833 3549 980 3632 exemplis
1016 3549 1131 3634 positis⁴

58 3659 185 3725 Curtius
212 3658 316 3735 addit,
343 3658 369 3724 si
400 3659 507 3724 scribis
535 3658 701 3723 credimus:
742 3654 924 3719 Audaciae
956 3674 1124 3739 quoque,

59 3784 136 3849 qua
168 3765 334 3831 maxime
366 3766 508 3850 viguit,
546 3764 651 3830 ratio
685 3760 814 3826 minui
841 3762 999 3858 potest,
1032 3761 1124 3844 quia

57 3890 252 3955 nunquam
285 3872 322 3937 in
357 3871 581 3937 discrimen
604 3868 730 3941 venit,
765 3885 811 3932 an
834 3868 979 3933 temere
1001 3867 1124 3932 iecis-

57 3980 131 4044 set.
175 3978 282 4066 Neque
303 3979 382 4042 rotio
412 3977 551 4040 audacio
578 3975 642 4039 ulla
669 3974 726 4050 est,
753 3992 861 4056 neque,
897 3975 1032 4035 miserere
1054 3984 1129 4039 eam*

58 4085 134 4170 quid
167 4085 217 4162 sit,
251 4085 311 4150 nisi
343 4082 482 4168 fingendo
515 4081 656 4164 explicari
688 4081 807 4164 potesta
847 4080 995 4144 maiorem
1028 4079 1122 4144 etiam
1157 4140 1169 4176 a

57 4192 210 4258 rationem
247 4191 355 4257 habuit
386 4189 514 4256 audacia
534 4186 690 4270 viderique
719 4188 842 4270 poterat
869 4203 930 4250 non
958 4184 1124 4251 temeraria
1167 4180 1171 4187 ’

57 4302 184 4383 propter
205 4298 356 4364 fortunam
379 4314 534 4380 nunquam
556 4293 758 4359 deficientem.
798 4291 922 4358 Curtius
943 4291 1122 4374 scripserat:

57 4406 249 4471 Audaciae
281 4423 426 4489 quoque
551 4402 703 4464 miratio
736 4399 858 4464 minui
889 4399 1029 4480 potest.
1057 4388 1124 4462 ut

57 4510 281 4578 admiratio
303 4511 478 4577 coniectura
495 4509 653 4574 invenerat
674 4505 910 4572 Freinshemius.

876 4611 923 4664 ss'
