2656 5056
260 287 318 349 m
622 282 888 352 mmmm

217 481 388 565 turpissimi
422 482 556 548 hominis
589 482 790 548 retineantur.
848 483 985 568 Itaque,
1029 487 1094 552 nisi
1130 484 1270 548 deenen

217 588 358 656 codicum
400 589 585 671 scripturam
620 588 752 653 rotinere
790 588 965 656 malumus
1007 590 1270 673 aberratnmqueir

218 695 348 761 duomm
379 695 565 779 optimomm
600 693 766 779 archetypo
800 698 928 777 putare,
965 715 1006 762 ex
1041 717 1148 763 eorum
1174 695 1270 778 restipi

186 856 189 861 r
218 801 410 867 efficiendum
433 802 497 866 est:
521 800 678 884 quicum
705 800 876 868 convivari
900 821 1024 870 nomo
1049 808 1111 870 cet.
1154 803 1270 869 Facillime

219 926 301 973 error
323 906 397 973 oriri
419 911 541 990 poterat
562 924 598 971 er
618 924 766 972 concursu
788 907 992 991 syllabarum
1028 930 1116 977 cum
1140 912 1171 975 et
1188 910 1269 981 conf·

320 1045 469 1111 lbid81:
493 1047 649 1112 statuit
669 1050 834 1113 sanatus
857 1047 954 1125 hoc,
982 1069 1036 1115 ne
1061 1051 1132 1116 illi
1153 1049 1268 1135 quiden

219 1170 306 1217 esse
328 1150 505 1230 licitum,
534 1152 597 1218 cui
630 1157 892 1219 concesserat
922 1160 1085 1231 omnia,
1117 1176 1136 1222 a
1162 1153 1268 1239 populo
1307 1140 1308 1143 '

219 1259 415 1323 factarum
450 1258 788 1342 quaesitarumque
810 1279 945 1326 rerum
970 1282 1156 1329 summas
1175 1262 1269 1327 imni·

219 1383 348 1429 nuere.
401 1366 493 1430 Rem
521 1364 654 1430 facore
675 1363 713 1429 de
736 1364 855 1449 privato
876 1365 1015 1434 homine
1041 1371 1207 1436 familiares
1223 1385 1268 1450 ope

219 1472 279 1537 sibi
301 1474 427 1555 parante
449 1476 530 1536 recte
554 1472 585 1535 et
606 1472 721 1536 usitate
742 1470 873 1546 dicitur;
904 1491 972 1538 res
1007 1476 1150 1543 facere
1178 1472 1269 1559 (pluat

219 1577 361 1661 numero)
397 1581 450 1641 aut
486 1596 548 1642 res
581 1577 626 1642 ab
658 1577 793 1661 aliquo
827 1577 948 1642 sactae
987 1599 1149 1665 nusquam
1181 1581 1268 1646 dicitu.

218 1684 331 1749 nedum
365 1701 427 1748 res
460 1702 479 1747 a
513 1682 660 1764 populo
688 1682 814 1747 iacta.
866 1685 987 1768 Agitur
1012 1686 1076 1754 hoc
1099 1686 1268 1766 looonpe

218 1790 327 1868 cuniis,
356 1809 423 1873 quae
451 1807 488 1854 er
516 1787 686 1854 licitatione
715 1790 747 1854 et
773 1787 993 1871 redemptione
1018 1795 1141 1877 populo
1162 1813 1180 1859 a
1198 1792 1269 1876 publi·

218 1895 303 1962 oanis
319 1895 479 1961 debentur.
513 1894 670 1977 Scriptum
692 1895 787 1978 igitur
809 1897 925 1961 fuerat:
948 1900 1110 1981 populo
1133 1901 1269 1986 pactam

219 2004 559 2087 quaesitarumque
582 2020 721 2068 rerum.
767 2000 949 2083 Proposito
973 2008 1049 2070 orta
1072 2009 1123 2072 est
1145 2027 1180 2072 er
1199 2005 1269 2091 geui-

219 2113 292 2175 nata
313 2110 426 2181 littera,
449 2126 517 2190 quae
539 2106 686 2189 praecedit
709 2108 874 2185 (omnia).
926 2108 1094 2191 Populo
1116 2132 1166 2178 res
1186 2133 1202 2177 a
1220 2129 1269 2176 oer-

217 2215 338 2280 soribus
361 2216 458 2297 pacta
480 2214 677 2297 quaesitaque
700 2215 795 2288 erant,
818 2232 877 2278 non
899 2232 918 2277 a
940 2218 1109 2296 populo.

317 2355 395 2422 Ibid.
408 2354 464 2419 83:
488 2355 696 2432 Audistis,
713 2355 853 2439 quanti
875 2354 1074 2423 decumas
1090 2358 1268 2443 acceperit

216 2482 234 2528 a
267 2463 429 2529 Docimo
452 2463 617 2543 civitas,
652 2461 788 2528 tritici
817 2460 994 2527 modium
1028 2456 1059 2529 V
1090 2470 1132 2531 et
1156 2482 1267 2531 accos·

216 2569 378 2635 sionem.
412 2567 546 2635 Mirifica
568 2568 634 2635 haec
658 2573 705 2634 est
726 2567 837 2634 oratio:
860 2571 1005 2651 quanti
1033 2619 1145 2634 .....
1168 2569 1267 2637 millis

215 2678 254 2740 et
276 2673 560 2741 accessionem.
611 2675 795 2742 Acestenses
827 2674 971 2740 decumas
1000 2696 1080 2744 snas
1110 2677 1267 2763 acceperunt

214 2782 285 2859 (lroc
318 2780 380 2845 est:
415 2780 542 2846 Docimo
577 2781 693 2846 enormi
725 2781 824 2862 pretio
860 2779 1002 2848 addictas
1042 2785 1107 2868 ipsi
1144 2784 1267 2850 redimere

214 2887 310 2954 coacti
333 2888 419 2962 suut)
449 2886 584 2952 tritici
614 2888 787 2953 modium
810 2878 839 2953 V
861 2889 901 2952 et
921 2891 1114 2959 accessione
1129 2890 1266 2964 (HSlssd.

213 3012 305 3076 quam
343 2991 448 3057 tritico
480 2991 592 3058 Verres
628 2993 660 3057 in
699 2993 869 3060 addicendo
909 2994 1125 3077 ascripserat).
1187 3000 1266 3078 Anna

212 3097 292 3163 hano
314 3099 545 3175 correctionem,
574 3100 718 3184 quoniam
749 3101 812 3166 iam
841 3120 859 3166 a
890 3100 1044 3167 Lambino
1074 3107 1109 3170 et
1131 3100 1265 3171 Schuelrio

212 3204 325 3268 iactam
349 3204 450 3283 video,
473 3205 656 3286 omisissem,
680 3207 738 3273 nisi
761 3207 965 3273 recentissimi
996 3209 1138 3278 editores
1159 3210 1223 3276 inde
1238 3203 1265 3270 ab

210 3309 337 3376 Halmio
372 3311 470 3375 totius
503 3311 563 3375 loci
597 3314 783 3379 sententiam
816 3331 939 3396 prorsus
974 3317 1169 3383 evertissent
1198 3313 1265 3379 urin

208 3416 324 3483 codicia
358 3416 494 3500 alioquin
526 3435 600 3483 sane
634 3419 704 3484 boni
739 3420 824 3504 (Lag.
858 3420 911 3492 42)
951 3421 1068 3486 mendo
1110 3410 1265 3498 (tantun-

207 3525 307 3600 dem)
342 3542 394 3607 pro
426 3525 597 3588 ceterorum
628 3525 789 3591 ronssima
818 3525 971 3607 scriptura
1001 3523 1265 3604 (tanoicemlio

207 3631 378 3697 orationem
400 3628 534 3695 inducto.
585 3629 695 3697 Omnis
722 3633 766 3698 rei
797 3632 924 3715 agendae
946 3633 1062 3702 modus
1086 3656 1145 3720 per
1165 3656 1195 3702 se
1214 3650 1266 3717 per·

260 3938 286 4005 *l
305 3940 321 4009 ξ
339 3940 374 3996 48
393 3947 496 3996 certum
516 3947 559 3995 est
576 3942 736 3998 mendosum
762 3958 822 3998 esse
850 3942 881 3996 in
910 3957 1026 3999 carrum
1057 3964 1172 4003 rernm
1199 3950 1268 4001 inre.

307 4031 356 4085 sed
375 4033 440 4098 quid
459 4036 508 4088 sul·
537 4051 648 4091 rerum
676 4037 752 4091 iure
779 4036 873 4102 lateat,
902 4052 957 4091 non
985 4041 1108 4108 reperio.
1149 4044 1269 4111 (Earum

307 4124 452 4194 muneret)
