2626 5070
344 188 351 204 ⁹
402 111 430 164 L.
451 110 542 166 Senec.
560 111 594 164 ad
613 110 747 165 blanciam.
999 110 1056 173 351

61 311 141 375 nodi:
170 309 249 376 soli
271 328 426 392 semper
457 307 678 393 [cerviensi]
710 309 801 384 sibi,
824 312 1102 376 nutrimentum

62 415 224 482 vitiosum
261 416 299 479 et
331 414 484 490 inutile,
521 417 575 480 aut
596 415 705 479 simile.
753 414 856 480 Unum
879 417 969 482 omisi
993 417 1024 480 in
1048 418 1103 482 hoc

61 523 153 602 capite,
207 522 246 584 de
289 538 348 603 quo
396 517 484 584 valde
528 519 643 584 dubito.
702 520 783 585 Nem
826 521 847 606 ξ
892 523 906 583 1
952 523 1100 588 Marciam

63 623 221 691 Seueea'sic
242 625 423 708 alloquitur:
469 624 584 688 Putre
618 625 706 707 ipse
742 626 986 712 fluidumque
1017 648 1103 694 cor·

62 747 114 808 pus
145 735 181 795 et
213 731 343 795 causis
382 730 554 812 repetita
586 734 755 813 sperasti
792 738 868 797 tam
900 734 1103 799 imbecilla

63 837 199 900 materia
221 836 346 901 solida
369 838 406 899 et
426 840 567 900 aeterua
588 839 789 919 gestasse?
838 838 923 917 Quod
946 840 977 903 in
1000 839 1103 904 codice

64 940 247 1005 iscribitur:
276 945 313 1006 et
335 942 468 1006 causis
493 942 648 1006 -morbos
679 945 880 1024 repetitas
910 945 1101 1026 sperasti,

63 1048 149 1123 putant
171 1047 323 1112 morbos
354 1048 575 1129 interpretandi
609 1066 701 1112 neusa
730 1048 919 1130 adscriptum
945 1048 984 1112 ad
1014 1066 1102 1112 cau-

64 1149 116 1225 ris;
134 1153 164 1216 in
185 1171 244 1234 quo
269 1152 419 1217 morbos
441 1153 602 1234 seriptum,
624 1173 684 1219 non
700 1152 860 1228 morbis,
882 1152 975 1217 habet
985 1152 1102 1236 aliquid

64 1258 188 1337 umpuli3
213 1257 291 1321 illud
318 1258 451 1342 gravius,
483 1258 562 1341 quod
585 1278 673 1323 uerno
705 1259 795 1324 facile
826 1260 872 1323 sic
902 1281 1026 1320 caueam
1050 1278 1102 1342 pro

64 1362 144 1427 norbo
164 1364 278 1444 posuit,
310 1367 356 1438 ut,
389 1366 441 1446 qui
476 1366 588 1446 saepius
610 1368 782 1446 egrotaret,
807 1367 905 1426 carreis
925 1370 1021 1448 repere·
1041 1365 1101 1430 dici

63 1471 154 1542 ponet.
164 1471 187 1545 ¹)
244 1469 354 1551 ltaque
395 1469 525 1532 retorto
560 1470 729 1551 repetita
763 1467 911 1532 Senecam
945 1471 1102 1552 scripsisse

1 1645 3 1653 J
63 1572 185 1653 suspicor,
208 1573 262 1638 sed
284 1572 358 1656 quid
378 1574 409 1637 in
432 1573 563 1638 causis
585 1574 688 1646 lateat,
712 1592 770 1638 non
786 1573 912 1655 reperio,
933 1575 993 1639 nisi
1016 1596 1102 1636 car-

1 1712 3 1761 3
62 1676 102 1737 nio
119 1679 246 1744 morbo
270 1680 470 1761 contemptim
495 1678 579 1751 dixit,
602 1681 637 1741 ut
658 1680 747 1761 epist.
769 1678 821 1753 65,
844 1679 895 1743 22.

139 1784 204 1849 lbd.
228 1784 277 1856 12,
302 1783 337 1847 6:
374 1785 407 1848 L.
433 1783 540 1848 Sulla
569 1782 698 1849 filium
723 1785 865 1862 amisit,
888 1804 953 1850 nee
976 1805 1018 1851 ea
1039 1806 1101 1851 res

5 1924 13 1976 χ
123 1890 276 1966 effecit,
300 1892 342 1952 ut
370 1908 582 1972 cognomen
615 1889 717 1954 illud
751 1910 960 1973 usurpasse
992 1891 1101 1955 saluo

8 2026 13 2067 a
61 1987 248 2072 videretur,
270 1995 369 2078 quod
393 1996 536 2061 amisso
557 1996 647 2060 lilio
670 1995 905 2078 adsumpsit,
928 2016 994 2060 nee
1017 1997 1103 2060 odia

8 2142 10 2168 ,
61 2089 231 2164 lominum
265 2102 429 2176 veritus,
469 2121 623 2184 quorum
657 2103 754 2166 melo
785 2101 863 2166 illae
894 2103 1008 2167 nimis
1042 2121 1101 2165 se-

8 2191 10 2220 ³
61 2203 166 2268 cunuae
190 2225 253 2269 res
276 2212 478 2282 constant,
500 2227 567 2272 nec
589 2207 774 2272 iuvidiam
799 2209 970 2283 deorum,
1010 2225 1102 2290 quo-

20 2311 529 2400 31umilludcrimenerat.
590 2311 1102 2393 Cuiunquaminrnentemve·
1203 2382 1208 2387 ,

20 2411 21 2488 Τ
62 2409 108 2476 uie
138 2420 268 2498 poterat,
302 2417 356 2481 lilii
392 2418 484 2483 Sullae
518 2399 647 2483 mortem
682 2417 831 2491 effecisse,
870 2420 905 2481 ut
937 2435 1103 2501 cognomen

63 2512 147 2597 felicis,
181 2522 262 2603 quod
296 2525 474 2606 postillam
503 2524 681 2605 assumpsit,
713 2525 775 2588 iam
809 2524 871 2588 filio
902 2524 986 2587 salvo
1017 2543 1103 2587 usur·
1146 2563 1147 2566 =

64 2634 130 2696 11881
161 2628 338 2693 videretur?
381 2629 563 2694 Certissima
599 2629 663 2693 baec
696 2627 802 2693 deliria
838 2633 919 2694 sunt.
963 2630 1104 2708 (Omitto,

8 2761 11 2818 3
67 2721 200 2796 licendum
224 2733 319 2798 fuisse
341 2735 447 2800 saluo
469 2735 633 2799 filio...
665 2735 830 2816 amisso).
886 2735 1012 2800 Poterat
1033 2736 1103 2800 effi-

8 2835 9 2838 ’
67 2846 122 2902 ure,
142 2844 175 2901 nt
198 2839 383 2915 (historicis,
407 2843 552 2922 posteris,
584 2841 678 2904 etiam
710 2841 889 2924 aequalibus)
917 2844 988 2924 post
1009 2843 1103 2906 talem

5 2959 6 2962 ’
68 2951 147 3006 utum
179 2944 292 3009 iniuria
324 2944 488 3009 idnomen
511 2945 865 3027 videreturusurpasse;
888 2946 1104 3029 (nequeenim

93 3170 107 3231 ¹t
122 3178 192 3246 lpml
217 3178 337 3234 Plinium
360 3180 499 3244 <mill
528 3182 588 3244 218,
614 3181 666 3234 etsi
690 3181 719 3234 in
743 3181 932 3248 antiquissimo
956 3181 1045 3236 codice
1064 3185 1106 3237 est

122 3277 240 3338 ceorae)
264 3276 292 3326 et
320 3273 464 3342 Vegetinm
488 3289 567 3328 eausa
590 3272 688 3328 dicitur
715 3273 747 3327 de
766 3289 828 3327 casu
846 3277 875 3328 et
892 3273 990 3329 effectu
1010 3273 1105 3328 morbi.

124 3362 191 3430 Apud
219 3364 327 3421 Celsum
352 3364 396 3429 (ele
421 3365 491 3420 med.
516 3366 572 3427 Ill,
602 3370 628 3430 3)
653 3379 744 3418 tonum
760 3386 858 3417 comm
878 3379 977 3418 enomere
995 3366 1107 3434 ponitur

124 3451 150 3507 de
166 3457 210 3522 iis,
235 3458 282 3526 qui
302 3456 387 3512 morbi
415 3473 521 3512 cauum
549 3462 578 3511 et
600 3459 763 3513 occasionem
786 3457 908 3513 cautione
930 3457 1048 3513 ciborum
1068 3458 1107 3511 ri·

126 3547 192 3613 tent,
222 3550 295 3620 apud
322 3549 462 3604 Tibullum
490 3551 516 3611 l,
550 3552 580 3608 8,
603 3552 636 3605 51
661 3549 784 3604 additum
813 3555 909 3604 cotanen
938 3554 1024 3604 lolem
1051 3565 1107 3604 rem

128 3646 219 3708 mutnt3
248 3641 298 3697 hoc
324 3643 396 3696 enim
425 3643 505 3711 poeta
529 3640 602 3706 dicit,
630 3642 827 3697 adolescentem
851 3659 905 3697 non
932 3658 963 3697 eo
987 3642 1107 3697 laborare

128 3733 214 3797 uerbo,
243 3736 291 3805 qui
326 3734 455 3789 sonticam
485 3749 592 3789 mnsam
623 3735 663 3794 (in
693 3734 802 3798 dilectu)
833 3735 923 3790 faciat.
975 3737 1108 3788 Caesaries

129 3816 227 3962 glutus,
262 3828 310 3896 qui
347 3843 379 3881 ex
414 3826 508 3883 rnorbo
544 3827 692 3882 vacationis
726 3842 832 3881 cansam
868 3827 962 3887 hebet,
998 3828 1108 3883 aliunde
1157 3839 1160 3846 '

144 3918 196 3973 uos
212 3936 271 3976 usu.
