2654 5010
246 270 309 334 270
608 267 669 322 un.
687 265 723 320 u.
743 269 809 335 cap.
828 266 875 322 vr.

207 483 342 532 ausum
357 462 395 529 id
411 464 512 548 quod
528 467 698 550 occupat
713 464 870 532 etdeiude
885 464 1267 532 nobilitateetmors

200 581 273 656 (pro
296 572 508 656 inopinate
529 580 656 650 mors).
699 572 783 637 Hinc
804 571 954 639 efficitur:
977 576 1051 638 aut
1071 568 1264 642 ausumid.

205 680 303 765 quod
318 678 671 767 occupnvitnobilitst,
686 679 746 745 sut
762 697 883 756 mors,
900 679 934 743 si
957 677 1176 751 acciderit.
1191 675 1265 741 nnl-

204 785 284 851 lum
304 784 536 869 ignominie
559 778 744 851 continet
765 803 927 852 sensnm
948 785 1010 850 cut.
1067 783 1105 849 In
1125 782 1203 849 bello
1222 784 1270 846 aut

206 896 349 958 conatum
371 891 464 955 etiam
480 889 581 956 minus
597 892 714 958 iustum
730 891 858 957 victoria
871 890 1023 956 nobilitat
1037 890 1095 956 aut
1108 889 1269 974 ignominie

206 1014 331 1063 sensum
353 1015 436 1061 mors
458 995 566 1063 aufert.

306 1158 374 1223 Lib.
396 1156 527 1238 xxvii,
550 1159 580 1237 6,
601 1162 622 1223 8
644 1162 689 1238 (in
711 1161 849 1226 oratioue
870 1160 1120 1238 Valentiniani):
1143 1158 1269 1225 Grati·

205 1281 320 1330 auum
465 1265 504 1332 iu
541 1274 754 1350 augustum
791 1285 947 1332 sumere
991 1264 1269 1331 commilitium

205 1389 299 1453 pero
465 1371 633 1438 familiae
666 1392 742 1438 suae
775 1371 969 1438 laudibus
1003 1371 1267 1452 maiorumque

204 1477 329 1542 fectis
364 1478 660 1560 prestantibus
703 1479 1003 1555 concinentem,
1040 1476 1268 1559 potioribus

204 1580 382 1661 (invidie
421 1588 527 1650 metu
567 1585 734 1663 dicitur)
765 1583 953 1667 protinus
995 1585 1264 1651 surrecturum

205 1689 263 1754 cet
308 1688 415 1772 Neque
448 1709 483 1756 ex
515 1691 661 1758 vocabulo
690 1691 926 1775 potioribus
954 1708 1056 1773 neque
1079 1709 1117 1755 er
1139 1689 1186 1766 iis,
1207 1705 1269 1771 que

206 1794 380 1878 parenthesi
401 1796 609 1874 includuntur,
632 1797 787 1864 sententia
808 1795 874 1862 ulla
894 1796 1022 1863 extundi
1051 1797 1165 1880 potest
1215 1792 1267 1857 Pro

205 1901 454 1985 potioribus,
477 1903 559 1988 quod
581 1903 723 1969 Valesius
753 1922 770 1968 e
797 1903 902 1969 codice
924 1901 1106 1969 colbertino
1136 1899 1268 1983 sumpsit

204 2007 1268 2092 simulsuccreturumscribeus‚incodiceVscribiturpaucibus

204 2113 1265 2196 Efficiturfacillimesfemiliaesuaelaudibuemaiorumque

204 2220 328 2286 iactis
343 2221 636 2304 prestantibus
655 2224 932 2290 concinentem
947 2219 1270 2307 (parciusinnidis

205 2328 310 2392 metu
339 2326 523 2408 dicitur),
557 2329 743 2412 protinus
775 2329 1063 2395 surrecturum.
1102 2325 1265 2393 Modestius

203 2450 237 2498 se
269 2432 421 2498 meierum
453 2434 534 2501 facta
566 2435 692 2502 laudare
723 2435 846 2502 inridiae
875 2439 961 2500 metu
982 2432 1069 2501 dicit
1117 2434 1184 2511 (ra
1206 2451 1267 2515 que

203 2539 384 2622 sequuntur,
408 2558 500 2623 quam
524 2540 655 2607 ridiculo
677 2542 710 2607 in
732 2541 953 2608 recentissimis
971 2519 1160 2606 editionibus
1176 2540 1271 2605 inter·

202 2645 365 2729 pungendo
386 2646 605 2729 discerpantur,
628 2646 729 2714 dicere
751 2647 903 2734 piget.)*)

35 2842 36 2845 ,
304 2772 381 2838 ibid.
414 2772 444 2852 7,
477 2775 514 2840 9:
547 2775 672 2841 Nulla
703 2778 821 2843 uasat
852 2775 987 2842 uectio
1021 2774 1269 2858 pravitatum

62 2948 65 2950 ,
202 2878 304 2963 apud
333 2896 415 2955 eos,
445 2881 528 2964 qui,
552 2881 654 2963 quod
682 2882 746 2948 uel
767 2881 890 2948 inoffi
911 2879 1106 2946 maximas
1128 2879 1267 2963 putant

202 3002 290 3051 esse
311 2985 498 3051 virtutes.
543 2986 595 3053 Sic
616 2986 653 3051 V.
698 2986 803 3072 Neque
825 2987 965 3053 mistio
986 3005 1090 3072 neque
1112 2985 1267 3070 questio

201 3091 388 3173 pravitatum
413 3099 493 3175 (quse
522 3092 704 3158 coniectura
733 3098 806 3160 suut
832 3093 956 3160 Gelenii
978 3098 1010 3158 et
1031 3093 1184 3165 Accursii,
1205 3090 1270 3155 lueo

201 3195 327 3280 quidem
350 3197 388 3261 ab
411 3197 580 3264 editoribus
601 3202 738 3283 recepte)
765 3201 820 3265 aut
848 3218 903 3282 per
932 3218 965 3266 se
991 3199 1058 3265 ulla
1086 3200 1137 3265 eet
1157 3199 1211 3264 ant
1230 3195 1269 3260 ad

252 3537 408 3605 *)1n4‚b
433 3540 516 3594 semel
540 3540 636 3595 saltem
663 3541 798 3611 indignari
826 3540 908 3595 liceat
935 3540 1029 3609 sperui
1058 3538 1093 3594 eb
1122 3537 1265 3595 editoribus

299 3631 475 3687 certissimam
499 3633 604 3688 Gelenii
632 3633 837 3701 correctionem,
865 3648 946 3702 quam
968 3633 1028 3702 ipse
1053 3633 1213 3688 coniectura
1228 3630 1263 3685 te·

298 3738 402 3778 ceram:
439 3726 533 3781 cuius
566 3727 597 3781 in
628 3727 817 3782 summitate
855 3726 1064 3782 occidentali
1100 3725 1262 3781 montibus

295 3819 475 3886 praeruptis
504 3817 651 3874 densetae
680 3820 825 3886 (densita
850 3827 885 3875 et
911 3818 948 3886 V)
969 3820 1152 3876 Succorum
1176 3827 1262 3890 pate·

296 3915 394 3964 scunt
412 3911 582 3978 angustiae.
614 3913 756 3980 Angustiae
780 3912 932 3968 densantur
949 3913 1090 3969 montibus
1107 3912 1264 3984 praeruptis3

294 4005 399 4056 montes
422 4004 555 4072 praerupti
580 4003 751 4060 densitate
770 4007 820 4068 (sic
838 4006 910 4061 enim
928 4006 1030 4076 editur)
1053 4008 1126 4063 mira
1147 4010 1263 4062 monstrt

292 4101 363 4147 sunt.
